4198 6426
726 426 832 490 7ἳ7

1945 432 2261 493 JOANNIS
2290 434 2751 495 LEUNCLM’H

3865 434 3961 501 798

726 542 809 603 gis
844 538 1036 599 (Iliam,
1070 537 1213 605 quod
1248 536 1385 591 idea
1428 547 1511 591 est
1562 538 2008 607 pronuntiatioaie
2064 544 2295 599 Gallica.
2330 549 2367 602 A
2400 532 2645 599 strurum
2673 547 3039 614 Augustorum
3073 547 3400 610 respondere
3419 545 3755 616 \‘ulttnt,quo
3778 562 3838 601 se
3871 548 3964 602 im-

726 633 796 683 Ex
829 629 1213 701 Pachymetio.
1278 632 1594 698 czrterisque
1643 631 1979 692 Graecismon
2045 634 2285 698 Tzit.ki3,

726 724 805 773 vel
835 722 1075 783 Tzincis,
1111 722 1205 776 sc'd
1234 722 1456 792 Tzingis
1484 723 1596 777 Cen
1632 725 1795 778 scribi
1829 725 2009 786 debet,
2083 727 2293 780 ratione

724 813 1180 880 pronuntiationis
1212 814 1444 869 usitataz.
1505 814 1662 870 Extat
1706 815 1840 870 liber
1901 818 2132 889 ,κδ-ιιιοηί
2191 821 2291 871 Ar-

727 924 754 954 u
781 906 908 968 rnii,
939 906 1031 973 qui
1066 918 1118 960 et
1154 907 1467 963 Curchinus
1501 917 1740 972 vocatur,
1776 921 1827 964 et
1879 910 2146 964 Antonius
2175 926 2292 963 rre-

724 997 871 1050 ditur
908 1012 937 1052 a
974 996 1301 1064 quibusdam
1354 1000 1519 1054 fuisse
1578 1000 1755 1054 dictus
1825 1010 1940 1069 post
2010 1014 2287 1071 sumptum

724 1087 1088 1141 monastirum
1127 1089 1409 1143 habitum:
1443 1105 1567 1144 cum
1608 1092 2050 1160 Aythonusidt-m
2106 1093 2287 1146 videa-

722 1189 809 1229 tur
859 1194 982 1233 esse
1040 1195 1160 1233 eum
1218 1181 1495 1235 Antonio:
1553 1193 1605 1237 et
1656 1183 1964 1239 Curehinus
2024 1201 2050 1237 a
2103 1196 2291 1240 saneto

720 1270 955 1335 Georgio
987 1271 1190 1325 factum
1243 1289 1440 1328 nomen
1488 1275 1580 1335 sit,
1647 1279 2106 1343 quemadnmdnm
2154 1277 2291 1331 Cur-

719 1363 864 1417 chini
899 1365 980 1417 vel
1013 1366 1237 1436 Curgini
1263 1369 1518 1422 dicuntur
1554 1368 1719 1421 etiam
1768 1370 1927 1422 hodie
1974 1367 2288 1437 Gcorgiani,

719 1457 811 1522 qui
843 1458 1119 1515 Armeniis
1160 1462 1321 1515 vicini
1359 1476 1388 1515 a
1437 1461 1608 1515 sancti
1667 1460 1883 1531 Georgii
1936 1462 2289 1514 veneratione

716 1549 845 1603 dicti
883 1559 1142 1618 putantur
1183 1552 1497 1621 Georgiani,
1554 1554 1698 1607 sicut
1760 1568 1787 1606 a
1854 1562 2044 1607 saneto
2087 1550 2289 1605 Jacoho

716 1640 1351 1711 JaeohinietJacohitte,
1410 1660 1644 1714 quorum
1708 1644 2029 1713 patriarelue
2088 1658 2282 1697 nomen

717 1732 910 1787 sitiosc
944 1734 1208 1803 scriptum
1236 1734 1428 1803 legitur
1457 1738 1598 1802 apml
1640 1734 1880 1789 Marcum
1914 1734 2142 1788 Paulum
2183 1734 2283 1787 Ve.-

717 1836 899 1880 netum
932 1825 1186 1891 Iacelich,
1222 1842 1318 1895 pro
1351 1825 1621 1888 Catolich,
1679 1827 1773 1895 qui
1820 1826 2133 1881 Catholicus
2181 1838 2281 1881 est.

717 1917 765 1973 Is
806 1920 1039 1990 Aythoni
1093 1920 1230 1975 liber
1255 1935 1452 1973 nomen
1505 1919 1666 1973 habet
1696 1918 1879 1988 Zingis
1926 1918 2087 1988 hujus
2150 1936 2286 1973 non-

718 2012 850 2066 nihil
885 2012 1252 2076 immutatum,
1284 2012 1534 2066 videlicet
1562 2010 1825 2078 Changis,
1855 2009 2008 2099 unde‘
2045 2010 2282 2081 Cangins

714 2107 877 2161 etiam
910 2106 1021 2159 Can
1054 2106 1122 2159 ab
1152 2106 1273 2160 aliis
1302 2114 1549 2161 vocatur.
1603 2104 1808 2161 Chanis
1842 2107 1923 2160 vel
1973 2104 2138 2159 llanis
2169 2106 2281 2175 (as-

713 2198 987 2262 piratione
1022 2197 1170 2268 forti)
1202 2196 1488 2267 appellatio
1529 2212 1790 2268 perquam
1848 2199 2043 2253 usitata
2100 2196 2281 2253 Persis

709 2299 764 2343 rt
797 2289 1013 2344 Tataris
1049 2301 1151 2353 est,
1182 2292 1326 2358 apud
1352 2305 1491 2359 quos
1521 2304 1674 2355 reges
1700 2299 1753 2344 et
1785 2291 2081 2360 principes,
2108 2292 2272 2345 etiam

713 2383 983 2436 minorum
1012 2381 1093 2453 (ut
1124 2381 1231 2434 diei
1263 2382 1422 2451 solet)
1447 2382 1712 2450 gentium,
1750 2380 1966 2436 Chanes
1999 2382 2276 2435 dicuntur:

710 2473 860 2528 rerbi
885 2473 1079 2543 gratia,
1138 2472 1299 2527 Kerai
1356 2472 1530 2534 Chao.
1564 2472 1797 2527 Crimski
1834 2473 2022 2537 Chan,
2070 2474 2277 2543 Precop

706 2565 877 2624 Chan.
918 2563 1083 2635 Νομί
1117 2564 1290 2629 Chao,
1321 2564 1801 2632 SchemhalChan,
1856 2565 2051 2620 Maxud
2098 2567 2274 2633 Chao,

706 2668 761 2710 et
789 2658 905 2723 alii,
936 2673 1167 2727 quorum
1198 2658 1250 2712 in
1291 2657 1581 2714 Annalium
1618 2675 1836 2729 quoque
1891 2658 2277 2729 Snpplemento

707 2751 845 2806 facta
873 2751 1097 2806 mentio.
1131 2749 1219 2806 Sic
1246 2750 1410 2805 etiam
1445 2750 1586 2805 inter
1641 2750 2059 2807 Osmanidarum
2108 2753 2276 2821 majo-

709 2858 795 2897 res
857 2843 909 2897 in
940 2842 1251 2913 genealogia
1312 2843 1535 2912 quidam
1596 2844 1731 2899 Cara
1809 2845 1948 2899 chan
2036 2846 2270 2915 legitur.

705 2949 816 3004 quo
844 2933 1181 3003 significatur
1205 2951 1299 2990 rex
1335 2944 1429 2992 aut
1479 2936 1732 3005 princeps
1763 2937 1932 3007 niger.
1990 2937 2270 2992 Coneimili

702 3024 914 3079 ratione
938 3024 1028 3079 lilii
1057 3025 1366 3094 principum
1398 3026 1733 3095 Chanoglaui
1780 3038 2065 3082 vocantur.
2100 3026 2270 3097 [lepe-

705 3117 842 3171 ritur
868 3119 920 3171 in
952 3118 1196 3173 historiis
1228 3115 1430 3173 Grecis
1448 3127 1501 3172 et
1529 3118 1737 3173 Latinis
1778 3134 1974 3175 nomen
2029 3120 2268 3188 Chagani

700 3208 1054 3280 395-399
1080 3210 1342 3277 Avarum,
1366 3209 1511 3279 quod
1543 3210 1683 3264 idem
1718 3222 1802 3265 est
1830 3227 1954 3265 eum
1985 3213 2083 3266 hoe
2114 3212 2265 3268 Chan

2404 649 2690 704 pet-ateres
2718 639 2960 691 Casares
2986 638 3278 704 appellant.
3308 637 3372 691 Et
3395 641 3630 707 primum
3655 632 3720 694 eo
3749 642 3963 695 tradunt

2398 747 2552 780 usum
2591 728 2985 783 .‘llucltemetem
3048 731 3373 795 secundum,
3401 741 3521 799 post
3576 742 3790 800 captam
3827 733 3959 785 Con-

2394 820 2830 889 stantinpolim,
2892 821 3075 873 sedem
3151 821 3438 874 orientalis
3504 822 3744 891 imperii,
3804 839 3962 891 quem

2393 911 2584 964 imitati
2620 920 2747 964 sunt
2776 911 3047 979 Bajazites
3082 911 3249 971 ﬁlius,
3285 922 3338 965 et
3369 911 3598 967 Sellmes
3627 929 3817 982 nepos.
3847 915 3961 980 Qua

2392 1002 2459 1055 de
2482 1017 2669 1066 causa,
2704 1003 2899 1071 partim
2960 1014 3017 1055 ut
3044 1005 3424 1067 ambitionem,
3457 1008 3652 1074 partim
3691 1017 3749 1061 ut
3777 1024 3964 1077 super-

2393 1094 2669 1148 stitionem
2702 1109 2915 1155 eorum,
2946 1096 3017 1149 ab
3054 1113 3147 1151 esu
3180 1097 3353 1151 suilla:
3373 1097 3812 1165 abhorrentium,
3841 1101 3961 1153 irri—

2392 1185 2545 1240 deret
2574 1188 2809 1242 seaehus
2840 1187 3020 1242 lsmail
3052 1189 3281 1254 primus,
3314 1206 3342 1243 a
3407 1205 3514 1259 quo
3580 1190 3955 1260 Sophinorum

2392 1276 2532 1345 apud
2566 1275 2761 1332 Persas
2813 1278 3113 1345 profectum
3182 1296 3378 1334 nomen
3430 1290 3533 1344 est,
3591 1283 3959 1352 prmpinguem

2392 1369 2535 1420 alere
2572 1382 2801 1435 porcum
2864 1368 3094 1432 solebat,
3129 1369 3218 1423 cui
3252 1385 3452 1424 nomen
3482 1370 3605 1437 ejus
3657 1370 3960 1425 'l‘urcorum

2392 1456 2611 1511 indehat
2636 1456 2918 1526 principis,
2975 1458 3070 1527 qui
3098 1468 3456 1514 tunc.rerum
3497 1462 3812 1531 potiebatur
3846 1480 3862 1517 :
3900 1473 3959 1517 ut

2392 1548 2475 1599 vel
2506 1546 2726 1601 Bunker
2751 1546 2977 1617 Bajazit,
3007 1552 3089 1604 vel
3128 1550 3349 1605 llunlter
3369 1553 3535 1607 Selim
3568 1555 3955 1623 appellaretur.

2394 1639 2634 1707 Denique
2663 1640 3017 1708 Seripbarum
3047 1643 3208 1697 etiam
3251 1644 3467 1697 titulum
3516 1645 3622 1701 sibi
3683 1646 3957 1705 tribuunt,

2388 1738 2443 1783 et
2472 1729 2809 1785 Chalifarutn
2842 1748 3039 1788 nomen
3068 1750 3135 1789 ne
3155 1736 3316 1791 hodie
3347 1738 3567 1806 quidem
3603 1738 3797 1803 \itant,
3819 1740 3960 1791 velut

2390 1822 2742 1887 invidiosum,
2776 1827 3067 1895 potiusque
3099 1836 3418 1896 competens
3445 1829 3609 1883 editis
3631 1828 3958 1884 Mahumetis

2391 1914 2680 1982 sanguine,
2750 1917 3211 1985 quemadmodum
3280 1916 3555 1974 Reinerus
3609 1920 3954 1984 Reineccius,

2389 2003 2597 2060 anticus
2623 2015 2808 2061 uosuer
2840 2009 3067 2076 putavit.
3102 2008 3234 2064 Nam
3265 2010 3353 2066 hic
3384 2027 3605 2082 quoque
3625 2012 3866 2067 Murates
3893 2029 3958 2067 eo

2387 2111 2444 2151 se
2472 2108 2632 2154 ornat
2668 2099 2834 2154 titulo
2856 2101 2909 2154 in
2938 2101 3133 2156 litteris
3150 2102 3217 2156 ad
3251 2102 3635 2171 imperatorem
3677 2114 3954 2170 nostrum,

2384 2204 2612 2256 quarunt
2652 2192 2899 2261 exempla
2932 2192 3065 2256 vidi,
3120 2204 3174 2248 et
3223 2197 3477 2265 superius
3506 2198 3573 2251 de
3606 2198 3709 2251 hoc
3734 2214 3765 2251 a
3801 2199 3957 2251 nobis

2386 2288 2568 2333 notata
2602 2282 2849 2350 quadam
2878 2292 3007 2337 sunt
3038 2284 3090 2338 in
3113 2286 3459 2354 expositione
3509 2302 3801 2341 causarum
3862 2288 3952 2342 dc-

2380 2373 2624 2428 cennalis
2650 2374 2809 2443 lmjus
2834 2375 3152 2446 belli,quod
3186 2379 3331 2433 inter
3395 2378 3673 2447 Sophiuos
3737 2390 3795 2435 et
3855 2380 3953 2436 Os-

2381 2464 2817 2519 manieosadhue
2873 2468 3102 2535 geritur.
3148 2468 3395 2525 Diximus
3448 2470 3618 2534 enim,
3667 2469 3949 2540 Chaliphis

2381 2571 2574 2610 nomen
2606 2557 2917 2628 signiﬁcare
2947 2559 3234 2627 vicarium,
3292 2564 3371 2618 vel
3404 2578 3812 2625 successorem.
3870 2564 3948 2618 re!

2381 2648 2648 2703 lueredcm
2681 2651 2963 2722 prepheta:
2996 2651 3322 2710 Mahumetis
3352 2677 3364 2712 :
3392 2656 3771 2712 etOsmanicis
3835 2673 3947 2726 per-

2377 2754 2601 2794 suasum
2636 2757 2779 2809 esse,
2814 2746 3110 2815 principem
3148 2762 3311 2802 suum
3362 2762 3483 2803 esse
3510 2748 3812 2818 Chaliphen
3851 2752 3946 2803 hu-

2372 2832 2463 2900 jus
2492 2835 2700 2889 sa’culi.
2728 2834 3038 2892 Secundum
3067 2839 3399 2908 Chaliphou,
3436 2842 3722 2908 proximus
3738 2850 3825 2895 est
3850 2841 3941 2895 Sev

2377 2926 2548 2994 riphis
2579 2928 2749 2982 locus.
2792 2929 2883 2985 Sic
2905 2932 3049 2985 enim
3073 2941 3126 2985 et
3150 2931 3446 2999 Cedrinus,
3481 2947 3534 2988 et
3563 2933 3811 2988 Zonaras
3842 2942 3950 2987 tra-

2375 3017 2649 3082 diderunt,
2675 3019 2926 3091 Seriphis
2948 3038 3146 3078 nomen
3178 3027 3321 3095 apud
3370 3026 3795 3081 Mahumetanos
3827 3042 3945 3081 eam

2377 3119 2619 3177 respectu
2647 3110 2927 3182 Chaliphze
2988 3114 3260 3170 rationem
3313 3119 3537 3181 habere,
3600 3133 3724 3186 quae
3786 3118 3949 3173 luerit

2374 3202 2514 3270 apud
2544 3202 2763 3259 Graecos
2795 3206 2925 3259 olim
2966 3208 3191 3277 syncelli
3245 3208 3309 3261 ad
3365 3209 3759 3277 patriarcham,
3823 3225 3945 3263 cum

703 3298 782 3352 vel
816 3299 1065 3353 Chahan.
1097 3295 1230 3353 Nam
1256 3299 1495 3353 Avarum
1532 3300 1645 3354 sive
1672 3300 2042 3355 Cbazarorum
2095 3304 2268 3372 patria
2292 3324 2339 3387 ο
2376 3304 2593 3349 mortuo
2627 3298 2963 3363 patriarcha,
3005 3314 3122 3352 mox
3162 3301 3215 3354 in
3233 3300 3356 3369 ejus
3414 3302 3611 3357 solium
3672 3303 3949 3373 syncellus

700 3390 1074 3446 Chersonesus
1097 3400 1181 3446 est
1205 3389 1458 3457 Taurica,
1494 3408 1612 3459 quze
1649 3392 1915 3461 hodieque
1943 3408 2075 3449 suos
2107 3394 2268 3449 habet

697 3483 987 3537 Chahanes
1017 3500 1031 3536 :
1058 3482 1328 3537 Maximus
1353 3499 1481 3537 vero
1504 3482 1832 3538 Tatarorum
1853 3486 2098 3539 omnium
2124 3488 2264 3542 chan

702 3579 788 3630 cui
830 3577 1063 3647 snljeeti
1098 3588 1228 3632 sunt
1260 3576 1478 3632 Chanes
1510 3578 1714 3639 caeteri,
1749 3579 1950 3648 quique
1982 3578 2266 3635 Chitainus

699 3669 955 3737 appellari
982 3668 1142 3732 solet,
1162 3668 1236 3722 uti
1262 3671 1446 3722 statim
1472 3668 1670 3722 dicturi
1688 3660 1904 3726 sumus.
1930 3670 2266 3724 excellentia:

696 3778 886 3828 causa,
915 3778 1021 3832 qua
1050 3764 1262 3817 eunetis
1292 3762 1414 3817 aliis
1466 3773 1706 3828 praestat,
1747 3761 1848 3817 Ulu
1881 3764 2031 3817 Chan
2089 3766 2265 3817 nomi-

699 3865 876 3917 natur,
905 3858 1003 3910 hoe
1030 3865 1134 3919 est,
1158 3871 1410 3925 magnus,
1437 3856 1515 3910 vel
1578 3856 1755 3924 potius
1790 3856 2041 3911 emelsus
2087 3856 2258 3911 Chan.

702 3948 850 4002 Unde
890 3951 1113 4012 laetum,
1149 3955 1208 4001 ut
1260 3948 1645 4017 Spandnginns
1679 3957 1732 4003 et
1784 3946 1972 4003 Jovius
2019 3950 2261 4004 Cltanem

698 4039 1553 4106 interpretenturimperatorem.
1591 4036 1803 4092 Tui-cici
1867 4054 2088 4109 quoque
2141 4038 2262 4094 Sul-

694 4132 804 4186 taui
832 4143 950 4201 post
973 4132 1265 4186 Osmanetn
1290 4129 1496 4197 Gasim,
1518 4131 1801 4186 sellhanes
1827 4132 1933 4186 dici
1954 4134 2260 4202 voluerunt,

698 4239 751 4277 ut
785 4242 847 4278 ex
871 4226 1181 4295 genealogia
1212 4234 1381 4293 paret,
1418 4224 1580 4292 idque
1610 4226 1843 4277 retinent
1868 4226 1917 4277 in
1941 4225 2257 4281 hodiernum

695 4329 867 4379 usque
896 4312 1063 4367 diem.
1097 4314 1246 4367 Solet
1273 4315 1443 4378 cnim,
1478 4329 1629 4367 more
1677 4314 1967 4383 majorum,
2024 4317 2261 4373 Muratcs

696 4408 795 4458 istc
828 4404 1019 4458 tertius
1038 4408 1141 4457 hoc
1167 4404 1244 4457 uti
1274 4404 1593 4473 plerumque
1628 4406 1784 4460 titulo
1816 4424 1829 4460 :
1859 4406 2046 4460 Sultan
2083 4409 2258 4463 Murat

689 4501 845 4559 clum,
876 4496 1165 4550 binsultan
1217 4495 1384 4550 Selim
1416 4497 1573 4561 cltan,
1638 4498 1964 4566 clnmzuferu
2021 4501 2199 4554 daima
2236 4518 2256 4564 ;

2371 3385 2755 3443 collocaretur.
2780 3388 2891 3444 lloc
2918 3390 3006 3445 die
3037 3408 3164 3445 vero
3190 3403 3405 3453 notum,
3434 3402 3642 3463 quanto
3666 3396 3781 3448 sint
3801 3395 3948 3465 apud

2372 3474 2784 3533 Mahumetanos
2846 3480 2899 3534 in
2930 3482 3159 3546 honore,
3197 3483 3289 3553 qui
3353 3494 3497 3539 recta
3549 3484 3690 3540 linea
3756 3497 3860 3540 tam
3913 3503 3949 3540 ει

2372 3573 2628 3637 propheta
2655 3570 2985 3639 Mahumete,
3018 3590 3181 3644 quam
3208 3576 3275 3629 ab
3309 3578 3418 3643 Ali,
3479 3577 3805 3635 Mahumetis
3850 3596 3950 3647 ge-

2371 3675 2526 3721 nero.
2562 3663 2922 3729 descendunt,
2957 3676 3052 3719 aut
3080 3681 3139 3720 se
3194 3667 3403 3737 lingunt
3462 3669 3818 3727 descendere.
3871 3670 3949 3725 lli

2371 3753 2563 3810 Turcis
2601 3756 2927 3827 Tatarisque
2960 3755 3133 3813 Seithi
3154 3762 3319 3830 vulgo
3350 3762 3634 3827 dicuntur,
3667 3764 3953 3820 Arabibus

2367 3854 2548 3900 autem
2583 3850 2867 3918 Scripltzn:
2922 3866 3062 3919 quos
3093 3854 3329 3908 maxima
3389 3869 3526 3910 sane
3594 3859 3955 3914 veneratione

2367 3946 2528 4003 atque
2555 3937 2901 3993 observantia
2932 3955 3055 3994 cum
3116 3955 3540 4012 prosequantur,
3599 3949 3763 4001 etiam
3830 3950 3955 4017 ipsi

2367 4030 2569 4085 sultani
2607 4031 2964 4100 Seripharum
3000 4036 3365 4103 appellatione
3415 4039 3563 4092 velut
3593 4041 3958 4106 angustiores

2365 4136 2423 4176 se
2446 4123 2672 4178 reddere
2704 4125 2912 4179 volunt.
2951 4124 3031 4178 Ad
3066 4125 3397 4182 Tatarorum
3435 4129 3683 4184 Chanem
3738 4139 3795 4183 ut
3851 4148 3956 4185 re-

2366 4216 2546 4281 deam,
2585 4217 2873 4272 traditura
2930 4219 3209 4290 plerisque
3261 4224 3543 4287 omnibus,
3610 4223 3699 4277 hic
3751 4224 3963 4293 Zingis

2364 4306 2513 4360 Chan
2546 4309 2597 4361 in
2632 4310 2820 4377 primis
2847 4311 3115 4366 claruisse
3142 4328 3287 4367 anno
3310 4316 3622 4370 Christiano
3662 4318 3819 4381 1202,
3859 4321 3964 4372 νει

2366 4402 2524 4467 1205,
2551 4416 2658 4471 quo
2689 4413 2931 4471 tempore
2954 4405 3138 4458 Tatari
3162 4406 3352 4475 jngnnt
3387 4408 3669 4476 Indorum,
3700 4413 3803 4466 hoc
3833 4424 3963 4478 est,

2362 4492 2480 4559 ejus
2506 4494 2667 4560 regis,
2700 4508 2859 4561 quem
2902 4495 2969 4547 ah
3025 4496 3363 4565 aliquotjam
3419 4501 3636 4555 saeculis
3689 4504 3970 4571 Preteja-

692 4590 795 4641 ιιοο
822 4596 924 4649 εει,
964 4586 1216 4639 Dominus
1251 4583 1628 4647 Μηταιιδκχ,
1668 4590 1869 4641 domini
1931 4588 2141 4644 Selim;
2178 4608 2257 4644 γε.
2285 4582 2337 4642 ἶ)
2366 4599 2492 4635 nutu
2521 4584 2636 4638 sive
2688 4588 3063 4654 presbyterum
3119 4584 3385 4642 Joannem
3455 4592 3618 4660 vulgo
3671 4608 3971 4647 vocamus

689 4681 766 4749 gis
788 4680 953 4747 ﬁlius,
977 4680 1285 4733 victoriosus
1318 4697 1541 4749 semper.
1577 4680 1788 4746 Quibus
1819 4683 1870 4734 in
1921 4685 2099 4737 verbis
2162 4685 2257 4738 ob-

687 4786 907 4825 servare
938 4772 1059 4824 Ιὶευι
1087 4769 1261 4825 obiter
1286 4771 1645 4826 imitationem
1690 4772 1997 4831 titulorum.
2056 4776 2256 4839 quibus

688 4866 1045 4932 imperatores
1084 4865 1279 4927 nostri,
1314 4872 1526 4919 veteres
1552 4874 1605 4919 et
1638 4874 1907 4933 recentes,
1970 4882 2168 4922 vocare
2200 4885 2258 4923 se

689 4955 928 5010 victores
955 4970 1019 5009 ac
1054 4958 1504 5023 triumphatores,
1573 4971 1904 5025 semperque
1953 4957 2254 5027 Augustos,

687 5059 1105 5101 consueverunt.
1146 5049 1250 5103 Sed
1287 5049 1387 5103 hos
1423 5049 1611 5103 titulos
1646 5050 1770 5103 aliis
1831 5051 2108 5107 interdum
2160 5054 2257 5107 atl-

681 5140 842 5207 jectis
884 5139 1201 5193 nominibus
1238 5151 1459 5208 augent,
1486 5140 1539 5192 in
1571 5140 1768 5208 quibus
1788 5150 1915 5193 sunt
1966 5141 2137 5209 Emir,
2189 5143 2256 5197 de

684 5247 793 5301 quo
823 5233 1078 5300 superius
1107 5232 1333 5295 dictum,
1364 5239 1418 5283 et
1443 5230 1604 5298 paulo
1638 5242 1762 5302 post
1782 5232 1994 5285 dicetur
2025 5249 2256 5288 numero

686 5326 775 5387 14,
804 5333 860 5379 et
884 5323 1206 5385 Padiscacb,
1239 5325 1383 5392 quod
1421 5323 1606 5377 itidem
1655 5323 1981 5391 explicatum
2019 5340 2033 5376 :
2062 5336 2118 5378 et
2141 5325 2255 5379 Mu-

686 5419 1063 5470 sulmanorum
1090 5414 1415 5479 Padiscach,
1448 5431 1556 5485 quo
1589 5432 1760 5484 nuper
1823 5416 2067 5473 Muratcs
2119 5434 2255 5471 usus

684 5520 763 5562 est
793 5511 843 5561 in
873 5510 1070 5565 litteris
1099 5509 1168 5564 ad
1203 5511 1457 5563 ordinum
1519 5509 1671 5578 regni
1722 5508 1961 5562 Polouite
2011 5510 2252 5572 comitia,

682 5602 924 5654 creamlu
949 5616 1095 5670 rege,
1147 5601 1337 5656 missis
1404 5609 1501 5655 :et
1558 5600 1815 5654 Huneher
1876 5600 1957 5653 vel
2010 5599 2250 5661 lluukcr,

681 5691 828 5759 quod
858 5690 1242 5760 Spanduginus
1264 5692 1487 5760 scripsit
1517 5691 1873 5753 Condichiar,
1940 5689 2251 5743 Ludovicus

685 5788 958 5842 liassanus
983 5785 1270 5841 Jadrensis
1298 5783 1631 5847 Chunehier,
1661 5799 1783 5836 cum
1840 5784 2031 5837 ltalieo
2092 5786 2255 5837 modo

685 5881 891 5935 rectius
916 5881 1243 5949 exprimatur
1285 5876 1577 5947 llnnggiar.
1619 5876 1669 5929 id
1701 5878 1916 5946 proprie
1949 5878 2109 5932 titulo
2155 5892 2249 5930 no~

2362 4686 2744 4730 excusserunt.
2782 4676 3086 4731 Etexstaut
3140 4680 3394 4749 pleraque
3427 4680 3495 4735 de
3560 4682 3643 4737 his
3703 4684 3889 4741 rebus
3938 4702 3974 4738 a

2365 4769 2653 4823 Vincentio
2681 4769 3017 4836 Belvaceusi,
3051 4770 3304 4825 etHarco
3327 4771 3497 4827 Paulo
3543 4772 3770 4837 Veneto,
3834 4794 3975 4832 me~

2362 4863 2548 4915 moria:
2583 4861 2821 4930 prodita,
2858 4863 2996 4916 lectu
3029 4879 3138 4917 non
3190 4863 3431 4931 indigna.
3469 4864 3681 4920 Chitaia
3744 4869 3976 4936 (quam

2363 4953 2546 5007 itidem
2603 4952 2842 5007 Joannes
2883 4955 2949 5008 de
3007 4955 3170 5020 plano
3217 4954 3401 5025 Carpi,
3448 4956 3543 5023 qui
3598 4956 3733 5009 vixit
3787 4973 3979 5013 anno

2360 5044 2675 5098 Christiano
2712 5046 2871 5112 12‘3,
2900 5046 3109 5115 legatus
3140 5046 3205 5099 ad
3241 5047 3331 5100 illa
3361 5048 3474 5101 loca
3500 5047 3703 5102 missus
3733 5064 3760 5100 a
3806 5067 3980 5122 papa

2365 5136 2632 5200 llomano,
2656 5137 2843 5191 Kithai
2878 5138 3058 5206 vocat)
3103 5137 3339 5193 Laonico
3368 5138 3633 5204 Chataia;
3690 5140 3981 5197 Chitaini

2361 5230 2566 5294 'l‘atari,
2590 5230 2868 5285 Chataidte
2909 5230 3185 5294 dicuntur,
3212 5242 3265 5285 et
3284 5246 3410 5286 vero
3439 5242 3520 5286 est
3550 5232 3754 5299 simile,
3791 5235 3987 5294 Clusa.

2362 5334 2442 5376 tas
2482 5323 2776 5384 I‘tolcma-i,
2813 5321 3141 5376 etChatteos
3190 5323 3397 5385 Ariani,
3445 5323 3548 5377 hos
3598 5324 3748 5392 ipsos
3834 5346 3989 5386 esse

2358 5413 2643 5466 Chitainos
2671 5414 2867 5468 horum
2909 5413 3223 5479 Annalium,
3256 5416 3339 5470 vel
3375 5415 3668 5471 Chataidas
3696 5416 3989 5478 Clralco-

2361 5506 2628 5576 condylis,
2667 5508 2749 5561 vel
2780 5506 2943 5561 Marii
2999 5507 3146 5575 Nigri
3198 5506 3525 5562 Chatainos.
3593 5508 3990 5572 Chomsanis

2361 5596 2598 5665 regionis
2624 5612 2820 5649 nutneu
2876 5613 2943 5651 ne
2996 5597 3155 5651 hodie
3202 5598 3421 5668 quidem
3463 5599 3774 5655 obscurum
3858 5618 3987 5674 est,

2359 5706 2423 5742 ex
2459 5689 2854 5743 recentioribus
2910 5689 3153 5744 historiis
3189 5708 3202 5743 :
3235 5690 3466 5759 populos
3526 5694 3674 5760 ipsos
3746 5693 3991 5757 levius

2358 5783 2671 5838 Corasenus
2699 5783 2811 5834 vult
2864 5782 3043 5836 dictos
3098 5784 3424 5851 antiquitus.
3479 5781 3707 5837 Cedreni
3784 5795 3990 5854 verba

2358 5885 2483 5929 sunt
2522 5872 2903 5930 inlustiuiano
2937 5874 3277 5930 liltinotmito
3315 5893 3330 5943 ;
3374 5875 3660 5946 subjugata
3690 5876 3834 5939 fuit.
3915 5894 3994 5946 ιζ)
