4198 6426
249 334 358 396 799

248 450 525 505 Arabibus
550 450 570 521 (
596 451 647 505 id
681 462 763 506 cst
788 452 1100 522 Saracenis)
1138 454 1301 507 etiam
1341 455 1523 511 l‘crsis
1565 459 1814 518 interior,

247 558 369 611 quae
399 542 679 598 Chorosan
702 545 923 600 dicitur.
954 546 1236 602 Chorasan
1258 548 1327 601 ab
1350 548 1552 603 Ortelio
1582 551 1819 605 Choras-

249 651 347 687 san
381 636 665 700 scribitur,
722 647 776 691 ct
840 638 1002 692 Bclch
1071 649 1179 692 tam
1240 641 1390 701 urbs,
1452 658 1614 709 quam
1677 645 1823 709 regio

246 726 548 782 Chorasani
588 731 975 795 vicina,Balch
1032 734 1204 787 eidem
1259 746 1364 798 est,
1429 751 1621 789 versus
1666 737 1825 790 Tata-

248 826 382 879 riam
411 830 637 883 tendens
669 847 869 900 ;quam
903 835 1125 889 annales
1152 836 1319 889 nostri
1356 835 1581 890 Macban
1609 847 1821 898 vocant,

249 919 371 971 urbi
403 921 721 990 regionique
745 926 1025 977 communi
1078 928 1299 980 nomine
1333 945 1346 988 ;
1382 928 1520 980 haud
1556 928 1669 980 scio
1694 942 1821 980 num

246 1012 435 1065 eadem
473 1015 690 1069 sitcum
736 1018 847 1082 illa,
881 1033 1000 1085 quae
1027 1018 1243 1073 Macran
1269 1022 1337 1073 ab
1367 1018 1575 1075 Ortelio
1599 1020 1821 1081 dicitur,

247 1120 441 1159 versus
479 1107 660 1160 sinum
715 1108 1019 1173 Persicum,
1089 1120 1141 1163 et
1208 1127 1357 1164 mare
1415 1112 1659 1163 ltuhrum
1697 1112 1819 1166 sila.

249 1197 484 1253 Tataros
521 1200 725 1264 scribo,
765 1217 870 1255 non
904 1201 1184 1269 Tartarus,
1226 1214 1337 1257 tum
1390 1206 1532 1269 quod
1562 1204 1631 1255 ita
1692 1200 1820 1253 dicti

248 1289 359 1341 sint
390 1304 419 1343 a
452 1286 651 1345 Tataro
674 1291 915 1356 flumine,
959 1294 1118 1362 cujus
1165 1296 1365 1348 accolae
1436 1293 1678 1362 Sumoin
1742 1289 1821 1341 vol

250 1381 534 1451 Sunionin
574 1383 855 1447 dicuntur,
902 1386 1007 1438 hoc
1066 1396 1151 1439 est
1214 1385 1397 1456 llogli,
1454 1387 1535 1438 vel
1597 1384 1817 1452 Mongli,

248 1473 504 1528 Tatarive
529 1475 769 1543 aquatici
801 1494 815 1541 ;
854 1487 965 1529 tum
994 1478 1155 1530 etiam
1199 1493 1262 1533 ex
1298 1478 1627 1531 auctoritate
1650 1475 1821 1530 Saxo-

248 1582 378 1623 num
410 1576 747 1632 nostrorum,
805 1555 996 1637 eisque
1052 1568 1385 1630 vicinorum,
1452 1569 1542 1637 qui
1588 1568 1820 1623 Tataros

246 1659 541 1726 appellant,
559 1666 613 1711 et
636 1658 949 1714 Graecorum
976 1662 1338 1729 quorumdam
1362 1662 1651 1725 librorum,
1682 1678 1819 1730 quos

246 1751 653 1818 manuscriptos
713 1751 932 1818 habeo;
982 1755 1034 1805 in
1081 1754 1281 1823 quibus
1346 1764 1430 1808 est
1475 1753 1679 1808 Praetor
1733 1754 1818 1808 ille

1407 342 1795 402 PANDECTE
1824 344 2022 403 fllST.
2072 346 2372 407 TURCIC.

3404 352 3518 417 730

1931 459 2172 513 Aladinis
2208 461 2502 515 habuerint
2530 479 2749 534 nomen,
2782 467 3107 521 Osmanidas
3155 480 3347 522 omnes
3388 469 3514 521 Ala-

1929 552 2084 603 diues
2121 568 2365 613 vocatos,
2393 570 2493 607 ceu
2545 569 2912 624 cognomento
2930 560 3191 635 quodam,
3228 560 3513 628 autdigni-

1930 646 2066 697 tatis
2099 648 2480 715 appellatione.
2516 649 2784 705 Similiter
2839 664 2889 707 et
2921 654 3064 708 alius
3120 664 3286 707 restat
3355 669 3511 707 scru-

1927 738 2089 805 pulus
2120 737 2183 788 de
2213 756 2300 804 eo,
2331 742 2476 810 quod
2519 742 2693 806 addit,
2738 744 2906 797 videri
2940 745 3232 813 quemdam
3289 760 3352 797 ex
3387 745 3510 797 Gia-

1928 832 2135 885 zadinis
2158 833 2345 887 liberis
2370 834 2655 888 Alazlinem
2690 836 2986 900 nominari,
3018 838 3111 905 qui
3170 836 3511 890 Clialcocon-

1926 924 2062 994 ιιγιω
2099 925 2169 979 sit
2207 925 2557 983 Germianus.
2603 925 2712 982 Nos
2734 928 2797 981 de
2826 929 2977 997 hegis
3031 928 3347 983 Gcrmianis
3409 945 3507 982 suo

1929 1015 2046 1068 loco
2072 1016 2276 1069 dicturi
2316 1033 2527 1075 sumus.
2564 1020 2770 1073 Ibidem
2826 1020 3101 1075 Sivastam
3152 1024 3504 1091 scripsimus,

1924 1124 2045 1174 quas
2077 1113 2237 1178 vulgo
2292 1110 2469 1175 Sivas,
2526 1113 2685 1181 quasi
2758 1113 2960 1176 Sivast,
3046 1114 3176 1169 urbs
3230 1115 3508 1168 Armeniae

1926 1201 2215 1265 (minorem
2259 1202 2527 1273 intelligo)
2557 1207 2858 1261 secundum
2890 1208 3339 1262 constitutionem
3367 1207 3505 1260 Leo—

1925 1294 2011 1345 nis
2042 1294 2273 1363 Augusti
2307 1295 2374 1349 de
2415 1298 2608 1350 ordine
2658 1299 3009 1359 thronorum.
3066 1302 3161 1367 qui
3224 1299 3500 1353 Constan-

1925 1384 2292 1453 tinopolitano
2322 1387 2646 1455 patriarcha:
2666 1389 2902 1457 subjecti
2932 1399 3084 1454 sunt,
3115 1405 3279 1459 quam
3304 1405 3503 1442 mann-

1922 1476 2183 1543 scriptam
2219 1478 2507 1534 habemus.
2568 1480 2626 1533 lu
2678 1483 2778 1535 hac
2840 1481 3091 1536 Sehasua
3148 1491 3400 1542 voratur,
3450 1488 3505 1534 et

1920 1567 2229 1622 Camachus
2260 1569 2307 1623 ei
2345 1570 2523 1623 vicina
2562 1572 2845 1629 statuitur.
2882 1589 3044 1641 quam
3072 1572 3212 1627 idem
3239 1570 3348 1625 Leo
3370 1570 3499 1623 facit

1921 1656 2454 1725 archiepiscopatum
2493 1658 2607 1712 sive
2638 1660 2986 1727 metropolim
3038 1658 3330 1713 Armenize.
3390 1655 3501 1708 Ke~

1922 1747 2079 1801 mach
2108 1748 2271 1803 hodie
2294 1751 2630 1810 nominatur.
2657 1750 2820 1804 etiam
2841 1750 3093 1804 Turcicis
3120 1752 3173 1803 in
3206 1749 3501 1803 annalibus

243 1841 467 1897 Cra-cite
502 1852 709 1908 noster,
749 1852 805 1901 et
831 1845 1149 1914 Pulologus,
1210 1846 1304 1916 qui
1347 1846 1548 1915 ubique
1589 1846 1820 1902 Tataros
1850 1840 1893 1898 B
1924 1828 2185 1909 espressa
2220 1856 2372 1895 voce.
2403 1842 2557 1910 Apud
2585 1841 2886 1897 Laonicum
2916 1843 2969 1896 in
2996 1842 3233 1910 Bajazite
3283 1840 3502 1909 Laelape

242 1947 459 1991 voeanl.
492 1936 655 2008 400
683 1938 833 1992 Adde
869 1938 1241 1993 testimonium
1292 1939 1494 1994 veteris
1551 1939 1816 2009 cpigrarm

242 2031 424 2089 matis,
461 2041 586 2083 ante
613 2040 883 2085 trecentos
924 2046 1099 2087 annos
1123 2030 1383 2086 Ottocaro
1411 2032 1523 2101 regi
1547 2032 1816 2085 Bolieniisu

240 2124 402 2189 positi
437 2140 451 2185 ;
484 2125 576 2191 qui
613 2140 641 2177 a
690 2123 983 2194 Rudulpho
1061 2125 1389 2193 imperatore
1452 2140 1629 2178 cmsus
1678 2124 1817 2177 inter

237 2215 535 2270 auxiliares
570 2216 800 2271 Tataros
830 2217 1107 2271 Comanos
1139 2219 1243 2273 hoc
1266 2217 1628 2287 epitaphium,
1700 2233 1817 2269 ver-

235 2309 392 2365 sihus
425 2309 625 2363 iactum
664 2308 943 2369 Leoninis,
970 2325 1068 2378 pro
1087 2311 1305 2364 illorum
1333 2326 1483 2365 more
1513 2321 1812 2379 tempwrutn

236 2398 449 2461 habuit,
474 2407 769 2468 ,repertum
799 2403 851 2452 in
879 2401 1015 2454 libro
1045 2401 1332 2454 Annalium
1357 2401 1776 2453 Austriacorum
1796 2442 1809 2464 ,

237 2493 637 2558 manuscripto,
660 2508 819 2561 quem
875 2493 1199 2562 magnificus
1242 2494 1499 2549 dominus
1548 2492 1815 2563 Hierony-

236 2584 520 2638 iuusBeck
553 2583 1007 2652 aLeopoldsdorf
1056 2589 1316 2639 utendum
1380 2585 1512 2637 mihi
1568 2599 1663 2652 pro
1714 2600 1812 2638 sua

236 2679 575 2732 humanitate
602 2681 921 2735 concessit:

308 2793 357 2863 Ο
380 2812 469 2847 rex
498 2798 739 2848 Ottocare
773 2796 1036 2863 quondam
1062 2796 1307 2858 pugnasti
1338 2797 1567 2849 honeste.

304 2862 464 2917 Nunc
500 2875 607 2918 stus
638 2867 692 2918 in
720 2862 911 2934 pannis
934 2866 1169 2934 depictus
1210 2883 1328 2918 cum
1365 2864 1667 2919 Tateranis.

514 2982 568 3041 4.
608 2978 684 3032 De
720 2980 847 3032 urbe
879 2978 1110 3048 Bagdat,
1133 2979 1239 3033 sive
1261 2979 1529 3048 Bagailat.

304 3091 501 3145 Urbem
530 3090 847 3163 Bagadatim
876 3093 1060 3162 accipe
1098 3095 1164 3147 de
1189 3094 1452 3148 hodierna
1526 3093 1807 3156 Bahvlone

1920 1934 2130 1987 lamaca
2158 1933 2354 1988 vitiose
2384 1933 2603 2001 legitur.
2637 1935 2768 1989 Vide
2795 1944 2980 1988 notata
3023 1935 3281 2003 deinceps
3306 1934 3484 1995 capite

1917 2025 2042 2080 9.0%.
2090 2026 2268 2080 Libuit
2304 2037 2482 2080 autem
2514 2029 2631 2081 hinc
2664 2043 2785 2080 eam
2840 2028 2909 2081 ob
2936 2044 3157 2081 causam
3223 2027 3490 2089 indicare.

1919 2116 2061 2182 quod
2104 2115 2346 2171 Ortelius
2376 2118 2577 2181 varias,
2606 2124 2810 2172 etlnter
2836 2136 2893 2174 sc
2920 2120 3257 2172 dissidentes
3286 2119 3499 2187 opinio-

1919 2225 2016 2263 nes
2046 2210 2112 2264 de
2143 2210 2392 2265 Sebastia
2434 2211 2678 2278 proferat
2714 2229 2725 2264 :
2754 2213 2877 2267 aliis
2910 2228 3030 2265 eam
3069 2228 3175 2265 non
3212 2213 3402 2281 procul
3425 2214 3492 2265 ab

1918 2303 2195 2371 Euphrate
2220 2304 2608 2368 statuentibus,
2640 2305 2762 2356 aliis
2816 2305 2867 2357 in
2889 2304 3128 2357 Cilicia:
3185 2320 3310 2357 cum
3374 2306 3483 2356 Ar-

1918 2395 2107 2447 meniae
2141 2394 2211 2449 sit
2243 2395 2355 2457 illa,
2380 2411 2501 2465 qua:
2530 2394 2687 2449 Siras
2744 2396 3075 2464 appellatur,
3111 2395 3307 2450 Turcis
3339 2395 3495 2449 Sivas

1916 2485 2163 2549 scheller,
2190 2486 2297 2540 hoc
2326 2497 2408 2541 est
2442 2488 2542 2541 ubs
2579 2486 2815 2541 Sivaste.

1915 2601 1966 2655 6.
1995 2600 2243 2670 Erginga,
2270 2600 2529 2656 Romauia
2548 2604 2805 2669 Asiatica,
2828 2606 3062 2672 Amasia,
3085 2607 3281 2672 Cluilrp
3300 2607 3489 2676 Syritr.

1988 2718 2261 2786 Ertzinga,
2303 2718 2461 2787 cujus
2488 2720 2574 2774 hic
2610 2721 2815 2772 mentio
2852 2721 2938 2782 fit,
2973 2731 3028 2774 et
3060 2737 3181 2788 qua:
3214 2720 3479 2774 Erzinzan

1914 2826 2131 2879 quoque
2155 2811 2436 2874 scribitur,
2466 2813 2597 2866 urhs
2622 2823 2703 2865 est
2734 2814 3025 2870 Armeniae.
3063 2814 3223 2879 cujus
3275 2830 3475 2866 nomen

1915 2904 1965 2955 in
1998 2904 2146 2957 edito
2171 2903 2410 2957 Laouico
2435 2905 2646 2958 diverse
2702 2905 2921 2974 legitur,
2984 2916 3039 2959 et
3100 2907 3168 2961 ad
3242 2906 3480 2960 vicinam

1912 2995 2182 3048 Armenia:
2209 2995 2611 3065 Cappadociam
2662 2996 2921 3059 refertur,
2982 2998 3144 3051 modo
3201 2997 3486 3066 Artzinga,

1913 3087 2080 3140 modo
2106 3087 2451 3157 Artzinganis
2490 3088 2640 3140 urbs.
2702 3089 2994 3142 Arzinaam
3058 3100 3217 3142 vocat
3279 3090 3489 3157 Aytho-

228 3194 457 3255 propter
478 3186 671 3255 priscrc
695 3187 995 3256 Babylonis
1016 3188 1206 3239 ruinas
1241 3201 1268 3238 a
1295 3186 1530 3241 sultanis
1573 3187 1799 3254 caliphis

1917 3196 2037 3234 nus.
2068 3179 2358 3250 Reperitur
2414 3181 2559 3248 apud
2613 3179 2917 3235 Laonicum
2974 3191 3027 3235 et
3057 3183 3292 3243 Ertzica,
3343 3183 3487 3236 sicut

226 3287 532 3333 exstructa.
560 3278 785 3331 Zonaras
814 3278 1022 3348 Bagdas
1072 3293 1270 3346 genere
1300 3280 1546 3332 masculo
1581 3279 1798 3332 dicitur.

226 3368 504 3423 Launicns
541 3368 815 3438 Pogdatim
861 3379 1043 3434 vocat,
1066 3377 1118 3422 et
1146 3368 1500 3436 Pogdatinam
1560 3369 1641 3421 vel
1671 3368 1809 3437 Pag-

226 3462 471 3513 datinam
530 3461 858 3528 Babylonem
900 3478 912 3512 :
947 3462 1086 3528 apud
1149 3476 1312 3529 quem
1374 3471 1496 3513 nota
1552 3472 1806 3529 corrupte

225 3552 495 3619 scriptum
532 3552 633 3605 hoc
664 3552 916 3604 ultimum
980 3551 1031 3603 in
1061 3551 1267 3604 Latinis
1319 3552 1504 3614 editis,
1558 3551 1805 3615 Padagti-

222 3660 355 3697 nam
391 3642 1048 3713 Babyloneiu.Prtrarcha
1082 3645 1195 3697 suis
1231 3644 1281 3696 in
1331 3645 1670 3712 poematibus
1702 3642 1803 3696 lla--

225 3736 349 3787 iicis
383 3735 700 3787 Baldaccum
736 3736 1003 3788 nominat.

344 3849 403 3905 5.
429 3849 502 3901 Dc
534 3848 785 3910 Alta/ine,
819 3849 1057 3916 Selgure,
1099 3848 1480 3917 Tungrolipice,
1514 3848 1690 3903 Sivas.

295 3961 545 4015 Aladinis
568 3962 725 4029 origo
746 3978 773 4013 a
794 3959 988 4013 Turcis
1010 3960 1241 4012 refertur
1271 3961 1335 4013 ad
1368 3957 1679 4028 Selguccm,
1705 3960 1799 4025 qui

217 4053 494 4108 Guliehno
527 4053 716 4123 Tyrio,
756 4052 990 4107 fortasse
1018 4052 1225 4106 librarii
1258 4054 1414 4121 culpa
1444 4053 1657 4117 vitiose,
1681 4053 1801 4106 Sel-

217 4149 365 4200 ducb
406 4145 628 4198 dicitur.
654 4143 810 4197 liuuc
844 4143 1197 4208 Reineccius,
1222 4145 1306 4197 vir
1341 4145 1714 4201 doctissimus.
1746 4159 1799 4199 et

215 4235 678 4302 diligentissimus
706 4235 755 4284 in
778 4233 1119 4300 explicandis
1145 4234 1479 4301 genealogiis
1500 4235 1795 4298 historicis,

218 4330 380 4391 putat
408 4322 659 4375 emndem
720 4337 841 4375 esse
876 4338 999 4375 cum
1040 4320 1422 4391 Tangrelipice
1464 4323 1795 4393 (Tragolipix

216 4428 328 4464 non
375 4420 518 4465 recte
537 4412 819 4479 scribitur)
849 4413 1544 4468 Grsecarumhistoriarum
1583 4432 1595 4467 :
1650 4417 1795 4483 quod

211 4519 351 4556 vero
386 4518 491 4554 non
522 4502 795 4565 absimile,
823 4519 947 4560 cum
978 4501 1334 4570 Tangrolipix
1368 4515 1792 4571 cognomentum

213 4592 496 4661 quoddam
521 4607 645 4645 esse
700 4592 969 4654 videatur,
998 4604 1027 4642 a
1067 4589 1269 4661 Taugri
1304 4592 1617 4654 deductum,
1648 4594 1791 4658 quod

212 4685 419 4739 Turcis
460 4683 625 4737 Deum
659 4684 959 4752 significat,
987 4683 1201 4751 adjecta
1255 4699 1410 4749 voce,
1442 4699 1606 4753 quam
1641 4685 1797 4753 equi-

210 4778 341 4829 dem
367 4775 614 4832 divinare
656 4789 761 4828 non
796 4789 1039 4841 possum.
1076 4773 1284 4829 Fratris
1343 4775 1463 4844 ejus
1524 4776 1667 4829 ﬁlius
1742 4776 1795 4828 in

208 4869 454 4924 Cedrino
495 4882 614 4920 meo
644 4867 1038 4935 manuscripto,
1076 4884 1186 4936 quo
1216 4868 1336 4933 ejus
1384 4870 1630 4921 auctoris
1686 4884 1792 4922 non

208 4960 363 5012 edita
398 4958 701 5025 fragmenta
730 4968 989 5024 quatuor,
1010 4973 1132 5009 cum
1165 4959 1371 5026 aliquot
1398 4958 1792 5025 imperatorum

212 5052 342 5104 vitis
372 5050 635 5103 hactenus
665 5050 993 5103 desideratis
1046 5052 1419 5112 continentur,
1492 5065 1599 5103 non
1655 5051 1793 5101 Cut-

210 5144 423 5201 lumns,
457 5142 550 5193 sed
581 5140 934 5195 Cutlumuses
985 5152 1212 5194 vocatur
1256 5158 1269 5194 :
1314 5142 1458 5210 quod
1518 5141 1794 5209 signilirat

212 5230 450 5291 Musem,
476 5230 589 5283 sive
630 5230 829 5285 Mosem
861 5230 1194 5283 fortunatum
1229 5247 1293 5285 ac
1323 5232 1562 5285 felicem.
1596 5233 1788 5285 Aladin

211 5323 294 5376 γει
324 5322 515 5375 Aledin
547 5323 822 5389 signiﬁcat
866 5324 1133 5378 divinum.
1164 5324 1485 5379 Beineccius
1515 5325 1794 5380 existimat

208 5431 337 5468 esse
365 5429 657 5468 commune
683 5430 885 5469 nomen
909 5416 1167 5469 omnibus
1196 5417 1409 5469 Turcis:
1438 5418 1517 5469 vel
1546 5418 1793 5471 leonicn-

208 5510 372 5559 sfbns
403 5506 783 5569 sultanis,cen
848 5518 1298 5575 cognomentum,
1355 5509 1438 5560 vel
1507 5509 1790 5577 dignitatis

206 5598 659 5665 appellationem,
699 5600 840 5666 quod
868 5600 1117 5666 equidem
1152 5600 1380 5667 probare
1416 5614 1521 5652 non
1564 5615 1790 5668 possum

208 5689 444 5757 perinde
471 5706 536 5741 ac
588 5690 768 5745 dicere
813 5708 922 5745 non
978 5706 1207 5760 possum
1268 5701 1576 5760 propterea,
1634 5694 1784 5761 quod

206 5782 400 5853 plures
432 5780 575 5834 inter
597 5782 945 5849 Usmanidas,
988 5786 1128 5838 velut
1157 5799 1185 5838 c
1244 5784 1552 5853 genealogia
1620 5793 1784 5854 patet.

1916 3272 2054 3340 apud
2086 3271 2321 3327 Leonem
2352 3272 2655 3339 Augustum
2692 3272 2743 3324 iu
2806 3274 2992 3325 eadem
3022 3272 3276 3325 Armenia
3328 3272 3488 3340 poni-

1917 3376 2003 3418 tur
2033 3366 2266 3429 Artzice,
2332 3367 2434 3419 sub
2468 3365 2757 3433 metropoli
2823 3365 3092 3421 Keltzina.
3160 3364 3483 3418 Romaniam

1914 3473 2059 3516 vero,
2093 3472 2197 3511 non
2226 3473 2322 3526 pro
2354 3458 2619 3527 Europiea
2639 3458 2870 3523 Graecia,
2904 3460 2958 3510 in
2990 3459 3092 3513 hoc
3118 3459 3334 3526 quidem
3362 3457 3485 3509 loro

1912 3550 2170 3617 aeripies,
2231 3550 2326 3604 sed
2358 3565 2454 3618 pro
2482 3548 2857 3604 Romanorum
2894 3550 3000 3620 (sic
3033 3551 3206 3603 αι·ωεὶ
3247 3566 3304 3602 sc
3330 3549 3480 3602 vole—

1913 3643 2040 3695 bant
2075 3642 2279 3710 vocari)
2334 3642 2630 3709 provinciis
2681 3642 2962 3705 Asiaticis,
3022 3657 3127 3711 qua
3183 3642 3343 3695 etiam
3399 3654 3483 3693 re-

1909 3733 2183 3787 centiores
2213 3733 2462 3787 historici
2495 3733 2665 3787 (ἓνωεί
2698 3733 2979 3787 Romanize
3003 3733 3268 3787 vocabulo
3326 3747 3479 3785 com-

1910 3827 2047 3893 plexi
2085 3833 2234 3880 sunt.
2291 3826 2510 3879 Amasia
2556 3841 2751 3881 nomen
2789 3827 3059 3893 hodieque
3095 3825 3311 3887 retinet,
3349 3824 3480 3878 urbs

1907 3917 2265 3984 Cappadociae
2308 3935 2322 3971 :
2365 3918 2489 3972 licet
2520 3919 2572 3971 in
2604 3919 3002 3971 constitutione
3035 3918 3232 3971 Leonis
3304 3917 3475 3984 impe-

1910 4006 2130 4069 ratoris,
2166 4021 2329 4071 quam
2362 4007 2624 4071 diximus,
2653 4009 2717 4062 ad
2748 4008 3104 4075 Helenoponti
3132 4006 3469 4075 provinciam

1906 4100 1972 4151 de
2006 4113 2111 4164 qua
2164 4098 2215 4151 in
2269 4098 2565 4151 Justiniani
2627 4100 2857 4166 Augusti
2936 4100 3165 4152 novellis
3220 4099 3477 4167 pleraque

1906 4190 2205 4241 constituta
2238 4189 2508 4254 leguntur,
2542 4190 2691 4242 velut
2719 4190 2838 4257 ejus
2905 4190 3221 4257 metropolis
3271 4191 3477 4243 refera~

1908 4291 2013 4343 tur,
2041 4284 2140 4333 sub
2169 4297 2273 4349 qua
2307 4292 2501 4348 praeter
2526 4284 2663 4336 alios
2680 4283 3048 4350 episcopatus,
3077 4286 3240 4337 etiam
3271 4282 3471 4351 Sinope

1905 4384 2237 4428 recensctur.
2268 4376 2560 4443 Chalepum
2581 4375 3106 4444 Syrianotissimam
3142 4389 3287 4427 nunc
3314 4374 3475 4425 etiam

1906 4467 2117 4527 urbem,
2152 4477 2203 4517 et
2234 4466 2472 4519 Orientis
2510 4467 2820 4534 emporium
2857 4465 3298 4525 celeberrimum,
3330 4465 3470 4516 male.

1828 4548 1874 4605 D
1902 4558 2353 4626 Chalcocondylis
2388 4559 2657 4627 interpres
2698 4573 2821 4611 cum
2852 4558 3106 4612 chfraeo
3166 4558 3293 4610 facit
3346 4556 3473 4624 Epi-

1903 4649 2180 4715 phaniam,
2220 4647 2497 4702 Bellonius
2526 4648 2877 4717 Hierapolim,
2945 4650 3235 4705 Seidlizius
3289 4647 3472 4699 Antio«

1899 4740 2077 4795 cbiam
2134 4755 2383 4807 magnam
2444 4740 2496 4791 in
2562 4739 2894 4809 Contagena,
2945 4740 3116 4807 magis
3174 4736 3465 4804 imperite:

1898 4847 2020 4887 eum
2063 4830 2325 4892 Zonaras,
2353 4830 2643 4894 Cedrinus,
2680 4830 2916 4896 Nieetas,
2973 4846 3234 4906 expresse
3262 4829 3464 4893 Chalcp

1897 4923 2097 4975 dictam
2128 4921 2253 4973 olim
2314 4921 2526 4971 tradant
2560 4918 2899 4971 Berrltmam.
2945 4916 3144 4983 [lalepo
3165 4916 3275 4984 jam
3304 4913 3465 4979 vulgo

1896 5013 2121 5066 dii-itur.
2156 5009 2402 5064 Ridicule
2428 5008 2658 5062 Geufrrei
2688 5009 2855 5069 notio,
2883 5008 2973 5075 qui
3004 5007 3172 5073 Aleph
3212 5003 3328 5055 vult
3378 5002 3465 5055 di-

1896 5112 2059 5165 ctam,
2093 5112 2145 5155 et
2180 5118 2209 5156 a
2246 5102 2418 5169 prima
2468 5100 2819 5154 ilehmorum
2851 5100 3030 5152 littera
3062 5097 3294 5158 derivat,
3320 5094 3465 5163 quod

1896 5195 2067 5263 prima
2098 5196 2267 5259 Syriae
2313 5195 2506 5247 civitas
2536 5194 2605 5247 sit
2634 5233 2649 5258 ,
2681 5207 2806 5247 cum
2861 5192 3129 5259 hodieque
3176 5187 3472 5241 Damascus

1895 5302 2011 5339 eam
2048 5288 2206 5353 longe
2239 5295 2475 5352 superet.

2124 5399 2175 5451 7.
2222 5396 2458 5467 Mupalia
2492 5396 2781 5449 Turcorum
2810 5407 2856 5449 et
2893 5394 3238 5448 Tatarorum.

1966 5515 2095 5581 Quae
2119 5515 2185 5568 de
2220 5512 2523 5581 mapalibus
2572 5511 2843 5565 Ertnculis
2906 5510 3181 5571 dicuntur,
3239 5508 3464 5575 intelligi

1898 5606 2183 5662 commode
2217 5612 2473 5673 poterunt
2524 5619 2584 5657 ex
2637 5604 2784 5657 hisce
2836 5601 3003 5655 Marci
3054 5600 3203 5653 Pauli
3271 5598 3465 5653 Veneti

1898 5700 2101 5759 verbis.
2144 5700 2400 5752 aediculas
2442 5698 2793 5759 Tatarorum,
2843 5697 2958 5749 sive
2996 5694 3222 5763 mapalia
3287 5692 3465 5758 potius

1896 5792 2274 5859 describentis,
2312 5792 2550 5860 antiquis
2615 5790 2762 5844 hisce
2823 5787 3070 5843 Turcicis
3134 5784 3462 5840 simillima:
