  <div class='ocr_page' id='page_1' title='image "/cluster/home/n/w/nwhite01/storage/ocr_20150623/159/nnc1.0046980628/375.png"; bbox 0 0 4198 6426; ppageno 0'>
   <div class='ocr_carea' id='block_1_1' title="bbox 751 353 844 413">
    <p class='ocr_par' dir='ltr' id='par_1_1' title="bbox 751 353 844 413">
     <span class='ocr_line' id='line_1_1' title="bbox 751 353 844 413; baseline 0.043 -4"><span class='ocrx_word' id='word_1_1' title='bbox 751 353 844 413; x_wconf 84' lang='lat' dir='ltr'><strong>73l</strong></span> 
     </span>
    </p>
   </div>
   <div class='ocr_carea' id='block_1_2' title="bbox 755 450 2618 534">
    <p class='ocr_par' dir='ltr' id='par_1_2' title="bbox 755 450 2618 534">
     <span class='ocr_line' id='line_1_2' title="bbox 755 450 2618 534; baseline -0.004 -22"><span class='ocrx_word' id='word_1_2' title='bbox 755 458 1140 517; x_wconf 64' lang='lat' dir='ltr'><strong>DORIIUIICUI-IS,</strong></span> <span class='ocrx_word' id='word_1_3' title='bbox 1173 456 1368 523; x_wconf 73' lang='lat' dir='ltr'><strong>inquit,</strong></span> <span class='ocrx_word' id='word_1_4' title='bbox 1400 457 1593 510; x_wconf 80' lang='lat' dir='ltr'><strong>habent</strong></span> <span class='ocrx_word' id='word_1_5' title='bbox 1651 457 1703 508; x_wconf 95' lang='lat' dir='ltr'><strong>in</strong></span> <span class='ocrx_word' id='word_1_6' title='bbox 1738 457 1955 509; x_wconf 90' lang='lat' dir='ltr'><strong>modum</strong></span> <span class='ocrx_word' id='word_1_7' title='bbox 1990 457 2308 534; x_wconf 82' lang='lat' dir='ltr'><strong>tabernacu-</strong></span> <span class='ocrx_word' id='word_1_8' title='bbox 2347 458 2388 510; x_wconf 86' lang='lat' dir='ltr'><strong>A</strong></span> <span class='ocrx_word' id='word_1_9' title='bbox 2423 450 2568 503; x_wconf 91' lang='lat' dir='ltr'><strong>modi</strong></span> <span class='ocrx_word' id='word_1_10' title='bbox 2605 469 2618 504; x_wconf 88' lang='lat'><strong>:</strong></span> 
     </span>
    </p>
   </div>
   <div class='ocr_carea' id='block_1_3' title="bbox 751 546 2321 619">
    <p class='ocr_par' dir='ltr' id='par_1_3' title="bbox 751 546 2321 619">
     <span class='ocr_line' id='line_1_3' title="bbox 751 546 2321 619; baseline -0.003 -17"><span class='ocrx_word' id='word_1_11' title='bbox 751 552 945 607; x_wconf 84' lang='lat' dir='ltr'><strong>lorum.</strong></span> <span class='ocrx_word' id='word_1_12' title='bbox 981 548 1137 619; x_wconf 69' lang='grc'><strong>401</strong></span> <span class='ocrx_word' id='word_1_13' title='bbox 1169 550 1310 601; x_wconf 88' lang='lat' dir='ltr'><strong>liltro</strong></span> <span class='ocrx_word' id='word_1_14' title='bbox 1348 557 1652 613; x_wconf 53' lang='lat' dir='ltr'><strong>coopertus,</strong></span> <span class='ocrx_word' id='word_1_15' title='bbox 1679 564 1817 616; x_wconf 89' lang='lat' dir='ltr'><strong>quas</strong></span> <span class='ocrx_word' id='word_1_16' title='bbox 1844 563 2029 602; x_wconf 82' lang='lat' dir='ltr'><strong>secum</strong></span> <span class='ocrx_word' id='word_1_17' title='bbox 2069 546 2321 600; x_wconf 76' lang='lat' dir='ltr'><strong>deferunt</strong></span> 
     </span>
    </p>
   </div>
   <div class='ocr_carea' id='block_1_4' title="bbox 749 637 2322 708">
    <p class='ocr_par' dir='ltr' id='par_1_4' title="bbox 749 637 2322 708">
     <span class='ocr_line' id='line_1_4' title="bbox 749 637 2322 708; baseline -0.004 -14"><span class='ocrx_word' id='word_1_18' title='bbox 749 656 1073 708; x_wconf 86' lang='lat' dir='ltr'><strong>quocunque</strong></span> <span class='ocrx_word' id='word_1_19' title='bbox 1115 640 1364 705; x_wconf 78' lang='lat' dir='ltr'><strong>migrant.</strong></span> <span class='ocrx_word' id='word_1_20' title='bbox 1403 637 1682 693; x_wconf 85' lang='lat' dir='ltr'><strong>Laouieus</strong></span> <span class='ocrx_word' id='word_1_21' title='bbox 1716 640 1949 692; x_wconf 88' lang='lat' dir='ltr'><strong>tentoria</strong></span> <span class='ocrx_word' id='word_1_22' title='bbox 2009 638 2204 705; x_wconf 63' lang='lat' dir='ltr'><strong>pilo-ala</strong></span> <span class='ocrx_word' id='word_1_23' title='bbox 2242 637 2322 690; x_wconf 84' lang='lat' dir='ltr'><strong>di-</strong></span> 
     </span>
    </p>
   </div>
   <div class='ocr_carea' id='block_1_5' title="bbox 750 725 2317 795">
    <p class='ocr_par' dir='ltr' id='par_1_5' title="bbox 750 725 2317 795">
     <span class='ocr_line' id='line_1_5' title="bbox 750 725 2317 795; baseline -0.001 -14"><span class='ocrx_word' id='word_1_24' title='bbox 750 744 877 781; x_wconf 88' lang='lat' dir='ltr'><strong>cere</strong></span> <span class='ocrx_word' id='word_1_25' title='bbox 907 730 1140 788; x_wconf 85' lang='lat' dir='ltr'><strong>videtur,</strong></span> <span class='ocrx_word' id='word_1_26' title='bbox 1160 728 1358 795; x_wconf 86' lang='lat' dir='ltr'><strong>quibus</strong></span> <span class='ocrx_word' id='word_1_27' title='bbox 1387 737 1612 782; x_wconf 93' lang='lat' dir='ltr'><strong>utantur</strong></span> <span class='ocrx_word' id='word_1_28' title='bbox 1642 739 1885 793; x_wconf 90' lang='lat' dir='ltr'><strong>pastores</strong></span> <span class='ocrx_word' id='word_1_29' title='bbox 1925 729 2064 795; x_wconf 88' lang='lat' dir='ltr'><strong>apud</strong></span> <span class='ocrx_word' id='word_1_30' title='bbox 2089 725 2317 782; x_wconf 88' lang='lat' dir='ltr'><strong>Turcos.</strong></span> 
     </span>
    </p>
   </div>
   <div class='ocr_carea' id='block_1_6' title="bbox 787 837 2265 903">
    <p class='ocr_par' dir='ltr' id='par_1_6' title="bbox 787 837 2265 903">
     <span class='ocr_line' id='line_1_6' title="bbox 787 837 2265 903; baseline -0.001 -10"><span class='ocrx_word' id='word_1_31' title='bbox 787 840 839 893; x_wconf 87' lang='lat'><strong>8.</strong></span> <span class='ocrx_word' id='word_1_32' title='bbox 884 837 1134 890; x_wconf 71' lang='lat' dir='ltr'><strong>flamonia</strong></span> <span class='ocrx_word' id='word_1_33' title='bbox 1163 837 1378 903; x_wconf 70' lang='lat' dir='ltr'><strong>duplex,</strong></span> <span class='ocrx_word' id='word_1_34' title='bbox 1417 839 1682 902; x_wconf 78' lang='lat' dir='ltr'><strong>Anatolio,</strong></span> <span class='ocrx_word' id='word_1_35' title='bbox 1721 837 1982 903; x_wconf 79' lang='lat' dir='ltr'><strong>Rumelt&#39;a,</strong></span> <span class='ocrx_word' id='word_1_36' title='bbox 2012 837 2265 893; x_wconf 81' lang='lat' dir='ltr'><strong>Rumiler.</strong></span> 
     </span>
    </p>
   </div>
   <div class='ocr_carea' id='block_1_7' title="bbox 819 950 2316 1018">
    <p class='ocr_par' dir='ltr' id='par_1_7' title="bbox 819 950 2316 1018">
     <span class='ocr_line' id='line_1_7' title="bbox 819 950 2316 1018; baseline -0.001 -14"><span class='ocrx_word' id='word_1_37' title='bbox 819 950 953 1004; x_wconf 90' lang='lat' dir='ltr'><strong>Cum</strong></span> <span class='ocrx_word' id='word_1_38' title='bbox 995 951 1255 1004; x_wconf 86' lang='lat' dir='ltr'><strong>Aladines</strong></span> <span class='ocrx_word' id='word_1_39' title='bbox 1289 965 1586 1012; x_wconf 80' lang='lat' dir='ltr'><strong>occupasse</strong></span> <span class='ocrx_word' id='word_1_40' title='bbox 1615 952 1927 1018; x_wconf 79' lang='lat' dir='ltr'><strong>complures</strong></span> <span class='ocrx_word' id='word_1_41' title='bbox 1979 952 2032 1005; x_wconf 90' lang='lat' dir='ltr'><strong>in</strong></span> <span class='ocrx_word' id='word_1_42' title='bbox 2052 952 2316 1005; x_wconf 81' lang='lat' dir='ltr'><strong>Romania</strong></span> 
     </span>
    </p>
   </div>
   <div class='ocr_carea' id='block_1_8' title="bbox 752 1041 2316 1111">
    <p class='ocr_par' dir='ltr' id='par_1_8' title="bbox 752 1041 2316 1111">
     <span class='ocr_line' id='line_1_8' title="bbox 752 1041 2316 1111; baseline 0.003 -22"><span class='ocrx_word' id='word_1_43' title='bbox 752 1041 1063 1109; x_wconf 79' lang='lat' dir='ltr'><strong>provincias</strong></span> <span class='ocrx_word' id='word_1_44' title='bbox 1094 1053 1369 1104; x_wconf 89' lang='lat' dir='ltr'><strong>narratur,</strong></span> <span class='ocrx_word' id='word_1_45' title='bbox 1395 1043 1583 1111; x_wconf 83' lang='lat' dir='ltr'><strong>accipe</strong></span> <span class='ocrx_word' id='word_1_46' title='bbox 1641 1043 1957 1096; x_wconf 77' lang='lat' dir='ltr'><strong>Romaniam</strong></span> <span class='ocrx_word' id='word_1_47' title='bbox 2017 1043 2316 1097; x_wconf 78' lang='lat' dir='ltr'><strong>Asiaticum</strong></span> 
     </span>
    </p>
   </div>
   <div class='ocr_carea' id='block_1_9' title="bbox 750 1130 2314 1200">
    <p class='ocr_par' dir='ltr' id='par_1_9' title="bbox 750 1130 2314 1200">
     <span class='ocr_line' id='line_1_9' title="bbox 750 1130 2314 1200; baseline 0.003 -18"><span class='ocrx_word' id='word_1_48' title='bbox 750 1132 832 1183; x_wconf 96' lang='lat' dir='ltr'><strong>vel</strong></span> <span class='ocrx_word' id='word_1_49' title='bbox 857 1130 1192 1186; x_wconf 84' lang='lat' dir='ltr'><strong>Anatolicam</strong></span> <span class='ocrx_word' id='word_1_50' title='bbox 1215 1170 1229 1193; x_wconf 94' lang='lat'><strong>,</strong></span> <span class='ocrx_word' id='word_1_51' title='bbox 1270 1131 1556 1198; x_wconf 76' lang='lat' dir='ltr'><strong>Romanis,</strong></span> <span class='ocrx_word' id='word_1_52' title='bbox 1610 1133 1714 1186; x_wconf 88' lang='lat' dir='ltr'><strong>hoc</strong></span> <span class='ocrx_word' id='word_1_53' title='bbox 1737 1143 1842 1194; x_wconf 85' lang='lat' dir='ltr'><strong>est,</strong></span> <span class='ocrx_word' id='word_1_54' title='bbox 1863 1133 2066 1189; x_wconf 63' lang='lat' dir='ltr'><strong>Graacis</strong></span> <span class='ocrx_word' id='word_1_55' title='bbox 2089 1134 2314 1200; x_wconf 87' lang='lat' dir='ltr'><strong>impera-</strong></span> 
     </span>
    </p>
   </div>
   <div class='ocr_carea' id='block_1_10' title="bbox 751 1222 2318 1293">
    <p class='ocr_par' dir='ltr' id='par_1_10' title="bbox 751 1222 2318 1293">
     <span class='ocr_line' id='line_1_10' title="bbox 751 1222 2318 1293; baseline 0.002 -20"><span class='ocrx_word' id='word_1_56' title='bbox 751 1222 959 1276; x_wconf 89' lang='lat' dir='ltr'><strong>toribus</strong></span> <span class='ocrx_word' id='word_1_57' title='bbox 982 1231 1107 1276; x_wconf 88' lang='lat' dir='ltr'><strong>ante</strong></span> <span class='ocrx_word' id='word_1_58' title='bbox 1143 1223 1234 1276; x_wconf 89' lang='lat' dir='ltr'><strong>illa</strong></span> <span class='ocrx_word' id='word_1_59' title='bbox 1268 1235 1513 1292; x_wconf 87' lang='lat' dir='ltr'><strong>tempora</strong></span> <span class='ocrx_word' id='word_1_60' title='bbox 1558 1224 1855 1287; x_wconf 80' lang='lat' dir='ltr'><strong>subiectam</strong></span> <span class='ocrx_word' id='word_1_61' title='bbox 1888 1263 1902 1286; x_wconf 94' lang='lat'><strong>,</strong></span> <span class='ocrx_word' id='word_1_62' title='bbox 1964 1225 2318 1293; x_wconf 89' lang='lat' dir='ltr'><strong>quemadmo-</strong></span> 
     </span>
    </p>
   </div>
   <div class='ocr_carea' id='block_1_11' title="bbox 749 1312 2314 1384">
    <p class='ocr_par' dir='ltr' id='par_1_11' title="bbox 749 1312 2314 1384">
     <span class='ocr_line' id='line_1_11' title="bbox 749 1312 2314 1384; baseline 0.003 -22"><span class='ocrx_word' id='word_1_63' title='bbox 749 1312 878 1365; x_wconf 91' lang='lat' dir='ltr'><strong>dum</strong></span> <span class='ocrx_word' id='word_1_64' title='bbox 908 1313 1070 1378; x_wconf 90' lang='lat' dir='ltr'><strong>paulo</strong></span> <span class='ocrx_word' id='word_1_65' title='bbox 1104 1321 1232 1368; x_wconf 82' lang='lat' dir='ltr'><strong>ante</strong></span> <span class='ocrx_word' id='word_1_66' title='bbox 1262 1315 1599 1370; x_wconf 86' lang='lat' dir='ltr'><strong>notavimus.</strong></span> <span class='ocrx_word' id='word_1_67' title='bbox 1646 1314 1781 1368; x_wconf 84' lang='lat' dir='ltr'><strong>Nam</strong></span> <span class='ocrx_word' id='word_1_68' title='bbox 1807 1315 2010 1384; x_wconf 86' lang='lat' dir='ltr'><strong>alioqui</strong></span> <span class='ocrx_word' id='word_1_69' title='bbox 2066 1327 2254 1369; x_wconf 90' lang='lat' dir='ltr'><strong>notum</strong></span> <span class='ocrx_word' id='word_1_70' title='bbox 2286 1331 2314 1367; x_wconf 88' lang='lat' dir='ltr'><strong>a</strong></span> 
     </span>
    </p>
   </div>
   <div class='ocr_carea' id='block_1_12' title="bbox 750 1404 2312 1475">
    <p class='ocr_par' dir='ltr' id='par_1_12' title="bbox 750 1404 2312 1475">
     <span class='ocr_line' id='line_1_12' title="bbox 750 1404 2312 1475; baseline 0.001 -18"><span class='ocrx_word' id='word_1_71' title='bbox 750 1405 942 1459; x_wconf 84' lang='lat' dir='ltr'><strong>Turcis</strong></span> <span class='ocrx_word' id='word_1_72' title='bbox 965 1404 1292 1468; x_wconf 79' lang='lat' dir='ltr'><strong>Anatoliam,</strong></span> <span class='ocrx_word' id='word_1_73' title='bbox 1319 1422 1423 1475; x_wconf 91' lang='lat' dir='ltr'><strong>qua</strong></span> <span class='ocrx_word' id='word_1_74' title='bbox 1452 1407 1632 1460; x_wconf 90' lang='lat' dir='ltr'><strong>minor</strong></span> <span class='ocrx_word' id='word_1_75' title='bbox 1659 1409 1783 1461; x_wconf 81' lang='lat' dir='ltr'><strong>Asia</strong></span> <span class='ocrx_word' id='word_1_76' title='bbox 1810 1409 2312 1475; x_wconf 81' lang='lat' dir='ltr'><strong>comprehenditur,</strong></span> 
     </span>
    </p>
   </div>
   <div class='ocr_carea' id='block_1_13' title="bbox 749 1494 2314 1563">
    <p class='ocr_par' dir='ltr' id='par_1_13' title="bbox 749 1494 2314 1563">
     <span class='ocr_line' id='line_1_13' title="bbox 749 1494 2314 1563; baseline 0.005 -16"><span class='ocrx_word' id='word_1_77' title='bbox 749 1510 777 1547; x_wconf 87' lang='lat' dir='ltr'><strong>a</strong></span> <span class='ocrx_word' id='word_1_78' title='bbox 808 1494 1056 1550; x_wconf 81' lang='lat' dir='ltr'><strong>Rumelia</strong></span> <span class='ocrx_word' id='word_1_79' title='bbox 1083 1497 1371 1563; x_wconf 70' lang='lat' dir='ltr'><strong>distingui,</strong></span> <span class='ocrx_word' id='word_1_80' title='bbox 1446 1507 1501 1552; x_wconf 91' lang='lat' dir='ltr'><strong>et</strong></span> <span class='ocrx_word' id='word_1_81' title='bbox 1539 1499 1870 1560; x_wconf 80' lang='lat' dir='ltr'><strong>Rumcliam,</strong></span> <span class='ocrx_word' id='word_1_82' title='bbox 1899 1501 2008 1553; x_wconf 82' lang='lat' dir='ltr'><strong>sive</strong></span> <span class='ocrx_word' id='word_1_83' title='bbox 2040 1498 2179 1554; x_wconf 68' lang='lat' dir='ltr'><strong>Itum</strong></span> <span class='ocrx_word' id='word_1_84' title='bbox 2237 1502 2314 1554; x_wconf 91' lang='lat' dir='ltr'><strong>vi-</strong></span> 
     </span>
    </p>
   </div>
   <div class='ocr_carea' id='block_1_14' title="bbox 752 1585 2311 1656">
    <p class='ocr_par' dir='ltr' id='par_1_14' title="bbox 752 1585 2311 1656">
     <span class='ocr_line' id='line_1_14' title="bbox 752 1585 2311 1656; baseline 0.006 -21"><span class='ocrx_word' id='word_1_85' title='bbox 752 1585 910 1652; x_wconf 74' lang='lat' dir='ltr'><strong>laget,</strong></span> <span class='ocrx_word' id='word_1_86' title='bbox 948 1587 1162 1654; x_wconf 87' lang='lat' dir='ltr'><strong>proprie</strong></span> <span class='ocrx_word' id='word_1_87' title='bbox 1196 1587 1581 1642; x_wconf 70' lang='lat' dir='ltr'><strong>diciGrteciam</strong></span> <span class='ocrx_word' id='word_1_88' title='bbox 1611 1590 1946 1656; x_wconf 68' lang='lat' dir='ltr'><strong>Europaaam,</strong></span> <span class='ocrx_word' id='word_1_89' title='bbox 1976 1590 2057 1643; x_wconf 91' lang='lat' dir='ltr'><strong>vel</strong></span> <span class='ocrx_word' id='word_1_90' title='bbox 2090 1591 2311 1644; x_wconf 82' lang='lat' dir='ltr'><strong>verbum</strong></span> 
     </span>
    </p>
   </div>
   <div class='ocr_carea' id='block_1_15' title="bbox 749 1676 2310 1747">
    <p class='ocr_par' dir='ltr' id='par_1_15' title="bbox 749 1676 2310 1747">
     <span class='ocr_line' id='line_1_15' title="bbox 749 1676 2310 1747; baseline 0.007 -22"><span class='ocrx_word' id='word_1_91' title='bbox 749 1676 916 1728; x_wconf 84' lang='lat' dir='ltr'><strong>verbo</strong></span> <span class='ocrx_word' id='word_1_92' title='bbox 945 1677 989 1728; x_wconf 90' lang='lat' dir='ltr'><strong>si</strong></span> <span class='ocrx_word' id='word_1_93' title='bbox 1031 1677 1253 1740; x_wconf 80' lang='lat' dir='ltr'><strong>reddas,</strong></span> <span class='ocrx_word' id='word_1_94' title='bbox 1292 1679 1513 1732; x_wconf 67' lang='lat' dir='ltr'><strong>Grazcizc</strong></span> <span class='ocrx_word' id='word_1_95' title='bbox 1564 1680 1840 1747; x_wconf 75' lang='lat' dir='ltr'><strong>regionem</strong></span> <span class='ocrx_word' id='word_1_96' title='bbox 1873 1697 1886 1734; x_wconf 90' lang='lat'><strong>:</strong></span> <span class='ocrx_word' id='word_1_97' title='bbox 1914 1696 2036 1735; x_wconf 94' lang='lat' dir='ltr'><strong>cum</strong></span> <span class='ocrx_word' id='word_1_98' title='bbox 2079 1679 2251 1736; x_wconf 71' lang='lat' dir='ltr'><strong>Graeci</strong></span> <span class='ocrx_word' id='word_1_99' title='bbox 2283 1698 2310 1735; x_wconf 89' lang='lat' dir='ltr'><strong>a</strong></span> 
     </span>
    </p>
   </div>
   <div class='ocr_carea' id='block_1_16' title="bbox 750 1765 2386 1848">
    <p class='ocr_par' dir='ltr' id='par_1_16' title="bbox 750 1765 2386 1848">
     <span class='ocr_line' id='line_1_16' title="bbox 750 1765 2386 1848; baseline 0.006 -30"><span class='ocrx_word' id='word_1_100' title='bbox 750 1765 944 1821; x_wconf 81' lang='lat' dir='ltr'><strong>Turcis</strong></span> <span class='ocrx_word' id='word_1_101' title='bbox 974 1769 1248 1836; x_wconf 73' lang='lat' dir='ltr'><strong>eleganter</strong></span> <span class='ocrx_word' id='word_1_102' title='bbox 1271 1772 1648 1838; x_wconf 89' lang='lat' dir='ltr'><strong>loquentibus,</strong></span> <span class='ocrx_word' id='word_1_103' title='bbox 1675 1772 1923 1826; x_wconf 76' lang='lat' dir='ltr'><strong>Itumilcr</strong></span> <span class='ocrx_word' id='word_1_104' title='bbox 1954 1774 2036 1827; x_wconf 85' lang='lat' dir='ltr'><strong>vel</strong></span> <span class='ocrx_word' id='word_1_105' title='bbox 2071 1772 2314 1826; x_wconf 81' lang='lat' dir='ltr'><strong>Rumilar</strong></span> <span class='ocrx_word' id='word_1_106' title='bbox 2347 1787 2386 1848; x_wconf 69' lang='grc' dir='ltr'>β</span> 
     </span>
    </p>
   </div>
   <div class='ocr_carea' id='block_1_17' title="bbox 751 1860 2315 1932">
    <p class='ocr_par' dir='ltr' id='par_1_17' title="bbox 751 1860 2315 1932">
     <span class='ocr_line' id='line_1_17' title="bbox 751 1860 2315 1932; baseline 0.006 -24"><span class='ocrx_word' id='word_1_107' title='bbox 751 1860 1114 1926; x_wconf 85' lang='lat' dir='ltr'><strong>appellentur,</strong></span> <span class='ocrx_word' id='word_1_108' title='bbox 1150 1860 1429 1916; x_wconf 88' lang='lat' dir='ltr'><strong>Urmnilar</strong></span> <span class='ocrx_word' id='word_1_109' title='bbox 1480 1878 1509 1916; x_wconf 81' lang='lat' dir='ltr'><strong>a</strong></span> <span class='ocrx_word' id='word_1_110' title='bbox 1539 1865 1717 1932; x_wconf 84' lang='lat' dir='ltr'><strong>vulgo.</strong></span> <span class='ocrx_word' id='word_1_111' title='bbox 1752 1861 1957 1918; x_wconf 79' lang='lat' dir='ltr'><strong>Rumes</strong></span> <span class='ocrx_word' id='word_1_112' title='bbox 2010 1863 2219 1919; x_wconf 67' lang='lat' dir='ltr'><strong>Garzim</strong></span> <span class='ocrx_word' id='word_1_113' title='bbox 2247 1866 2315 1918; x_wconf 85' lang='lat' dir='ltr'><strong>ab</strong></span> 
     </span>
    </p>
   </div>
   <div class='ocr_carea' id='block_1_18' title="bbox 749 1949 2317 2022">
    <p class='ocr_par' dir='ltr' id='par_1_18' title="bbox 749 1949 2317 2022">
     <span class='ocr_line' id='line_1_18' title="bbox 749 1949 2317 2022; baseline 0.004 -20"><span class='ocrx_word' id='word_1_114' title='bbox 749 1949 902 2014; x_wconf 75' lang='lat' dir='ltr'><strong>(li-ta,</strong></span> <span class='ocrx_word' id='word_1_115' title='bbox 936 1951 1094 2020; x_wconf 89' lang='lat' dir='ltr'><strong>cujus</strong></span> <span class='ocrx_word' id='word_1_116' title='bbox 1117 1953 1314 2020; x_wconf 83' lang='lat' dir='ltr'><strong>interp.</strong></span> <span class='ocrx_word' id='word_1_117' title='bbox 1341 1955 1474 2007; x_wconf 89' lang='lat' dir='ltr'><strong>clar.</strong></span> <span class='ocrx_word' id='word_1_118' title='bbox 1503 1963 1554 2006; x_wconf 90' lang='lat' dir='ltr'><strong>et</strong></span> <span class='ocrx_word' id='word_1_119' title='bbox 1585 1965 1698 2022; x_wconf 90' lang='lat' dir='ltr'><strong>opt.</strong></span> <span class='ocrx_word' id='word_1_120' title='bbox 1726 1955 1866 2016; x_wconf 88' lang='lat' dir='ltr'><strong>viro,</strong></span> <span class='ocrx_word' id='word_1_121' title='bbox 1904 1956 2110 2008; x_wconf 81' lang='lat' dir='ltr'><strong>Karqu</strong></span> <span class='ocrx_word' id='word_1_122' title='bbox 2131 1958 2317 2010; x_wconf 89' lang='lat' dir='ltr'><strong>Clusio</strong></span> 
     </span>
    </p>
   </div>
   <div class='ocr_carea' id='block_1_19' title="bbox 751 2045 2315 2117">
    <p class='ocr_par' dir='ltr' id='par_1_19' title="bbox 751 2045 2315 2117">
     <span class='ocr_line' id='line_1_19' title="bbox 751 2045 2315 2117; baseline 0.004 -22"><span class='ocrx_word' id='word_1_123' title='bbox 751 2053 940 2098; x_wconf 89' lang='lat' dir='ltr'><strong>nostro</strong></span> <span class='ocrx_word' id='word_1_124' title='bbox 972 2045 1258 2106; x_wconf 86' lang='lat' dir='ltr'><strong>debemus,</strong></span> <span class='ocrx_word' id='word_1_125' title='bbox 1295 2047 1538 2101; x_wconf 86' lang='lat' dir='ltr'><strong>Thraces</strong></span> <span class='ocrx_word' id='word_1_126' title='bbox 1574 2057 1734 2111; x_wconf 88' lang='lat' dir='ltr'><strong>sunt,</strong></span> <span class='ocrx_word' id='word_1_127' title='bbox 1790 2049 1917 2099; x_wconf 89' lang='lat' dir='ltr'><strong>dum</strong></span> <span class='ocrx_word' id='word_1_128' title='bbox 1953 2057 2159 2116; x_wconf 86' lang='lat' dir='ltr'><strong>partem</strong></span> <span class='ocrx_word' id='word_1_129' title='bbox 2217 2063 2315 2117; x_wconf 89' lang='lat' dir='ltr'><strong>pro</strong></span> 
     </span>
    </p>
   </div>
   <div class='ocr_carea' id='block_1_20' title="bbox 750 2136 2314 2207">
    <p class='ocr_par' dir='ltr' id='par_1_20' title="bbox 750 2136 2314 2207">
     <span class='ocr_line' id='line_1_20' title="bbox 750 2136 2314 2207; baseline 0.006 -23"><span class='ocrx_word' id='word_1_130' title='bbox 750 2140 869 2185; x_wconf 85' lang='lat' dir='ltr'><strong>toto</strong></span> <span class='ocrx_word' id='word_1_131' title='bbox 906 2139 1094 2188; x_wconf 87' lang='lat' dir='ltr'><strong>sumit.</strong></span> <span class='ocrx_word' id='word_1_132' title='bbox 1139 2136 1350 2205; x_wconf 85' lang='lat' dir='ltr'><strong>Quippe</strong></span> <span class='ocrx_word' id='word_1_133' title='bbox 1377 2137 1631 2191; x_wconf 86' lang='lat' dir='ltr'><strong>universa</strong></span> <span class='ocrx_word' id='word_1_134' title='bbox 1665 2137 1928 2207; x_wconf 72' lang='lat' dir='ltr'><strong>Europzea</strong></span> <span class='ocrx_word' id='word_1_135' title='bbox 1958 2138 2190 2202; x_wconf 71' lang='lat' dir='ltr'><strong>Graecia,</strong></span> <span class='ocrx_word' id='word_1_136' title='bbox 2216 2154 2314 2193; x_wconf 90' lang='lat' dir='ltr'><strong>ceu</strong></span> 
     </span>
    </p>
   </div>
   <div class='ocr_carea' id='block_1_21' title="bbox 750 2225 2312 2300">
    <p class='ocr_par' dir='ltr' id='par_1_21' title="bbox 750 2225 2312 2300">
     <span class='ocr_line' id='line_1_21' title="bbox 750 2225 2312 2300; baseline 0.005 -25"><span class='ocrx_word' id='word_1_137' title='bbox 750 2225 1008 2290; x_wconf 61' lang='lat' dir='ltr'><strong>diximus,</strong></span> <span class='ocrx_word' id='word_1_138' title='bbox 1041 2228 1303 2281; x_wconf 84' lang='lat' dir='ltr'><strong>Romania</strong></span> <span class='ocrx_word' id='word_1_139' title='bbox 1329 2239 1602 2284; x_wconf 81' lang='lat' dir='ltr'><strong>vocatur:</strong></span> <span class='ocrx_word' id='word_1_140' title='bbox 1638 2230 1796 2298; x_wconf 83' lang='lat' dir='ltr'><strong>cujus</strong></span> <span class='ocrx_word' id='word_1_141' title='bbox 1820 2238 1873 2283; x_wconf 87' lang='lat' dir='ltr'><strong>et</strong></span> <span class='ocrx_word' id='word_1_142' title='bbox 1932 2239 2121 2300; x_wconf 83' lang='lat' dir='ltr'><strong>partes</strong></span> <span class='ocrx_word' id='word_1_143' title='bbox 2171 2230 2312 2298; x_wconf 64' lang='lat' dir='ltr'><strong>duas,</strong></span> 
     </span>
    </p>
   </div>
   <div class='ocr_carea' id='block_1_22' title="bbox 753 2318 2313 2392">
    <p class='ocr_par' dir='ltr' id='par_1_22' title="bbox 753 2318 2313 2392">
     <span class='ocr_line' id='line_1_22' title="bbox 753 2318 2313 2392; baseline 0.005 -23"><span class='ocrx_word' id='word_1_144' title='bbox 753 2318 983 2371; x_wconf 85' lang='lat' dir='ltr'><strong>Thracia</strong></span> <span class='ocrx_word' id='word_1_145' title='bbox 1015 2320 1241 2380; x_wconf 81' lang='lat' dir='ltr'><strong>scilicet,</strong></span> <span class='ocrx_word' id='word_1_146' title='bbox 1275 2320 1588 2390; x_wconf 77' lang='lat' dir='ltr'><strong>Argivaque</strong></span> <span class='ocrx_word' id='word_1_147' title='bbox 1628 2324 1800 2392; x_wconf 79' lang='lat' dir='ltr'><strong>regio,</strong></span> <span class='ocrx_word' id='word_1_148' title='bbox 1828 2323 1988 2392; x_wconf 85' lang='lat' dir='ltr'><strong>cujus</strong></span> <span class='ocrx_word' id='word_1_149' title='bbox 2035 2323 2165 2376; x_wconf 90' lang='lat' dir='ltr'><strong>urbs</strong></span> <span class='ocrx_word' id='word_1_150' title='bbox 2192 2339 2313 2377; x_wconf 91' lang='lat' dir='ltr'><strong>mu-</strong></span> 
     </span>
    </p>
   </div>
   <div class='ocr_carea' id='block_1_23' title="bbox 753 2407 2316 2480">
    <p class='ocr_par' dir='ltr' id='par_1_23' title="bbox 753 2407 2316 2480">
     <span class='ocr_line' id='line_1_23' title="bbox 753 2407 2316 2480; baseline 0.006 -24"><span class='ocrx_word' id='word_1_151' title='bbox 753 2407 1018 2462; x_wconf 80' lang='lat' dir='ltr'><strong>nitissima</strong></span> <span class='ocrx_word' id='word_1_152' title='bbox 1060 2409 1246 2477; x_wconf 78' lang='lat' dir='ltr'><strong>Napoti</strong></span> <span class='ocrx_word' id='word_1_153' title='bbox 1286 2411 1336 2464; x_wconf 87' lang='lat' dir='ltr'><strong>di</strong></span> <span class='ocrx_word' id='word_1_154' title='bbox 1370 2410 1632 2464; x_wconf 73' lang='lat' dir='ltr'><strong>Itomnuia</strong></span> <span class='ocrx_word' id='word_1_155' title='bbox 1660 2412 1880 2480; x_wconf 88' lang='lat' dir='ltr'><strong>dicitur,</strong></span> <span class='ocrx_word' id='word_1_156' title='bbox 1906 2413 2185 2468; x_wconf 64' lang='lat' dir='ltr'><strong>Romanis:</strong></span> <span class='ocrx_word' id='word_1_157' title='bbox 2222 2429 2316 2466; x_wconf 93' lang='lat' dir='ltr'><strong>no-</strong></span> 
     </span>
    </p>
   </div>
   <div class='ocr_carea' id='block_1_24' title="bbox 753 2500 1170 2553">
    <p class='ocr_par' dir='ltr' id='par_1_24' title="bbox 753 2500 1170 2553">
     <span class='ocr_line' id='line_1_24' title="bbox 753 2500 1170 2553; baseline 0.017 -7"><span class='ocrx_word' id='word_1_158' title='bbox 753 2513 872 2548; x_wconf 69' lang='lat' dir='ltr'><strong>men</strong></span> <span class='ocrx_word' id='word_1_159' title='bbox 905 2500 1170 2553; x_wconf 76' lang='lat' dir='ltr'><strong>obtinent.</strong></span> 
     </span>
    </p>
   </div>
   <div class='ocr_carea' id='block_1_25' title="bbox 752 2611 2314 2686">
    <p class='ocr_par' dir='ltr' id='par_1_25' title="bbox 752 2611 2314 2686">
     <span class='ocr_line' id='line_1_25' title="bbox 752 2611 2314 2686; baseline 0.004 -23"><span class='ocrx_word' id='word_1_160' title='bbox 752 2611 804 2663; x_wconf 82' lang='lat'><strong>9.</strong></span> <span class='ocrx_word' id='word_1_161' title='bbox 852 2611 1148 2679; x_wconf 75' lang='lat' dir='ltr'><strong>Tam/tari,</strong></span> <span class='ocrx_word' id='word_1_162' title='bbox 1197 2615 1446 2686; x_wconf 78' lang='lat' dir='ltr'><strong>Tuugort’,</strong></span> <span class='ocrx_word' id='word_1_163' title='bbox 1491 2616 1752 2671; x_wconf 79' lang='lat' dir='ltr'><strong>Tunc/tari</strong></span> <span class='ocrx_word' id='word_1_164' title='bbox 1785 2617 2101 2672; x_wconf 84' lang='lat' dir='ltr'><strong>Talarorum</strong></span> <span class='ocrx_word' id='word_1_165' title='bbox 2149 2618 2314 2671; x_wconf 83' lang='lat' dir='ltr'><strong>natio.</strong></span> 
     </span>
    </p>
   </div>
   <div class='ocr_carea' id='block_1_26' title="bbox 822 2728 2316 2795">
    <p class='ocr_par' dir='ltr' id='par_1_26' title="bbox 822 2728 2316 2795">
     <span class='ocr_line' id='line_1_26' title="bbox 822 2728 2316 2795; baseline 0.001 -15"><span class='ocrx_word' id='word_1_166' title='bbox 822 2728 1026 2781; x_wconf 89' lang='lat' dir='ltr'><strong>Nomen</strong></span> <span class='ocrx_word' id='word_1_167' title='bbox 1063 2729 1319 2792; x_wconf 83' lang='lat' dir='ltr'><strong>nationis,</strong></span> <span class='ocrx_word' id='word_1_168' title='bbox 1381 2745 1500 2795; x_wconf 73' lang='lat' dir='ltr'><strong>que</strong></span> <span class='ocrx_word' id='word_1_169' title='bbox 1572 2730 1768 2783; x_wconf 83' lang='lat' dir='ltr'><strong>bellum</strong></span> <span class='ocrx_word' id='word_1_170' title='bbox 1837 2729 2046 2782; x_wconf 89' lang='lat' dir='ltr'><strong>Aladini</strong></span> <span class='ocrx_word' id='word_1_171' title='bbox 2109 2728 2316 2792; x_wconf 81' lang='lat' dir='ltr'><strong>fecerit,</strong></span> 
     </span>
    </p>
   </div>
   <div class='ocr_carea' id='block_1_27' title="bbox 753 2819 2320 2886">
    <p class='ocr_par' dir='ltr' id='par_1_27' title="bbox 753 2819 2320 2886">
     <span class='ocr_line' id='line_1_27' title="bbox 753 2819 2320 2886; baseline 0.003 -16"><span class='ocrx_word' id='word_1_172' title='bbox 753 2819 992 2872; x_wconf 76' lang='lat' dir='ltr'><strong>Annales</strong></span> <span class='ocrx_word' id='word_1_173' title='bbox 1026 2819 1077 2872; x_wconf 91' lang='lat' dir='ltr'><strong>hi</strong></span> <span class='ocrx_word' id='word_1_174' title='bbox 1113 2834 1219 2872; x_wconf 92' lang='lat' dir='ltr'><strong>non</strong></span> <span class='ocrx_word' id='word_1_175' title='bbox 1251 2821 1564 2886; x_wconf 79' lang='lat' dir='ltr'><strong>exprimunt</strong></span> <span class='ocrx_word' id='word_1_176' title='bbox 1600 2821 1727 2874; x_wconf 86' lang='lat' dir='ltr'><strong>:scd</strong></span> <span class='ocrx_word' id='word_1_177' title='bbox 1752 2837 1816 2873; x_wconf 79' lang='lat' dir='ltr'><strong>rx</strong></span> <span class='ocrx_word' id='word_1_178' title='bbox 1841 2821 2074 2876; x_wconf 72' lang='lat' dir='ltr'><strong>Prtetore</strong></span> <span class='ocrx_word' id='word_1_179' title='bbox 2097 2821 2320 2875; x_wconf 67' lang='lat' dir='ltr'><strong>Gmcize</strong></span> 
     </span>
    </p>
   </div>
   <div class='ocr_carea' id='block_1_28' title="bbox 754 2910 2318 2981">
    <p class='ocr_par' dir='ltr' id='par_1_28' title="bbox 754 2910 2318 2981">
     <span class='ocr_line' id='line_1_28' title="bbox 754 2910 2318 2981; baseline 0.006 -22"><span class='ocrx_word' id='word_1_180' title='bbox 754 2921 942 2962; x_wconf 87' lang='lat' dir='ltr'><strong>nostro</strong></span> <span class='ocrx_word' id='word_1_181' title='bbox 992 2923 1166 2978; x_wconf 80' lang='lat' dir='ltr'><strong>paret,</strong></span> <span class='ocrx_word' id='word_1_182' title='bbox 1219 2911 1453 2965; x_wconf 88' lang='lat' dir='ltr'><strong>sultanis</strong></span> <span class='ocrx_word' id='word_1_183' title='bbox 1473 2910 1844 2966; x_wconf 86' lang='lat' dir='ltr'><strong>Iconicnsibus</strong></span> <span class='ocrx_word' id='word_1_184' title='bbox 1870 2923 2124 2981; x_wconf 87' lang='lat' dir='ltr'><strong>perpetua</strong></span> <span class='ocrx_word' id='word_1_185' title='bbox 2151 2914 2318 2969; x_wconf 88' lang='lat' dir='ltr'><strong>fuisse</strong></span> 
     </span>
    </p>
   </div>
   <div class='ocr_carea' id='block_1_29' title="bbox 751 3001 2316 3072">
    <p class='ocr_par' dir='ltr' id='par_1_29' title="bbox 751 3001 2316 3072">
     <span class='ocr_line' id='line_1_29' title="bbox 751 3001 2316 3072; baseline 0.005 -19"><span class='ocrx_word' id='word_1_186' title='bbox 751 3016 876 3053; x_wconf 90' lang='lat' dir='ltr'><strong>cum</strong></span> <span class='ocrx_word' id='word_1_187' title='bbox 942 3001 1008 3055; x_wconf 91' lang='lat' dir='ltr'><strong>iis</strong></span> <span class='ocrx_word' id='word_1_188' title='bbox 1068 3001 1282 3057; x_wconf 80' lang='lat' dir='ltr'><strong>Tataris</strong></span> <span class='ocrx_word' id='word_1_189' title='bbox 1307 3001 1462 3066; x_wconf 89' lang='lat' dir='ltr'><strong>bella,</strong></span> <span class='ocrx_word' id='word_1_190' title='bbox 1493 3019 1632 3072; x_wconf 86' lang='lat' dir='ltr'><strong>quos</strong></span> <span class='ocrx_word' id='word_1_191' title='bbox 1663 3006 1778 3072; x_wconf 88' lang='lat' dir='ltr'><strong>ipse</strong></span> <span class='ocrx_word' id='word_1_192' title='bbox 1797 3005 2114 3060; x_wconf 84' lang='lat' dir='ltr'><strong>Tancharos</strong></span> <span class='ocrx_word' id='word_1_193' title='bbox 2140 3017 2316 3070; x_wconf 88' lang='lat' dir='ltr'><strong>vocat,</strong></span> 
     </span>
    </p>
   </div>
   <div class='ocr_carea' id='block_1_30' title="bbox 754 3093 2388 3182">
    <p class='ocr_par' dir='ltr' id='par_1_30' title="bbox 754 3093 2388 3182">
     <span class='ocr_line' id='line_1_30' title="bbox 754 3093 2388 3182; baseline 0.006 -40"><span class='ocrx_word' id='word_1_194' title='bbox 754 3093 1032 3161; x_wconf 83' lang='lat' dir='ltr'><strong>Aytltonus</strong></span> <span class='ocrx_word' id='word_1_195' title='bbox 1086 3093 1384 3162; x_wconf 81' lang='lat' dir='ltr'><strong>Tangoros.</strong></span> <span class='ocrx_word' id='word_1_196' title='bbox 1413 3093 1526 3148; x_wconf 83' lang='lat' dir='ltr'><strong>Non</strong></span> <span class='ocrx_word' id='word_1_197' title='bbox 1559 3096 1700 3149; x_wconf 90' lang='lat' dir='ltr'><strong>enim</strong></span> <span class='ocrx_word' id='word_1_198' title='bbox 1730 3097 1943 3162; x_wconf 69' lang='lat' dir='ltr'><strong>Tangot</strong></span> <span class='ocrx_word' id='word_1_199' title='bbox 1971 3097 2111 3165; x_wconf 83' lang='lat' dir='ltr'><strong>apud</strong></span> <span class='ocrx_word' id='word_1_200' title='bbox 2174 3099 2319 3152; x_wconf 91' lang='lat' dir='ltr'><strong>hunc</strong></span> <span class='ocrx_word' id='word_1_201' title='bbox 2347 3124 2388 3182; x_wconf 69' lang='grc' dir='ltr'>ο</span> 
     </span>
    </p>
   </div>
   <div class='ocr_carea' id='block_1_31' title="bbox 754 3185 2318 3258">
    <p class='ocr_par' dir='ltr' id='par_1_31' title="bbox 754 3185 2318 3258">
     <span class='ocr_line' id='line_1_31' title="bbox 754 3185 2318 3258; baseline 0.005 -20"><span class='ocrx_word' id='word_1_202' title='bbox 754 3185 1126 3247; x_wconf 73' lang='lat' dir='ltr'><strong>scribendum,</strong></span> <span class='ocrx_word' id='word_1_203' title='bbox 1155 3187 1252 3241; x_wconf 84' lang='lat' dir='ltr'><strong>sed</strong></span> <span class='ocrx_word' id='word_1_204' title='bbox 1300 3186 1541 3257; x_wconf 85' lang='lat' dir='ltr'><strong>Tangor.</strong></span> <span class='ocrx_word' id='word_1_205' title='bbox 1592 3189 1783 3242; x_wconf 89' lang='lat' dir='ltr'><strong>Itidem</strong></span> <span class='ocrx_word' id='word_1_206' title='bbox 1835 3187 2044 3244; x_wconf 90' lang='lat' dir='ltr'><strong>Ortelio</strong></span> <span class='ocrx_word' id='word_1_207' title='bbox 2105 3190 2318 3258; x_wconf 78' lang='lat' dir='ltr'><strong>Tangut</strong></span> 
     </span>
    </p>
   </div>
   <div class='ocr_carea' id='block_1_32' title="bbox 754 3277 2317 3353">
    <p class='ocr_par' dir='ltr' id='par_1_32' title="bbox 754 3277 2317 3353">
     <span class='ocr_line' id='line_1_32' title="bbox 754 3277 2317 3353; baseline 0.003 -24"><span class='ocrx_word' id='word_1_208' title='bbox 754 3277 902 3343; x_wconf 74' lang='lat' dir='ltr'><strong>regio</strong></span> <span class='ocrx_word' id='word_1_209' title='bbox 938 3287 1183 3342; x_wconf 76' lang='lat' dir='ltr'><strong>vocatur,</strong></span> <span class='ocrx_word' id='word_1_210' title='bbox 1211 3293 1333 3347; x_wconf 72' lang='lat' dir='ltr'><strong>qua:</strong></span> <span class='ocrx_word' id='word_1_211' title='bbox 1359 3281 1562 3333; x_wconf 89' lang='lat' dir='ltr'><strong>rectius</strong></span> <span class='ocrx_word' id='word_1_212' title='bbox 1595 3278 1838 3349; x_wconf 87' lang='lat' dir='ltr'><strong>Tangur.</strong></span> <span class='ocrx_word' id='word_1_213' title='bbox 1895 3282 2047 3350; x_wconf 90' lang='lat' dir='ltr'><strong>Apud</strong></span> <span class='ocrx_word' id='word_1_214' title='bbox 2104 3282 2317 3353; x_wconf 85' lang='lat' dir='ltr'><strong>Pachy-</strong></span> 
     </span>
    </p>
   </div>
   <div class='ocr_carea' id='block_1_33' title="bbox 755 3368 2322 3437">
    <p class='ocr_par' dir='ltr' id='par_1_33' title="bbox 755 3368 2322 3437">
     <span class='ocr_line' id='line_1_33' title="bbox 755 3368 2322 3437; baseline 0.006 -18"><span class='ocrx_word' id='word_1_215' title='bbox 755 3369 1014 3433; x_wconf 81' lang='lat' dir='ltr'><strong>merium,</strong></span> <span class='ocrx_word' id='word_1_216' title='bbox 1037 3378 1091 3422; x_wconf 92' lang='lat' dir='ltr'><strong>et</strong></span> <span class='ocrx_word' id='word_1_217' title='bbox 1111 3369 1248 3424; x_wconf 87' lang='lat' dir='ltr'><strong>alios</strong></span> <span class='ocrx_word' id='word_1_218' title='bbox 1271 3368 1513 3433; x_wconf 60' lang='lat' dir='ltr'><strong>Grecos,</strong></span> <span class='ocrx_word' id='word_1_219' title='bbox 1564 3370 1824 3437; x_wconf 86' lang='lat' dir='ltr'><strong>Tochari,</strong></span> <span class='ocrx_word' id='word_1_220' title='bbox 1849 3373 2094 3428; x_wconf 88' lang='lat' dir='ltr'><strong>detracta</strong></span> <span class='ocrx_word' id='word_1_221' title='bbox 2138 3374 2322 3429; x_wconf 86' lang='lat' dir='ltr'><strong>littera</strong></span> 
     </span>
    </p>
   </div>
   <div class='ocr_carea' id='block_1_34' title="bbox 753 3462 2314 3533">
    <p class='ocr_par' dir='ltr' id='par_1_34' title="bbox 753 3462 2314 3533">
     <span class='ocr_line' id='line_1_34' title="bbox 753 3462 2314 3533; baseline 0.006 -22"><span class='ocrx_word' id='word_1_222' title='bbox 753 3477 807 3526; x_wconf 83' lang='grc' dir='ltr'><strong>γ,</strong></span> <span class='ocrx_word' id='word_1_223' title='bbox 844 3462 1131 3528; x_wconf 79' lang='lat' dir='ltr'><strong>leguntur:</strong></span> <span class='ocrx_word' id='word_1_224' title='bbox 1166 3463 1258 3530; x_wconf 85' lang='lat' dir='ltr'><strong>qui</strong></span> <span class='ocrx_word' id='word_1_225' title='bbox 1313 3464 1498 3519; x_wconf 81' lang='lat' dir='ltr'><strong>verius</strong></span> <span class='ocrx_word' id='word_1_226' title='bbox 1549 3464 1972 3533; x_wconf 81' lang='lat' dir='ltr'><strong>appellabuntur</strong></span> <span class='ocrx_word' id='word_1_227' title='bbox 2021 3465 2314 3521; x_wconf 86' lang='lat' dir='ltr'><strong>Tonchari.</strong></span> 
     </span>
    </p>
   </div>
   <div class='ocr_carea' id='block_1_35' title="bbox 754 3574 2318 3654">
    <p class='ocr_par' dir='ltr' id='par_1_35' title="bbox 754 3574 2318 3654">
     <span class='ocr_line' id='line_1_35' title="bbox 754 3574 2318 3654; baseline 0.006 -24"><span class='ocrx_word' id='word_1_228' title='bbox 754 3575 841 3630; x_wconf 80' lang='grc'><strong>10.</strong></span> <span class='ocrx_word' id='word_1_229' title='bbox 868 3576 994 3632; x_wconf 75' lang='lat' dir='ltr'><strong>Urbs</strong></span> <span class='ocrx_word' id='word_1_230' title='bbox 1015 3574 1239 3647; x_wconf 82' lang='lat' dir='ltr'><strong>Engtm&#39;,</strong></span> <span class='ocrx_word' id='word_1_231' title='bbox 1260 3577 1492 3650; x_wconf 72' lang='lat' dir='ltr'><strong>Ancyra.</strong></span> <span class='ocrx_word' id='word_1_232' title='bbox 1508 3579 1898 3637; x_wconf 78' lang='lat' dir='ltr'><strong>Monumentum</strong></span> <span class='ocrx_word' id='word_1_233' title='bbox 1922 3592 2063 3638; x_wconf 75' lang='lat' dir='ltr'><strong>uetus</strong></span> <span class='ocrx_word' id='word_1_234' title='bbox 2087 3583 2318 3654; x_wconf 79' lang='lat' dir='ltr'><strong>Ancyra-</strong></span> 
     </span>
    </p>
   </div>
   <div class='ocr_carea' id='block_1_36' title="bbox 824 3742 2317 3816">
    <p class='ocr_par' dir='ltr' id='par_1_36' title="bbox 824 3742 2317 3816">
     <span class='ocr_line' id='line_1_36' title="bbox 824 3742 2317 3816; baseline 0.006 -21"><span class='ocrx_word' id='word_1_235' title='bbox 824 3742 1082 3808; x_wconf 84' lang='lat' dir='ltr'><strong>Engurim</strong></span> <span class='ocrx_word' id='word_1_236' title='bbox 1112 3743 1278 3799; x_wconf 85' lang='lat' dir='ltr'><strong>Turci</strong></span> <span class='ocrx_word' id='word_1_237' title='bbox 1306 3756 1504 3799; x_wconf 75' lang='lat' dir='ltr'><strong>vocant</strong></span> <span class='ocrx_word' id='word_1_238' title='bbox 1556 3747 1748 3800; x_wconf 81' lang='lat' dir='ltr'><strong>urbem</strong></span> <span class='ocrx_word' id='word_1_239' title='bbox 1788 3746 2043 3803; x_wconf 70' lang='lat' dir='ltr'><strong>Asiaticae</strong></span> <span class='ocrx_word' id='word_1_240' title='bbox 2063 3748 2317 3816; x_wconf 58' lang='lat' dir='ltr'><strong>Galatiae,</strong></span> 
     </span>
    </p>
   </div>
   <div class='ocr_carea' id='block_1_37' title="bbox 752 3834 2316 3911">
    <p class='ocr_par' dir='ltr' id='par_1_37' title="bbox 752 3834 2316 3911">
     <span class='ocr_line' id='line_1_37' title="bbox 752 3834 2316 3911; baseline 0.007 -26"><span class='ocrx_word' id='word_1_241' title='bbox 752 3848 873 3902; x_wconf 64' lang='lat' dir='ltr'><strong>quac</strong></span> <span class='ocrx_word' id='word_1_242' title='bbox 905 3834 1052 3889; x_wconf 89' lang='lat' dir='ltr'><strong>dicta</strong></span> <span class='ocrx_word' id='word_1_243' title='bbox 1114 3836 1311 3904; x_wconf 89' lang='lat' dir='ltr'><strong>priscis</strong></span> <span class='ocrx_word' id='word_1_244' title='bbox 1365 3837 1466 3890; x_wconf 78' lang='lat' dir='ltr'><strong>fuit</strong></span> <span class='ocrx_word' id='word_1_245' title='bbox 1523 3841 1759 3907; x_wconf 84' lang='lat' dir='ltr'><strong>Ancyra,</strong></span> <span class='ocrx_word' id='word_1_246' title='bbox 1788 3847 1845 3893; x_wconf 83' lang='lat' dir='ltr'><strong>et</strong></span> <span class='ocrx_word' id='word_1_247' title='bbox 1872 3838 2316 3911; x_wconf 86' lang='lat' dir='ltr'><strong>LeoniAugusto</strong></span> 
     </span>
    </p>
   </div>
   <div class='ocr_carea' id='block_1_38' title="bbox 751 3928 2318 4002">
    <p class='ocr_par' dir='ltr' id='par_1_38' title="bbox 751 3928 2318 4002">
     <span class='ocr_line' id='line_1_38' title="bbox 751 3928 2318 4002; baseline 0.007 -24"><span class='ocrx_word' id='word_1_248' title='bbox 751 3937 945 3994; x_wconf 88' lang='lat' dir='ltr'><strong>quarta</strong></span> <span class='ocrx_word' id='word_1_249' title='bbox 973 3928 1296 3983; x_wconf 80' lang='lat' dir='ltr'><strong>thronorum</strong></span> <span class='ocrx_word' id='word_1_250' title='bbox 1359 3929 1414 3982; x_wconf 86' lang='lat' dir='ltr'><strong>in</strong></span> <span class='ocrx_word' id='word_1_251' title='bbox 1446 3930 1640 3985; x_wconf 81' lang='lat' dir='ltr'><strong>ordine</strong></span> <span class='ocrx_word' id='word_1_252' title='bbox 1690 3934 2012 4002; x_wconf 87' lang='lat' dir='ltr'><strong>metropolis</strong></span> <span class='ocrx_word' id='word_1_253' title='bbox 2075 3943 2164 3990; x_wconf 85' lang='lat' dir='ltr'><strong>est</strong></span> <span class='ocrx_word' id='word_1_254' title='bbox 2215 3935 2318 3990; x_wconf 85' lang='lat' dir='ltr'><strong>sub</strong></span> 
     </span>
    </p>
   </div>
   <div class='ocr_carea' id='block_1_39' title="bbox 753 4015 2318 4087">
    <p class='ocr_par' dir='ltr' id='par_1_39' title="bbox 753 4015 2318 4087">
     <span class='ocr_line' id='line_1_39' title="bbox 753 4015 2318 4087; baseline 0.006 -19"><span class='ocrx_word' id='word_1_255' title='bbox 753 4015 1064 4082; x_wconf 86' lang='lat' dir='ltr'><strong>patriarcha</strong></span> <span class='ocrx_word' id='word_1_256' title='bbox 1091 4015 1701 4087; x_wconf 82' lang='lat' dir='ltr'><strong>Constantinopolitano</strong></span> <span class='ocrx_word' id='word_1_257' title='bbox 1732 4038 1747 4074; x_wconf 88' lang='lat'><strong>:</strong></span> <span class='ocrx_word' id='word_1_258' title='bbox 1776 4021 1916 4077; x_wconf 86' lang='lat' dir='ltr'><strong>satis</strong></span> <span class='ocrx_word' id='word_1_259' title='bbox 1976 4022 2108 4078; x_wconf 85' lang='lat' dir='ltr'><strong>olim</strong></span> <span class='ocrx_word' id='word_1_260' title='bbox 2177 4024 2318 4080; x_wconf 85' lang='lat' dir='ltr'><strong>cele-</strong></span> 
     </span>
    </p>
   </div>
   <div class='ocr_carea' id='block_1_40' title="bbox 755 4105 2323 4182">
    <p class='ocr_par' dir='ltr' id='par_1_40' title="bbox 755 4105 2323 4182">
     <span class='ocr_line' id='line_1_40' title="bbox 755 4105 2323 4182; baseline 0.006 -26"><span class='ocrx_word' id='word_1_261' title='bbox 755 4105 868 4158; x_wconf 84' lang='lat' dir='ltr'><strong>bris</strong></span> <span class='ocrx_word' id='word_1_262' title='bbox 891 4105 1156 4159; x_wconf 84' lang='lat' dir='ltr'><strong>etiamob</strong></span> <span class='ocrx_word' id='word_1_263' title='bbox 1209 4105 1658 4174; x_wconf 77' lang='lat' dir='ltr'><strong>antiquissimam</strong></span> <span class='ocrx_word' id='word_1_264' title='bbox 1731 4109 2167 4165; x_wconf 81' lang='lat' dir='ltr'><strong>Christianorum</strong></span> <span class='ocrx_word' id='word_1_265' title='bbox 2227 4126 2323 4182; x_wconf 83' lang='lat' dir='ltr'><strong>sy-.</strong></span> 
     </span>
    </p>
   </div>
   <div class='ocr_carea' id='block_1_41' title="bbox 754 4194 2317 4268">
    <p class='ocr_par' dir='ltr' id='par_1_41' title="bbox 754 4194 2317 4268">
     <span class='ocr_line' id='line_1_41' title="bbox 754 4194 2317 4268; baseline 0.006 -22"><span class='ocrx_word' id='word_1_266' title='bbox 754 4194 977 4257; x_wconf 89' lang='lat' dir='ltr'><strong>nodum,</strong></span> <span class='ocrx_word' id='word_1_267' title='bbox 1008 4210 1129 4263; x_wconf 81' lang='lat' dir='ltr'><strong>qua:</strong></span> <span class='ocrx_word' id='word_1_268' title='bbox 1150 4195 1278 4249; x_wconf 85' lang='lat' dir='ltr'><strong>istic</strong></span> <span class='ocrx_word' id='word_1_269' title='bbox 1311 4195 1492 4250; x_wconf 87' lang='lat' dir='ltr'><strong>habita</strong></span> <span class='ocrx_word' id='word_1_270' title='bbox 1525 4196 1647 4260; x_wconf 89' lang='lat' dir='ltr'><strong>fuit,</strong></span> <span class='ocrx_word' id='word_1_271' title='bbox 1674 4207 1730 4252; x_wconf 84' lang='lat' dir='ltr'><strong>et</strong></span> <span class='ocrx_word' id='word_1_272' title='bbox 1791 4196 1951 4268; x_wconf 75' lang='lat' dir='ltr'><strong>cuius</strong></span> <span class='ocrx_word' id='word_1_273' title='bbox 1973 4208 2095 4254; x_wconf 80' lang='lat' dir='ltr'><strong>acta</strong></span> <span class='ocrx_word' id='word_1_274' title='bbox 2125 4199 2317 4255; x_wconf 84' lang='lat' dir='ltr'><strong>decre-</strong></span> 
     </span>
    </p>
   </div>
   <div class='ocr_carea' id='block_1_42' title="bbox 755 4285 2317 4361">
    <p class='ocr_par' dir='ltr' id='par_1_42' title="bbox 755 4285 2317 4361">
     <span class='ocr_line' id='line_1_42' title="bbox 755 4285 2317 4361; baseline 0.006 -25"><span class='ocrx_word' id='word_1_275' title='bbox 755 4294 915 4348; x_wconf 86' lang='lat' dir='ltr'><strong>taque</strong></span> <span class='ocrx_word' id='word_1_276' title='bbox 939 4287 1095 4352; x_wconf 89' lang='lat' dir='ltr'><strong>plena</strong></span> <span class='ocrx_word' id='word_1_277' title='bbox 1150 4285 1370 4354; x_wconf 87' lang='lat' dir='ltr'><strong>pietatis</strong></span> <span class='ocrx_word' id='word_1_278' title='bbox 1407 4294 1650 4340; x_wconf 78' lang='lat' dir='ltr'><strong>exstant.</strong></span> <span class='ocrx_word' id='word_1_279' title='bbox 1718 4288 1889 4343; x_wconf 90' lang='lat' dir='ltr'><strong>llodie</strong></span> <span class='ocrx_word' id='word_1_280' title='bbox 1941 4305 2140 4361; x_wconf 87' lang='lat' dir='ltr'><strong>magna</strong></span> <span class='ocrx_word' id='word_1_281' title='bbox 2203 4291 2317 4347; x_wconf 83' lang='lat' dir='ltr'><strong>illic</strong></span> 
     </span>
    </p>
   </div>
   <div class='ocr_carea' id='block_1_43' title="bbox 751 4376 2312 4448">
    <p class='ocr_par' dir='ltr' id='par_1_43' title="bbox 751 4376 2312 4448">
     <span class='ocr_line' id='line_1_43' title="bbox 751 4376 2312 4448; baseline 0.006 -21"><span class='ocrx_word' id='word_1_282' title='bbox 751 4376 906 4444; x_wconf 89' lang='lat' dir='ltr'><strong>copia</strong></span> <span class='ocrx_word' id='word_1_283' title='bbox 953 4379 1225 4446; x_wconf 82' lang='lat' dir='ltr'><strong>cymatilis</strong></span> <span class='ocrx_word' id='word_1_284' title='bbox 1291 4378 1378 4433; x_wconf 88' lang='lat' dir='ltr'><strong>vel</strong></span> <span class='ocrx_word' id='word_1_285' title='bbox 1434 4378 1681 4433; x_wconf 89' lang='lat' dir='ltr'><strong>undulati</strong></span> <span class='ocrx_word' id='word_1_286' title='bbox 1728 4380 1896 4448; x_wconf 87' lang='lat' dir='ltr'><strong>panni</strong></span> <span class='ocrx_word' id='word_1_287' title='bbox 1961 4381 2312 4448; x_wconf 89' lang='lat' dir='ltr'><strong>(camelotum</strong></span> 
     </span>
    </p>
   </div>
   <div class='ocr_carea' id='block_1_44' title="bbox 1971 340 2794 403">
    <p class='ocr_par' dir='ltr' id='par_1_44' title="bbox 1971 340 2794 403">
     <span class='ocr_line' id='line_1_44' title="bbox 1971 340 2794 403; baseline -0.006 -1"><span class='ocrx_word' id='word_1_288' title='bbox 1971 342 2289 403; x_wconf 52' lang='lat' dir='ltr'><strong>JUARXIS</strong></span> <span class='ocrx_word' id='word_1_289' title='bbox 2329 340 2794 400; x_wconf 61' lang='lat' dir='ltr'><strong>LlSUNCLAVd</strong></span> 
     </span>
    </p>
   </div>
   <div class='ocr_carea' id='block_1_45' title="bbox 2658 441 3994 514">
    <p class='ocr_par' dir='ltr' id='par_1_45' title="bbox 2658 441 3994 514">
     <span class='ocr_line' id='line_1_45' title="bbox 2658 441 3994 514; baseline -0.009 -12"><span class='ocrx_word' id='word_1_290' title='bbox 2658 451 2864 508; x_wconf 78' lang='grc' dir='ltr'><strong>κτίσας</strong></span> <span class='ocrx_word' id='word_1_291' title='bbox 2893 448 2949 501; x_wconf 84' lang='grc' dir='ltr'><strong>δὲ</strong></span> <span class='ocrx_word' id='word_1_292' title='bbox 2987 449 3192 509; x_wconf 68' lang='grc' dir='ltr'><strong>πόλεις,</strong></span> <span class='ocrx_word' id='word_1_293' title='bbox 3231 447 3359 514; x_wconf 71' lang='grc' dir='ltr'><strong>μίαν</strong></span> <span class='ocrx_word' id='word_1_294' title='bbox 3412 444 3470 494; x_wconf 79' lang='grc' dir='ltr'><strong>ἐν</strong></span> <span class='ocrx_word' id='word_1_295' title='bbox 3513 441 3585 508; x_wconf 77' lang='grc' dir='ltr'><strong>τῷ</strong></span> <span class='ocrx_word' id='word_1_296' title='bbox 3643 442 3847 507; x_wconf 60' lang='grc' dir='ltr'><strong>Πόντῳ,</strong></span> <span class='ocrx_word' id='word_1_297' title='bbox 3903 443 3994 490; x_wconf 64' lang='grc' dir='ltr'><strong>καὶ</strong></span> 
     </span>
    </p>
   </div>
   <div class='ocr_carea' id='block_1_46' title="bbox 2425 536 3996 610">
    <p class='ocr_par' dir='ltr' id='par_1_46' title="bbox 2425 536 3996 610">
     <span class='ocr_line' id='line_1_46' title="bbox 2425 536 3996 610; baseline -0.01 -14"><span class='ocrx_word' id='word_1_298' title='bbox 2425 542 2594 610; x_wconf 78' lang='grc' dir='ltr'>ἄλλην</span> <span class='ocrx_word' id='word_1_299' title='bbox 2625 543 2682 593; x_wconf 77' lang='grc' dir='ltr'><strong>ἐν</strong></span> <span class='ocrx_word' id='word_1_300' title='bbox 2709 543 2774 609; x_wconf 81' lang='grc' dir='ltr'><strong>τῇ</strong></span> <span class='ocrx_word' id='word_1_301' title='bbox 2825 541 3080 610; x_wconf 65' lang='lat' dir='ltr'><strong>’Apaﬁlq,</strong></span> <span class='ocrx_word' id='word_1_302' title='bbox 3117 540 3211 590; x_wconf 72' lang='grc' dir='ltr'>καὶ</span> <span class='ocrx_word' id='word_1_303' title='bbox 3246 536 3436 600; x_wconf 77' lang='grc' dir='ltr'><strong>ἑτέραν</strong></span> <span class='ocrx_word' id='word_1_304' title='bbox 3465 538 3521 588; x_wconf 82' lang='grc' dir='ltr'><strong>ὲν</strong></span> <span class='ocrx_word' id='word_1_305' title='bbox 3555 536 3728 603; x_wconf 80' lang='grc' dir='ltr'>Συρίᾳ</span> <span class='ocrx_word' id='word_1_306' title='bbox 3754 548 3996 588; x_wconf 75' lang='grc' dir='ltr'><strong>καταπε-</strong></span> 
     </span>
    </p>
   </div>
   <div class='ocr_carea' id='block_1_47' title="bbox 2426 628 3994 698">
    <p class='ocr_par' dir='ltr' id='par_1_47' title="bbox 2426 628 3994 698">
     <span class='ocr_line' id='line_1_47' title="bbox 2426 628 3994 698; baseline -0.006 -13"><span class='ocrx_word' id='word_1_307' title='bbox 2426 633 2624 686; x_wconf 77' lang='grc' dir='ltr'><strong>σοῦσαν</strong></span> <span class='ocrx_word' id='word_1_308' title='bbox 2661 632 2766 684; x_wconf 59' lang='lat' dir='ltr'><strong>{me</strong></span> <span class='ocrx_word' id='word_1_309' title='bbox 2796 631 3114 698; x_wconf 77' lang='grc' dir='ltr'><strong>Θεομηνὶας,</strong></span> <span class='ocrx_word' id='word_1_310' title='bbox 3157 629 3380 698; x_wconf 71' lang='grc' dir='ltr'><strong>ὀνόματι</strong></span> <span class='ocrx_word' id='word_1_311' title='bbox 3415 628 3751 697; x_wconf 77' lang='grc' dir='ltr'><strong>Σαλαμὶνην,</strong></span> <span class='ocrx_word' id='word_1_312' title='bbox 3786 629 3994 695; x_wconf 72' lang='grc' dir='ltr'><strong>ἀνεγεὲ-</strong></span> 
     </span>
    </p>
   </div>
   <div class='ocr_carea' id='block_1_48' title="bbox 2426 718 3994 792">
    <p class='ocr_par' dir='ltr' id='par_1_48' title="bbox 2426 718 3994 792">
     <span class='ocr_line' id='line_1_48' title="bbox 2426 718 3994 792; baseline -0.005 -18"><span class='ocrx_word' id='word_1_313' title='bbox 2426 738 2555 792; x_wconf 75' lang='grc' dir='ltr'><strong>ρας·</strong></span> <span class='ocrx_word' id='word_1_314' title='bbox 2591 724 2812 774; x_wconf 77' lang='grc' dir='ltr'><strong>ἐκάλεσε</strong></span> <span class='ocrx_word' id='word_1_315' title='bbox 2839 721 2935 790; x_wconf 76' lang='grc' dir='ltr'><strong>τὴν</strong></span> <span class='ocrx_word' id='word_1_316' title='bbox 2963 723 3079 789; x_wconf 75' lang='grc' dir='ltr'><strong>μὲν,</strong></span> <span class='ocrx_word' id='word_1_317' title='bbox 3115 720 3423 791; x_wconf 69' lang='grc' dir='ltr'><strong>Ἄγκυραν,</strong></span> <span class='ocrx_word' id='word_1_318' title='bbox 3457 719 3544 772; x_wconf 74' lang='grc' dir='ltr'><strong>διὰ</strong></span> <span class='ocrx_word' id='word_1_319' title='bbox 3585 719 3646 771; x_wconf 77' lang='grc' dir='ltr'><strong>τὸ</strong></span> <span class='ocrx_word' id='word_1_320' title='bbox 3689 718 3864 787; x_wconf 80' lang='grc' dir='ltr'>μέσην</span> <span class='ocrx_word' id='word_1_321' title='bbox 3897 718 3994 770; x_wconf 81' lang='grc' dir='ltr'><strong>αὑ-</strong></span> 
     </span>
    </p>
   </div>
   <div class='ocr_carea' id='block_1_49' title="bbox 2422 808 3990 880">
    <p class='ocr_par' dir='ltr' id='par_1_49' title="bbox 2422 808 3990 880">
     <span class='ocr_line' id='line_1_49' title="bbox 2422 808 3990 880; baseline -0.004 -14"><span class='ocrx_word' id='word_1_322' title='bbox 2422 815 2521 880; x_wconf 77' lang='grc' dir='ltr'><strong>τὴν</strong></span> <span class='ocrx_word' id='word_1_323' title='bbox 2552 808 2691 865; x_wconf 75' lang='grc' dir='ltr'>εῖναι</span> <span class='ocrx_word' id='word_1_324' title='bbox 2727 814 2834 864; x_wconf 81' lang='grc' dir='ltr'><strong>τῶν</strong></span> <span class='ocrx_word' id='word_1_325' title='bbox 2864 813 2957 866; x_wconf 83' lang='grc' dir='ltr'><strong>δύο</strong></span> <span class='ocrx_word' id='word_1_326' title='bbox 3000 813 3306 876; x_wconf 76' lang='grc' dir='ltr'><strong>θαλασσῶν,</strong></span> <span class='ocrx_word' id='word_1_327' title='bbox 3341 811 3440 879; x_wconf 84' lang='grc' dir='ltr'><strong>τῆς</strong></span> <span class='ocrx_word' id='word_1_328' title='bbox 3473 828 3531 863; x_wconf 85' lang='grc' dir='ltr'><strong>τε</strong></span> <span class='ocrx_word' id='word_1_329' title='bbox 3565 809 3840 873; x_wconf 73' lang='grc' dir='ltr'><strong>Ποντικῆς</strong></span> <span class='ocrx_word' id='word_1_330' title='bbox 3900 809 3990 860; x_wconf 75' lang='grc' dir='ltr'><strong>καὶ</strong></span> 
     </span>
    </p>
   </div>
   <div class='ocr_carea' id='block_1_50' title="bbox 2419 899 3988 974">
    <p class='ocr_par' dir='ltr' id='par_1_50' title="bbox 2419 899 3988 974">
     <span class='ocr_line' id='line_1_50' title="bbox 2419 899 3988 974; baseline -0.006 -18"><span class='ocrx_word' id='word_1_331' title='bbox 2419 905 2517 972; x_wconf 81' lang='grc' dir='ltr'><strong>τῆς</strong></span> <span class='ocrx_word' id='word_1_332' title='bbox 2555 903 2810 970; x_wconf 77' lang='grc' dir='ltr'><strong>Ἀσιανῆς</strong></span> <span class='ocrx_word' id='word_1_333' title='bbox 2835 919 2849 932; x_wconf 85' lang='lat'><strong><em>°</em></strong></span> <span class='ocrx_word' id='word_1_334' title='bbox 2883 904 2982 974; x_wconf 80' lang='grc' dir='ltr'>τὴν</span> <span class='ocrx_word' id='word_1_335' title='bbox 3011 903 3088 966; x_wconf 77' lang='grc' dir='ltr'><strong>δὲ,</strong></span> <span class='ocrx_word' id='word_1_336' title='bbox 3117 904 3380 972; x_wconf 72' lang='grc' dir='ltr'><strong>Βόστραν,</strong></span> <span class='ocrx_word' id='word_1_337' title='bbox 3422 902 3498 960; x_wconf 79' lang='lat' dir='ltr'><strong>ei;</strong></span> <span class='ocrx_word' id='word_1_338' title='bbox 3528 901 3696 967; x_wconf 83' lang='grc' dir='ltr'>ὄνομα</span> <span class='ocrx_word' id='word_1_339' title='bbox 3729 899 3838 950; x_wconf 79' lang='grc' dir='ltr'><strong>τῶν</strong></span> <span class='ocrx_word' id='word_1_340' title='bbox 3873 899 3988 949; x_wconf 75' lang='grc' dir='ltr'>κτί-</span> 
     </span>
    </p>
   </div>
   <div class='ocr_carea' id='block_1_51' title="bbox 2422 991 3986 1064">
    <p class='ocr_par' dir='ltr' id='par_1_51' title="bbox 2422 991 3986 1064">
     <span class='ocr_line' id='line_1_51' title="bbox 2422 991 3986 1064; baseline -0.006 -17"><span class='ocrx_word' id='word_1_341' title='bbox 2422 1012 2610 1058; x_wconf 76' lang='grc' dir='ltr'><strong>σαντος</strong></span> <span class='ocrx_word' id='word_1_342' title='bbox 2643 996 2811 1063; x_wconf 78' lang='grc' dir='ltr'>αὐτὴν</span> <span class='ocrx_word' id='word_1_343' title='bbox 2839 995 3145 1064; x_wconf 80' lang='grc' dir='ltr'>στρατηγοῦ</span> <span class='ocrx_word' id='word_1_344' title='bbox 3175 994 3436 1057; x_wconf 62' lang='grc' dir='ltr'><strong>Βόσπρου·</strong></span> <span class='ocrx_word' id='word_1_345' title='bbox 3481 992 3582 1060; x_wconf 79' lang='grc' dir='ltr'><strong>τὴν</strong></span> <span class='ocrx_word' id='word_1_346' title='bbox 3627 991 3682 1044; x_wconf 78' lang='grc' dir='ltr'><strong>δὲ</strong></span> <span class='ocrx_word' id='word_1_347' title='bbox 3757 991 3986 1056; x_wconf 76' lang='grc' dir='ltr'><strong>μετωνόο</strong></span> 
     </span>
    </p>
   </div>
   <div class='ocr_carea' id='block_1_52' title="bbox 2425 1079 3989 1151">
    <p class='ocr_par' dir='ltr' id='par_1_52' title="bbox 2425 1079 3989 1151">
     <span class='ocr_line' id='line_1_52' title="bbox 2425 1079 3989 1151; baseline -0.005 -13"><span class='ocrx_word' id='word_1_348' title='bbox 2425 1102 2568 1151; x_wconf 72' lang='grc' dir='ltr'><strong>μασι</strong></span> <span class='ocrx_word' id='word_1_349' title='bbox 2593 1085 2893 1140; x_wconf 73' lang='grc' dir='ltr'><strong>Διόσπολιν.</strong></span> <span class='ocrx_word' id='word_1_350' title='bbox 2921 1084 3164 1150; x_wconf 80' lang='lat' dir='ltr'><strong>Quorum</strong></span> <span class='ocrx_word' id='word_1_351' title='bbox 3198 1084 3285 1138; x_wconf 92' lang='lat' dir='ltr'><strong>hic</strong></span> <span class='ocrx_word' id='word_1_352' title='bbox 3316 1098 3512 1137; x_wconf 87' lang='lat' dir='ltr'><strong>sensus</strong></span> <span class='ocrx_word' id='word_1_353' title='bbox 3537 1089 3660 1136; x_wconf 85' lang='lat' dir='ltr'><strong>est:</strong></span> <span class='ocrx_word' id='word_1_354' title='bbox 3691 1079 3829 1135; x_wconf 92' lang='lat' dir='ltr'><strong>Cum</strong></span> <span class='ocrx_word' id='word_1_355' title='bbox 3863 1094 3989 1132; x_wconf 91' lang='lat' dir='ltr'><strong>con-</strong></span> 
     </span>
    </p>
   </div>
   <div class='ocr_carea' id='block_1_53' title="bbox 2419 1170 3985 1244">
    <p class='ocr_par' dir='ltr' id='par_1_53' title="bbox 2419 1170 3985 1244">
     <span class='ocr_line' id='line_1_53' title="bbox 2419 1170 3985 1244; baseline -0.005 -13"><span class='ocrx_word' id='word_1_356' title='bbox 2419 1175 2649 1231; x_wconf 78' lang='lat' dir='ltr'><strong>didisset</strong></span> <span class='ocrx_word' id='word_1_357' title='bbox 2682 1183 2953 1244; x_wconf 79' lang='lat' dir='ltr'><strong>Augustus</strong></span> <span class='ocrx_word' id='word_1_358' title='bbox 2985 1175 3170 1237; x_wconf 86' lang='lat' dir='ltr'><strong>urbes,</strong></span> <span class='ocrx_word' id='word_1_359' title='bbox 3218 1189 3382 1228; x_wconf 87' lang='lat' dir='ltr'><strong>unam</strong></span> <span class='ocrx_word' id='word_1_360' title='bbox 3412 1173 3465 1227; x_wconf 90' lang='lat' dir='ltr'><strong>in</strong></span> <span class='ocrx_word' id='word_1_361' title='bbox 3498 1173 3700 1237; x_wconf 88' lang='lat' dir='ltr'><strong>Ponto,</strong></span> <span class='ocrx_word' id='word_1_362' title='bbox 3759 1170 3985 1223; x_wconf 77' lang='lat' dir='ltr'><strong>alteram</strong></span> 
     </span>
    </p>
   </div>
   <div class='ocr_carea' id='block_1_54' title="bbox 2421 1261 3985 1338">
    <p class='ocr_par' dir='ltr' id='par_1_54' title="bbox 2421 1261 3985 1338">
     <span class='ocr_line' id='line_1_54' title="bbox 2421 1261 3985 1338; baseline -0.004 -16"><span class='ocrx_word' id='word_1_363' title='bbox 2421 1270 2471 1322; x_wconf 93' lang='lat' dir='ltr'><strong>in</strong></span> <span class='ocrx_word' id='word_1_364' title='bbox 2508 1268 2729 1332; x_wconf 84' lang='lat' dir='ltr'><strong>Arabia,</strong></span> <span class='ocrx_word' id='word_1_365' title='bbox 2772 1269 2986 1323; x_wconf 83' lang='lat' dir='ltr'><strong>tertiam</strong></span> <span class='ocrx_word' id='word_1_366' title='bbox 3051 1268 3104 1320; x_wconf 87' lang='lat' dir='ltr'><strong>in</strong></span> <span class='ocrx_word' id='word_1_367' title='bbox 3168 1266 3322 1338; x_wconf 83' lang='lat' dir='ltr'><strong>Syria</strong></span> <span class='ocrx_word' id='word_1_368' title='bbox 3386 1266 3581 1337; x_wconf 87' lang='lat' dir='ltr'><strong>Cypro,</strong></span> <span class='ocrx_word' id='word_1_369' title='bbox 3637 1264 3687 1317; x_wconf 88' lang='lat' dir='ltr'><strong>vi</strong></span> <span class='ocrx_word' id='word_1_370' title='bbox 3745 1261 3985 1317; x_wconf 83' lang='lat' dir='ltr'><strong>numinis</strong></span> 
     </span>
    </p>
   </div>
   <div class='ocr_carea' id='block_1_55' title="bbox 2417 1352 3981 1427">
    <p class='ocr_par' dir='ltr' id='par_1_55' title="bbox 2417 1352 3981 1427">
     <span class='ocr_line' id='line_1_55' title="bbox 2417 1352 3981 1427; baseline -0.005 -15"><span class='ocrx_word' id='word_1_371' title='bbox 2417 1360 2542 1412; x_wconf 86' lang='lat' dir='ltr'><strong>irati</strong></span> <span class='ocrx_word' id='word_1_372' title='bbox 2577 1359 2901 1427; x_wconf 86' lang='lat' dir='ltr'><strong>collapsam,</strong></span> <span class='ocrx_word' id='word_1_373' title='bbox 2937 1360 3160 1412; x_wconf 85' lang='lat' dir='ltr'><strong>nomine</strong></span> <span class='ocrx_word' id='word_1_374' title='bbox 3216 1356 3553 1418; x_wconf 88' lang='lat' dir='ltr'><strong>Salaminen,</strong></span> <span class='ocrx_word' id='word_1_375' title='bbox 3609 1352 3938 1408; x_wconf 78' lang='lat' dir='ltr'><strong>restituisset</strong></span> <span class='ocrx_word' id='word_1_376' title='bbox 3969 1392 3981 1414; x_wconf 94' lang='lat'><strong>,</strong></span> 
     </span>
    </p>
   </div>
   <div class='ocr_carea' id='block_1_56' title="bbox 2417 1443 3979 1519">
    <p class='ocr_par' dir='ltr' id='par_1_56' title="bbox 2417 1443 3979 1519">
     <span class='ocr_line' id='line_1_56' title="bbox 2417 1443 3979 1519; baseline -0.006 -17"><span class='ocrx_word' id='word_1_377' title='bbox 2417 1449 2953 1519; x_wconf 84' lang='lat' dir='ltr'><strong>primamappellavit</strong></span> <span class='ocrx_word' id='word_1_378' title='bbox 3001 1455 3296 1518; x_wconf 79' lang='lat' dir='ltr'><strong>Ancyram,</strong></span> <span class='ocrx_word' id='word_1_379' title='bbox 3357 1449 3460 1500; x_wconf 91' lang='lat' dir='ltr'><strong>hoc</strong></span> <span class='ocrx_word' id='word_1_380' title='bbox 3492 1455 3578 1499; x_wconf 85' lang='lat' dir='ltr'><strong>est</strong></span> <span class='ocrx_word' id='word_1_381' title='bbox 3661 1443 3979 1504; x_wconf 88' lang='lat' dir='ltr'><strong>anchoram,</strong></span> 
     </span>
    </p>
   </div>
   <div class='ocr_carea' id='block_1_57' title="bbox 2417 1536 3982 1611">
    <p class='ocr_par' dir='ltr' id='par_1_57' title="bbox 2417 1536 3982 1611">
     <span class='ocr_line' id='line_1_57' title="bbox 2417 1536 3982 1611; baseline -0.004 -17"><span class='ocrx_word' id='word_1_382' title='bbox 2417 1555 2702 1611; x_wconf 86' lang='lat' dir='ltr'><strong>propterea</strong></span> <span class='ocrx_word' id='word_1_383' title='bbox 2734 1542 2879 1610; x_wconf 92' lang='lat' dir='ltr'><strong>quod</strong></span> <span class='ocrx_word' id='word_1_384' title='bbox 2911 1551 3058 1596; x_wconf 90' lang='lat' dir='ltr'><strong>esset</strong></span> <span class='ocrx_word' id='word_1_385' title='bbox 3079 1541 3257 1595; x_wconf 82' lang='lat' dir='ltr'><strong>medio</strong></span> <span class='ocrx_word' id='word_1_386' title='bbox 3284 1539 3386 1593; x_wconf 89' lang='lat' dir='ltr'><strong>sita</strong></span> <span class='ocrx_word' id='word_1_387' title='bbox 3411 1540 3532 1591; x_wconf 92' lang='lat' dir='ltr'><strong>loco</strong></span> <span class='ocrx_word' id='word_1_388' title='bbox 3561 1538 3701 1590; x_wconf 88' lang='lat' dir='ltr'><strong>inter</strong></span> <span class='ocrx_word' id='word_1_389' title='bbox 3725 1536 3835 1588; x_wconf 87' lang='lat' dir='ltr'><strong>duo</strong></span> <span class='ocrx_word' id='word_1_390' title='bbox 3865 1550 3982 1588; x_wconf 22' lang='lat' dir='ltr'><strong>mav-</strong></span> 
     </span>
    </p>
   </div>
   <div class='ocr_carea' id='block_1_58' title="bbox 2416 1627 3978 1696">
    <p class='ocr_par' dir='ltr' id='par_1_58' title="bbox 2416 1627 3978 1696">
     <span class='ocr_line' id='line_1_58' title="bbox 2416 1627 3978 1696; baseline -0.006 -10"><span class='ocrx_word' id='word_1_391' title='bbox 2416 1634 2520 1696; x_wconf 85' lang='lat' dir='ltr'><strong>ria,</strong></span> <span class='ocrx_word' id='word_1_392' title='bbox 2547 1632 2834 1686; x_wconf 83' lang='lat' dir='ltr'><strong>Ponticum</strong></span> <span class='ocrx_word' id='word_1_393' title='bbox 2867 1642 2920 1686; x_wconf 87' lang='lat' dir='ltr'><strong>et</strong></span> <span class='ocrx_word' id='word_1_394' title='bbox 2975 1632 3277 1686; x_wconf 77' lang='lat' dir='ltr'><strong>Asianum:</strong></span> <span class='ocrx_word' id='word_1_395' title='bbox 3336 1630 3567 1683; x_wconf 86' lang='lat' dir='ltr'><strong>alteram</strong></span> <span class='ocrx_word' id='word_1_396' title='bbox 3625 1627 3898 1685; x_wconf 79' lang='lat' dir='ltr'><strong>Bostram.</strong></span> <span class='ocrx_word' id='word_1_397' title='bbox 3951 1641 3978 1677; x_wconf 86' lang='lat' dir='ltr'><strong>a</strong></span> 
     </span>
    </p>
   </div>
   <div class='ocr_carea' id='block_1_59' title="bbox 2415 1721 3980 1794">
    <p class='ocr_par' dir='ltr' id='par_1_59' title="bbox 2415 1721 3980 1794">
     <span class='ocr_line' id='line_1_59' title="bbox 2415 1721 3980 1794; baseline -0.006 -14"><span class='ocrx_word' id='word_1_398' title='bbox 2415 1741 2444 1780; x_wconf 91' lang='lat' dir='ltr'><strong>a</strong></span> <span class='ocrx_word' id='word_1_399' title='bbox 2497 1734 2724 1794; x_wconf 63' lang='lat' dir='ltr'><strong>prmtore</strong></span> <span class='ocrx_word' id='word_1_400' title='bbox 2785 1725 2986 1780; x_wconf 83' lang='lat' dir='ltr'><strong>Bostro&#39;</strong></span> <span class='ocrx_word' id='word_1_401' title='bbox 3043 1739 3206 1794; x_wconf 90' lang='lat' dir='ltr'><strong>quem</strong></span> <span class='ocrx_word' id='word_1_402' title='bbox 3259 1731 3560 1778; x_wconf 76' lang='lat' dir='ltr'><strong>struetura-</strong></span> <span class='ocrx_word' id='word_1_403' title='bbox 3618 1721 3980 1790; x_wconf 67' lang='lat' dir='ltr'><strong>praefecerat:</strong></span> 
     </span>
    </p>
   </div>
   <div class='ocr_carea' id='block_1_60' title="bbox 2414 1813 3980 1886">
    <p class='ocr_par' dir='ltr' id='par_1_60' title="bbox 2414 1813 3980 1886">
     <span class='ocr_line' id='line_1_60' title="bbox 2414 1813 3980 1886; baseline -0.003 -15"><span class='ocrx_word' id='word_1_404' title='bbox 2414 1819 2586 1872; x_wconf 66' lang='lat' dir='ltr'><strong>tcrtite</strong></span> <span class='ocrx_word' id='word_1_405' title='bbox 2617 1832 2812 1872; x_wconf 90' lang='lat' dir='ltr'><strong>nomen</strong></span> <span class='ocrx_word' id='word_1_406' title='bbox 2844 1820 2899 1871; x_wconf 73' lang='lat' dir='ltr'><strong>in</strong></span> <span class='ocrx_word' id='word_1_407' title='bbox 2937 1817 3238 1886; x_wconf 77' lang='lat' dir='ltr'><strong>Diospolim</strong></span> <span class='ocrx_word' id='word_1_408' title='bbox 3305 1815 3566 1870; x_wconf 84' lang='lat' dir='ltr'><strong>mutavit.</strong></span> <span class='ocrx_word' id='word_1_409' title='bbox 3618 1813 3980 1879; x_wconf 87' lang='lat' dir='ltr'><strong>Busbequius,</strong></span> 
     </span>
    </p>
   </div>
   <div class='ocr_carea' id='block_1_61' title="bbox 2417 1905 3981 1974">
    <p class='ocr_par' dir='ltr' id='par_1_61' title="bbox 2417 1905 3981 1974">
     <span class='ocr_line' id='line_1_61' title="bbox 2417 1905 3981 1974; baseline -0.005 -9"><span class='ocrx_word' id='word_1_410' title='bbox 2417 1912 2498 1965; x_wconf 90' lang='lat' dir='ltr'><strong>vir</strong></span> <span class='ocrx_word' id='word_1_411' title='bbox 2525 1910 2773 1974; x_wconf 87' lang='lat' dir='ltr'><strong>illustris,</strong></span> <span class='ocrx_word' id='word_1_412' title='bbox 2809 1909 2866 1962; x_wconf 92' lang='lat' dir='ltr'><strong>in</strong></span> <span class='ocrx_word' id='word_1_413' title='bbox 2895 1909 3188 1963; x_wconf 86' lang='lat' dir='ltr'><strong>Itinerario</strong></span> <span class='ocrx_word' id='word_1_414' title='bbox 3222 1907 3494 1968; x_wconf 86' lang='lat' dir='ltr'><strong>meminit,</strong></span> <span class='ocrx_word' id='word_1_415' title='bbox 3526 1908 3665 1960; x_wconf 90' lang='lat' dir='ltr'><strong>hanc</strong></span> <span class='ocrx_word' id='word_1_416' title='bbox 3695 1906 3898 1965; x_wconf 63' lang='lat' dir='ltr'><strong>urbem,</strong></span> <span class='ocrx_word' id='word_1_417' title='bbox 3918 1905 3981 1958; x_wconf 86' lang='lat' dir='ltr'><strong>ab</strong></span> 
     </span>
    </p>
   </div>
   <div class='ocr_carea' id='block_1_62' title="bbox 2415 1995 3986 2070">
    <p class='ocr_par' dir='ltr' id='par_1_62' title="bbox 2415 1995 3986 2070">
     <span class='ocr_line' id='line_1_62' title="bbox 2415 1995 3986 2070; baseline -0.004 -15"><span class='ocrx_word' id='word_1_418' title='bbox 2415 2001 2557 2056; x_wconf 72' lang='lat' dir='ltr'><strong>Asia:</strong></span> <span class='ocrx_word' id='word_1_419' title='bbox 2581 2000 2973 2054; x_wconf 81' lang='lat' dir='ltr'><strong>communitate</strong></span> <span class='ocrx_word' id='word_1_420' title='bbox 2993 2000 3073 2070; x_wconf 80' lang='grc' dir='ltr'><strong>(τὸ</strong></span> <span class='ocrx_word' id='word_1_421' title='bbox 3092 1997 3267 2052; x_wconf 82' lang='grc' dir='ltr'>κοινὸν</span> <span class='ocrx_word' id='word_1_422' title='bbox 3290 1999 3387 2066; x_wconf 80' lang='grc' dir='ltr'><strong>τῆς</strong></span> <span class='ocrx_word' id='word_1_423' title='bbox 3426 1998 3610 2060; x_wconf 69' lang='grc' dir='ltr'><strong>Ἀσιας</strong></span> <span class='ocrx_word' id='word_1_424' title='bbox 3629 1997 3819 2050; x_wconf 77' lang='lat' dir='ltr'><strong>dixere</strong></span> <span class='ocrx_word' id='word_1_425' title='bbox 3839 1995 3986 2050; x_wconf 69' lang='lat' dir='ltr'><strong>Cra:-</strong></span> 
     </span>
    </p>
   </div>
   <div class='ocr_carea' id='block_1_63' title="bbox 2416 2086 3984 2163">
    <p class='ocr_par' dir='ltr' id='par_1_63' title="bbox 2416 2086 3984 2163">
     <span class='ocr_line' id='line_1_63' title="bbox 2416 2086 3984 2163; baseline -0.006 -17"><span class='ocrx_word' id='word_1_426' title='bbox 2416 2095 2488 2160; x_wconf 70' lang='lat' dir='ltr'><strong>ci)</strong></span> <span class='ocrx_word' id='word_1_427' title='bbox 2528 2094 2772 2163; x_wconf 82' lang='lat' dir='ltr'><strong>Augusto</strong></span> <span class='ocrx_word' id='word_1_428' title='bbox 2805 2091 2976 2146; x_wconf 86' lang='lat' dir='ltr'><strong>fuisse</strong></span> <span class='ocrx_word' id='word_1_429' title='bbox 3009 2091 3267 2145; x_wconf 87' lang='lat' dir='ltr'><strong>dicatam.</strong></span> <span class='ocrx_word' id='word_1_430' title='bbox 3298 2089 3492 2144; x_wconf 85' lang='lat' dir='ltr'><strong>Merito</strong></span> <span class='ocrx_word' id='word_1_431' title='bbox 3545 2089 3761 2157; x_wconf 89' lang='lat' dir='ltr'><strong>quidem</strong></span> <span class='ocrx_word' id='word_1_432' title='bbox 3791 2088 3842 2140; x_wconf 89' lang='lat' dir='ltr'><strong>id</strong></span> <span class='ocrx_word' id='word_1_433' title='bbox 3909 2086 3984 2139; x_wconf 87' lang='lat' dir='ltr'><strong>fa-</strong></span> 
     </span>
    </p>
   </div>
   <div class='ocr_carea' id='block_1_64' title="bbox 2418 2178 3982 2249">
    <p class='ocr_par' dir='ltr' id='par_1_64' title="bbox 2418 2178 3982 2249">
     <span class='ocr_line' id='line_1_64' title="bbox 2418 2178 3982 2249; baseline -0.004 -12"><span class='ocrx_word' id='word_1_434' title='bbox 2418 2194 2585 2249; x_wconf 90' lang='lat' dir='ltr'><strong>ctum,</strong></span> <span class='ocrx_word' id='word_1_435' title='bbox 2616 2185 2660 2237; x_wconf 90' lang='lat' dir='ltr'><strong>si</strong></span> <span class='ocrx_word' id='word_1_436' title='bbox 2704 2182 2786 2236; x_wconf 90' lang='lat' dir='ltr'><strong>vel</strong></span> <span class='ocrx_word' id='word_1_437' title='bbox 2809 2181 3084 2246; x_wconf 88' lang='lat' dir='ltr'><strong>conditor,</strong></span> <span class='ocrx_word' id='word_1_438' title='bbox 3143 2181 3227 2235; x_wconf 87' lang='lat' dir='ltr'><strong>vel</strong></span> <span class='ocrx_word' id='word_1_439' title='bbox 3290 2180 3629 2235; x_wconf 84' lang='lat' dir='ltr'><strong>instaurator</strong></span> <span class='ocrx_word' id='word_1_440' title='bbox 3686 2178 3810 2246; x_wconf 84' lang='lat' dir='ltr'><strong>ejus</strong></span> <span class='ocrx_word' id='word_1_441' title='bbox 3867 2189 3982 2231; x_wconf 88' lang='lat' dir='ltr'><strong>erat</strong></span> 
     </span>
    </p>
   </div>
   <div class='ocr_carea' id='block_1_65' title="bbox 2416 2269 3976 2342">
    <p class='ocr_par' dir='ltr' id='par_1_65' title="bbox 2416 2269 3976 2342">
     <span class='ocr_line' id='line_1_65' title="bbox 2416 2269 3976 2342; baseline -0.006 -15"><span class='ocrx_word' id='word_1_442' title='bbox 2416 2277 2718 2342; x_wconf 84' lang='lat' dir='ltr'><strong>Augustus.</strong></span> <span class='ocrx_word' id='word_1_443' title='bbox 2744 2272 2979 2342; x_wconf 84' lang='lat' dir='ltr'><strong>Ideoque</strong></span> <span class='ocrx_word' id='word_1_444' title='bbox 3013 2287 3119 2325; x_wconf 90' lang='lat' dir='ltr'><strong>non</strong></span> <span class='ocrx_word' id='word_1_445' title='bbox 3153 2273 3249 2327; x_wconf 90' lang='lat' dir='ltr'><strong>abs</strong></span> <span class='ocrx_word' id='word_1_446' title='bbox 3275 2287 3336 2326; x_wconf 89' lang='lat' dir='ltr'><strong>re</strong></span> <span class='ocrx_word' id='word_1_447' title='bbox 3366 2271 3542 2325; x_wconf 93' lang='lat' dir='ltr'><strong>voluit</strong></span> <span class='ocrx_word' id='word_1_448' title='bbox 3589 2271 3729 2323; x_wconf 88' lang='lat' dir='ltr'><strong>idem</strong></span> <span class='ocrx_word' id='word_1_449' title='bbox 3791 2269 3976 2337; x_wconf 76' lang='lat' dir='ltr'><strong>Augu-</strong></span> 
     </span>
    </p>
   </div>
   <div class='ocr_carea' id='block_1_66' title="bbox 2418 2359 3982 2434">
    <p class='ocr_par' dir='ltr' id='par_1_66' title="bbox 2418 2359 3982 2434">
     <span class='ocr_line' id='line_1_66' title="bbox 2418 2359 3982 2434; baseline -0.008 -12"><span class='ocrx_word' id='word_1_450' title='bbox 2418 2379 2535 2422; x_wconf 85' lang='lat' dir='ltr'><strong>stus</strong></span> <span class='ocrx_word' id='word_1_451' title='bbox 2572 2383 2754 2421; x_wconf 88' lang='lat' dir='ltr'><strong>rerum</strong></span> <span class='ocrx_word' id='word_1_452' title='bbox 2793 2365 2890 2420; x_wconf 90' lang='lat' dir='ltr'><strong>abs</strong></span> <span class='ocrx_word' id='word_1_453' title='bbox 2917 2381 2974 2420; x_wconf 92' lang='lat' dir='ltr'><strong>se</strong></span> <span class='ocrx_word' id='word_1_454' title='bbox 3040 2374 3339 2434; x_wconf 81' lang='lat' dir='ltr'><strong>gestarum,</strong></span> <span class='ocrx_word' id='word_1_455' title='bbox 3393 2377 3530 2433; x_wconf 86' lang='lat' dir='ltr'><strong>quas</strong></span> <span class='ocrx_word' id='word_1_456' title='bbox 3586 2361 3752 2416; x_wconf 74' lang='lat' dir='ltr'><strong>incidi</strong></span> <span class='ocrx_word' id='word_1_457' title='bbox 3799 2359 3982 2412; x_wconf 78' lang='lat' dir='ltr'><strong>Romze</strong></span> 
     </span>
    </p>
   </div>
   <div class='ocr_carea' id='block_1_67' title="bbox 2418 2454 3985 2531">
    <p class='ocr_par' dir='ltr' id='par_1_67' title="bbox 2418 2454 3985 2531">
     <span class='ocr_line' id='line_1_67' title="bbox 2418 2454 3985 2531; baseline -0.005 -18"><span class='ocrx_word' id='word_1_458' title='bbox 2418 2462 2640 2514; x_wconf 77' lang='lat' dir='ltr'><strong>duabus</strong></span> <span class='ocrx_word' id='word_1_459' title='bbox 2678 2461 2730 2514; x_wconf 92' lang='lat' dir='ltr'><strong>in</strong></span> <span class='ocrx_word' id='word_1_460' title='bbox 2770 2461 2997 2515; x_wconf 88' lang='lat' dir='ltr'><strong>abeueis</strong></span> <span class='ocrx_word' id='word_1_461' title='bbox 3029 2460 3155 2531; x_wconf 83' lang='lat' dir='ltr'><strong>pilis</strong></span> <span class='ocrx_word' id='word_1_462' title='bbox 3182 2457 3742 2525; x_wconf 82' lang='lat' dir='ltr'><strong>jusserat,exemplar</strong></span> <span class='ocrx_word' id='word_1_463' title='bbox 3765 2454 3855 2508; x_wconf 89' lang='lat' dir='ltr'><strong>hic</strong></span> <span class='ocrx_word' id='word_1_464' title='bbox 3895 2468 3985 2507; x_wconf 69' lang='lat' dir='ltr'><strong>ev-</strong></span> 
     </span>
    </p>
   </div>
   <div class='ocr_carea' id='block_1_68' title="bbox 2419 2545 3984 2622">
    <p class='ocr_par' dir='ltr' id='par_1_68' title="bbox 2419 2545 3984 2622">
     <span class='ocr_line' id='line_1_68' title="bbox 2419 2545 3984 2622; baseline -0.004 -18"><span class='ocrx_word' id='word_1_465' title='bbox 2419 2561 2583 2612; x_wconf 71' lang='lat' dir='ltr'><strong>stare.</strong></span> <span class='ocrx_word' id='word_1_466' title='bbox 2644 2552 3072 2622; x_wconf 88' lang='lat' dir='ltr'><strong>Conspiciuntur</strong></span> <span class='ocrx_word' id='word_1_467' title='bbox 3140 2559 3321 2604; x_wconf 90' lang='lat' dir='ltr'><strong>autem</strong></span> <span class='ocrx_word' id='word_1_468' title='bbox 3380 2547 3768 2619; x_wconf 85' lang='lat' dir='ltr'><strong>qualesqualcs</strong></span> <span class='ocrx_word' id='word_1_469' title='bbox 3828 2545 3984 2609; x_wconf 83' lang='lat' dir='ltr'><strong>hujus</strong></span> 
     </span>
    </p>
   </div>
   <div class='ocr_carea' id='block_1_69' title="bbox 2419 2635 3981 2712">
    <p class='ocr_par' dir='ltr' id='par_1_69' title="bbox 2419 2635 3981 2712">
     <span class='ocr_line' id='line_1_69' title="bbox 2419 2635 3981 2712; baseline -0.008 -15"><span class='ocrx_word' id='word_1_470' title='bbox 2419 2644 2661 2712; x_wconf 71' lang='lat' dir='ltr'><strong>reliquiae</strong></span> <span class='ocrx_word' id='word_1_471' title='bbox 2695 2644 3020 2697; x_wconf 87' lang='lat' dir='ltr'><strong>marmoreis</strong></span> <span class='ocrx_word' id='word_1_472' title='bbox 3055 2641 3345 2705; x_wconf 71' lang='lat' dir='ltr'><strong>insculpta:</strong></span> <span class='ocrx_word' id='word_1_473' title='bbox 3409 2640 3715 2709; x_wconf 73' lang='lat' dir='ltr'><strong>parietibus</strong></span> <span class='ocrx_word' id='word_1_474' title='bbox 3773 2635 3981 2689; x_wconf 72' lang='lat' dir='ltr'><strong>:l‘dilicii</strong></span> 
     </span>
    </p>
   </div>
   <div class='ocr_carea' id='block_1_70' title="bbox 2419 2725 3978 2803">
    <p class='ocr_par' dir='ltr' id='par_1_70' title="bbox 2419 2725 3978 2803">
     <span class='ocr_line' id='line_1_70' title="bbox 2419 2725 3978 2803; baseline -0.007 -16"><span class='ocrx_word' id='word_1_475' title='bbox 2419 2736 2644 2799; x_wconf 90' lang='lat' dir='ltr'><strong>veteris,</strong></span> <span class='ocrx_word' id='word_1_476' title='bbox 2688 2735 2831 2803; x_wconf 90' lang='lat' dir='ltr'><strong>quod</strong></span> <span class='ocrx_word' id='word_1_477' title='bbox 2865 2735 3034 2789; x_wconf 80' lang='lat' dir='ltr'><strong>aedem</strong></span> <span class='ocrx_word' id='word_1_478' title='bbox 3067 2733 3336 2803; x_wconf 84' lang='lat' dir='ltr'><strong>Apollinis</strong></span> <span class='ocrx_word' id='word_1_479' title='bbox 3358 2732 3526 2785; x_wconf 82' lang='lat' dir='ltr'><strong>fuisse</strong></span> <span class='ocrx_word' id='word_1_480' title='bbox 3569 2739 3758 2797; x_wconf 82' lang='lat' dir='ltr'><strong>putant</strong></span> <span class='ocrx_word' id='word_1_481' title='bbox 3789 2725 3978 2794; x_wconf 83' lang='lat' dir='ltr'><strong>aliqui,</strong></span> 
     </span>
    </p>
   </div>
   <div class='ocr_carea' id='block_1_71' title="bbox 2421 2820 3986 2894">
    <p class='ocr_par' dir='ltr' id='par_1_71' title="bbox 2421 2820 3986 2894">
     <span class='ocr_line' id='line_1_71' title="bbox 2421 2820 3986 2894; baseline -0.006 -16"><span class='ocrx_word' id='word_1_482' title='bbox 2421 2827 2767 2892; x_wconf 76' lang='lat' dir='ltr'><strong>Busbequius</strong></span> <span class='ocrx_word' id='word_1_483' title='bbox 2796 2826 3135 2894; x_wconf 49' lang='lat' dir='ltr'><strong>praetorium.</strong></span> <span class='ocrx_word' id='word_1_484' title='bbox 3165 2825 3216 2877; x_wconf 92' lang='lat' dir='ltr'><strong>Id</strong></span> <span class='ocrx_word' id='word_1_485' title='bbox 3249 2838 3377 2879; x_wconf 91' lang='lat' dir='ltr'><strong>vero</strong></span> <span class='ocrx_word' id='word_1_486' title='bbox 3411 2831 3520 2876; x_wconf 87' lang='lat' dir='ltr'><strong>tam</strong></span> <span class='ocrx_word' id='word_1_487' title='bbox 3553 2822 3766 2891; x_wconf 79' lang='lat' dir='ltr'><strong>insigne</strong></span> <span class='ocrx_word' id='word_1_488' title='bbox 3795 2820 3986 2870; x_wconf 79' lang='lat' dir='ltr'><strong>monu-</strong></span> 
     </span>
    </p>
   </div>
   <div class='ocr_carea' id='block_1_72' title="bbox 2423 2913 3987 2986">
    <p class='ocr_par' dir='ltr' id='par_1_72' title="bbox 2423 2913 3987 2986">
     <span class='ocr_line' id='line_1_72' title="bbox 2423 2913 3987 2986; baseline -0.006 -15"><span class='ocrx_word' id='word_1_489' title='bbox 2423 2929 2663 2972; x_wconf 83' lang='lat' dir='ltr'><strong>mentum</strong></span> <span class='ocrx_word' id='word_1_490' title='bbox 2698 2916 3043 2986; x_wconf 86' lang='lat' dir='ltr'><strong>antiquitatis</strong></span> <span class='ocrx_word' id='word_1_491' title='bbox 3067 2914 3351 2978; x_wconf 67' lang='lat' dir='ltr'><strong>Romana),</strong></span> <span class='ocrx_word' id='word_1_492' title='bbox 3409 2916 3536 2982; x_wconf 90' lang='lat' dir='ltr'><strong>quia</strong></span> <span class='ocrx_word' id='word_1_493' title='bbox 3583 2914 3754 2966; x_wconf 86' lang='lat' dir='ltr'><strong>lector</strong></span> <span class='ocrx_word' id='word_1_494' title='bbox 3806 2913 3987 2965; x_wconf 70' lang='lat' dir='ltr'><strong>existi-</strong></span> 
     </span>
    </p>
   </div>
   <div class='ocr_carea' id='block_1_73' title="bbox 2422 3005 3985 3077">
    <p class='ocr_par' dir='ltr' id='par_1_73' title="bbox 2422 3005 3985 3077">
     <span class='ocr_line' id='line_1_73' title="bbox 2422 3005 3985 3077; baseline -0.006 -12"><span class='ocrx_word' id='word_1_495' title='bbox 2422 3026 2572 3065; x_wconf 89' lang='lat' dir='ltr'><strong>mare</strong></span> <span class='ocrx_word' id='word_1_496' title='bbox 2600 3011 2757 3064; x_wconf 82' lang='lat' dir='ltr'><strong>facile</strong></span> <span class='ocrx_word' id='word_1_497' title='bbox 2791 3019 2990 3077; x_wconf 84' lang='lat' dir='ltr'><strong>potest,</strong></span> <span class='ocrx_word' id='word_1_498' title='bbox 3017 3024 3045 3062; x_wconf 95' lang='lat' dir='ltr'><strong>a</strong></span> <span class='ocrx_word' id='word_1_499' title='bbox 3077 3009 3145 3063; x_wconf 73' lang='grc'><strong>54</strong></span> <span class='ocrx_word' id='word_1_500' title='bbox 3178 3016 3231 3062; x_wconf 90' lang='lat' dir='ltr'><strong>et</strong></span> <span class='ocrx_word' id='word_1_501' title='bbox 3259 3008 3490 3076; x_wconf 89' lang='lat' dir='ltr'><strong>amplius</strong></span> <span class='ocrx_word' id='word_1_502' title='bbox 3510 3006 3663 3059; x_wconf 85' lang='lat' dir='ltr'><strong>annis</strong></span> <span class='ocrx_word' id='word_1_503' title='bbox 3696 3005 3985 3058; x_wconf 84' lang='lat' dir='ltr'><strong>admodum</strong></span> 
     </span>
    </p>
   </div>
   <div class='ocr_carea' id='block_1_74' title="bbox 2423 3096 3989 3163">
    <p class='ocr_par' dir='ltr' id='par_1_74' title="bbox 2423 3096 3989 3163">
     <span class='ocr_line' id='line_1_74' title="bbox 2423 3096 3989 3163; baseline -0.004 -7"><span class='ocrx_word' id='word_1_504' title='bbox 2423 3118 2546 3158; x_wconf 84' lang='lat' dir='ltr'><strong>esse</strong></span> <span class='ocrx_word' id='word_1_505' title='bbox 2580 3100 2968 3163; x_wconf 79' lang='lat' dir='ltr'><strong>deformatum,</strong></span> <span class='ocrx_word' id='word_1_506' title='bbox 2993 3109 3048 3153; x_wconf 90' lang='lat' dir='ltr'><strong>et</strong></span> <span class='ocrx_word' id='word_1_507' title='bbox 3083 3102 3151 3154; x_wconf 89' lang='lat' dir='ltr'><strong>ab</strong></span> <span class='ocrx_word' id='word_1_508' title='bbox 3182 3099 3397 3154; x_wconf 84' lang='lat' dir='ltr'><strong>infestis</strong></span> <span class='ocrx_word' id='word_1_509' title='bbox 3432 3098 3580 3152; x_wconf 88' lang='lat' dir='ltr'><strong>omni</strong></span> <span class='ocrx_word' id='word_1_510' title='bbox 3627 3097 3834 3151; x_wconf 71' lang='lat' dir='ltr'><strong>Graecae</strong></span> <span class='ocrx_word' id='word_1_511' title='bbox 3885 3096 3989 3150; x_wconf 80' lang='lat' dir='ltr'><strong>Ro-</strong></span> 
     </span>
    </p>
   </div>
   <div class='ocr_carea' id='block_1_75' title="bbox 2422 3189 3985 3264">
    <p class='ocr_par' dir='ltr' id='par_1_75' title="bbox 2422 3189 3985 3264">
     <span class='ocr_line' id='line_1_75' title="bbox 2422 3189 3985 3264; baseline -0.006 -14"><span class='ocrx_word' id='word_1_512' title='bbox 2422 3208 2703 3264; x_wconf 58' lang='lat' dir='ltr'><strong>manaque</strong></span> <span class='ocrx_word' id='word_1_513' title='bbox 2738 3193 3022 3263; x_wconf 66' lang='lat' dir='ltr'><strong>elegantia:</strong></span> <span class='ocrx_word' id='word_1_514' title='bbox 3053 3190 3305 3246; x_wconf 89' lang='lat' dir='ltr'><strong>Barbaris</strong></span> <span class='ocrx_word' id='word_1_515' title='bbox 3336 3189 3582 3260; x_wconf 85' lang='lat' dir='ltr'><strong>quotidie</strong></span> <span class='ocrx_word' id='word_1_516' title='bbox 3611 3189 3787 3257; x_wconf 83' lang='lat' dir='ltr'><strong>magis</strong></span> <span class='ocrx_word' id='word_1_517' title='bbox 3826 3190 3985 3242; x_wconf 86' lang='lat' dir='ltr'><strong>etiam</strong></span> 
     </span>
    </p>
   </div>
   <div class='ocr_carea' id='block_1_76' title="bbox 2420 3278 3986 3348">
    <p class='ocr_par' dir='ltr' id='par_1_76' title="bbox 2420 3278 3986 3348">
     <span class='ocr_line' id='line_1_76' title="bbox 2420 3278 3986 3348; baseline -0.008 -10"><span class='ocrx_word' id='word_1_518' title='bbox 2420 3285 2649 3339; x_wconf 65' lang='lat' dir='ltr'><strong>lacerari</strong></span> <span class='ocrx_word' id='word_1_519' title='bbox 2682 3298 2743 3339; x_wconf 76' lang='lat' dir='ltr'><strong>ac</strong></span> <span class='ocrx_word' id='word_1_520' title='bbox 2770 3283 2909 3337; x_wconf 84' lang='lat' dir='ltr'><strong>dirui</strong></span> <span class='ocrx_word' id='word_1_521' title='bbox 2945 3298 2957 3334; x_wconf 91' lang='lat'>:</span> <span class='ocrx_word' id='word_1_522' title='bbox 2989 3281 3162 3348; x_wconf 84' lang='lat' dir='ltr'><strong>placet</strong></span> <span class='ocrx_word' id='word_1_523' title='bbox 3185 3294 3375 3334; x_wconf 86' lang='lat' dir='ltr'><strong>eorum</strong></span> <span class='ocrx_word' id='word_1_524' title='bbox 3399 3293 3593 3338; x_wconf 89' lang='lat' dir='ltr'><strong>causa,</strong></span> <span class='ocrx_word' id='word_1_525' title='bbox 3627 3278 3721 3345; x_wconf 91' lang='lat' dir='ltr'><strong>qui</strong></span> <span class='ocrx_word' id='word_1_526' title='bbox 3749 3279 3986 3346; x_wconf 75' lang='lat' dir='ltr'><strong>atttiqui~</strong></span> 
     </span>
    </p>
   </div>
   <div class='ocr_carea' id='block_1_77' title="bbox 2422 3368 3990 3443">
    <p class='ocr_par' dir='ltr' id='par_1_77' title="bbox 2422 3368 3990 3443">
     <span class='ocr_line' id='line_1_77' title="bbox 2422 3368 3990 3443; baseline -0.007 -13"><span class='ocrx_word' id='word_1_527' title='bbox 2422 3385 2590 3430; x_wconf 86' lang='lat' dir='ltr'><strong>tatum</strong></span> <span class='ocrx_word' id='word_1_528' title='bbox 2628 3389 2757 3428; x_wconf 87' lang='lat' dir='ltr'><strong>vere</strong></span> <span class='ocrx_word' id='word_1_529' title='bbox 2795 3372 2977 3443; x_wconf 89' lang='lat' dir='ltr'><strong>magni</strong></span> <span class='ocrx_word' id='word_1_530' title='bbox 3039 3369 3491 3425; x_wconf 77' lang='lat' dir='ltr'><strong>:estimandarum</strong></span> <span class='ocrx_word' id='word_1_531' title='bbox 3553 3368 3785 3423; x_wconf 82' lang='lat' dir='ltr'><strong>studiosi</strong></span> <span class='ocrx_word' id='word_1_532' title='bbox 3841 3380 3990 3430; x_wconf 89' lang='lat' dir='ltr'><strong>sunt,</strong></span> 
     </span>
    </p>
   </div>
   <div class='ocr_carea' id='block_1_78' title="bbox 2419 3461 3989 3536">
    <p class='ocr_par' dir='ltr' id='par_1_78' title="bbox 2419 3461 3989 3536">
     <span class='ocr_line' id='line_1_78' title="bbox 2419 3461 3989 3536; baseline -0.008 -12"><span class='ocrx_word' id='word_1_533' title='bbox 2419 3471 2498 3524; x_wconf 83' lang='lat' dir='ltr'><strong>sic</strong></span> <span class='ocrx_word' id='word_1_534' title='bbox 2528 3481 2845 3536; x_wconf 73' lang='lat' dir='ltr'><strong>expressum</strong></span> <span class='ocrx_word' id='word_1_535' title='bbox 2880 3467 2982 3519; x_wconf 90' lang='lat' dir='ltr'><strong>hoc</strong></span> <span class='ocrx_word' id='word_1_536' title='bbox 3009 3465 3130 3518; x_wconf 91' lang='lat' dir='ltr'><strong>loco</strong></span> <span class='ocrx_word' id='word_1_537' title='bbox 3153 3461 3426 3530; x_wconf 78' lang='lat' dir='ltr'><strong>subjicere</strong></span> <span class='ocrx_word' id='word_1_538' title='bbox 3458 3477 3473 3516; x_wconf 93' lang='lat'><strong>:</strong></span> <span class='ocrx_word' id='word_1_539' title='bbox 3526 3461 3989 3529; x_wconf 87' lang='lat' dir='ltr'><strong>quemadmodum</strong></span> 
     </span>
    </p>
   </div>
   <div class='ocr_carea' id='block_1_79' title="bbox 2419 3553 3996 3628">
    <p class='ocr_par' dir='ltr' id='par_1_79' title="bbox 2419 3553 3996 3628">
     <span class='ocr_line' id='line_1_79' title="bbox 2419 3553 3996 3628; baseline -0.005 -14"><span class='ocrx_word' id='word_1_540' title='bbox 2419 3560 2470 3614; x_wconf 89' lang='lat' dir='ltr'><strong>id</strong></span> <span class='ocrx_word' id='word_1_541' title='bbox 2506 3559 2769 3628; x_wconf 83' lang='lat' dir='ltr'><strong>temporis</strong></span> <span class='ocrx_word' id='word_1_542' title='bbox 2802 3557 3010 3626; x_wconf 75' lang='lat' dir='ltr'><strong>legatus</strong></span> <span class='ocrx_word' id='word_1_543' title='bbox 3038 3555 3280 3610; x_wconf 66' lang='lat' dir='ltr'><strong>Caesaris</strong></span> <span class='ocrx_word' id='word_1_544' title='bbox 3328 3553 3683 3618; x_wconf 85' lang='lat' dir='ltr'><strong>Fertlinandi,</strong></span> <span class='ocrx_word' id='word_1_545' title='bbox 3745 3554 3996 3606; x_wconf 65' lang='lat' dir='ltr'><strong>maximat</strong></span> 
     </span>
    </p>
   </div>
   <div class='ocr_carea' id='block_1_80' title="bbox 2416 3645 3994 3722">
    <p class='ocr_par' dir='ltr' id='par_1_80' title="bbox 2416 3645 3994 3722">
     <span class='ocr_line' id='line_1_80' title="bbox 2416 3645 3994 3722; baseline -0.008 -15"><span class='ocrx_word' id='word_1_546' title='bbox 2416 3653 2500 3708; x_wconf 78' lang='lat' dir='ltr'><strong>vir</strong></span> <span class='ocrx_word' id='word_1_547' title='bbox 2516 3649 2795 3722; x_wconf 84' lang='lat' dir='ltr'><strong>dignitatis</strong></span> <span class='ocrx_word' id='word_1_548' title='bbox 2812 3649 3086 3705; x_wconf 85' lang='lat' dir='ltr'><strong>Antonius</strong></span> <span class='ocrx_word' id='word_1_549' title='bbox 3102 3645 3415 3708; x_wconf 82' lang='lat' dir='ltr'><strong>Verantius,</strong></span> <span class='ocrx_word' id='word_1_550' title='bbox 3440 3646 3732 3715; x_wconf 76' lang='lat' dir='ltr'><strong>episcOpus</strong></span> <span class='ocrx_word' id='word_1_551' title='bbox 3764 3647 3994 3716; x_wconf 78' lang='lat' dir='ltr'><strong>Agricu-</strong></span> 
     </span>
    </p>
   </div>
   <div class='ocr_carea' id='block_1_81' title="bbox 2419 3739 4001 3813">
    <p class='ocr_par' dir='ltr' id='par_1_81' title="bbox 2419 3739 4001 3813">
     <span class='ocr_line' id='line_1_81' title="bbox 2419 3739 4001 3813; baseline -0.008 -12"><span class='ocrx_word' id='word_1_552' title='bbox 2419 3747 2519 3811; x_wconf 87' lang='lat' dir='ltr'><strong>sis,</strong></span> <span class='ocrx_word' id='word_1_553' title='bbox 2552 3760 2647 3813; x_wconf 86' lang='lat' dir='ltr'><strong>per</strong></span> <span class='ocrx_word' id='word_1_554' title='bbox 2663 3758 2792 3798; x_wconf 86' lang='lat' dir='ltr'><strong>suos</strong></span> <span class='ocrx_word' id='word_1_555' title='bbox 2820 3741 3114 3796; x_wconf 81' lang='lat' dir='ltr'><strong>transcribi</strong></span> <span class='ocrx_word' id='word_1_556' title='bbox 3175 3740 3420 3796; x_wconf 84' lang='lat' dir='ltr'><strong>curavit.</strong></span> <span class='ocrx_word' id='word_1_557' title='bbox 3451 3739 3660 3793; x_wconf 78' lang='lat' dir='ltr'><strong>Mecum</strong></span> <span class='ocrx_word' id='word_1_558' title='bbox 3695 3753 3826 3792; x_wconf 82' lang='lat' dir='ltr'><strong>vero</strong></span> <span class='ocrx_word' id='word_1_559' title='bbox 3847 3753 4001 3790; x_wconf 82' lang='lat' dir='ltr'><strong>corn-</strong></span> 
     </span>
    </p>
   </div>
   <div class='ocr_carea' id='block_1_82' title="bbox 2419 3830 4000 3903">
    <p class='ocr_par' dir='ltr' id='par_1_82' title="bbox 2419 3830 4000 3903">
     <span class='ocr_line' id='line_1_82' title="bbox 2419 3830 4000 3903; baseline -0.007 -12"><span class='ocrx_word' id='word_1_560' title='bbox 2419 3835 2735 3892; x_wconf 87' lang='lat' dir='ltr'><strong>municabat</strong></span> <span class='ocrx_word' id='word_1_561' title='bbox 2771 3842 2899 3889; x_wconf 82' lang='lat' dir='ltr'><strong>ante</strong></span> <span class='ocrx_word' id='word_1_562' title='bbox 2939 3831 3338 3903; x_wconf 76' lang='lat' dir='ltr'><strong>profectionem</strong></span> <span class='ocrx_word' id='word_1_563' title='bbox 3369 3830 3436 3885; x_wconf 89' lang='lat' dir='ltr'><strong>ad</strong></span> <span class='ocrx_word' id='word_1_564' title='bbox 3463 3830 3674 3891; x_wconf 86' lang='lat' dir='ltr'><strong>Tureos</strong></span> <span class='ocrx_word' id='word_1_565' title='bbox 3730 3838 4000 3892; x_wconf 72' lang='lat' dir='ltr'><strong>nostram,</strong></span> 
     </span>
    </p>
   </div>
   <div class='ocr_carea' id='block_1_83' title="bbox 2417 3916 3999 3989">
    <p class='ocr_par' dir='ltr' id='par_1_83' title="bbox 2417 3916 3999 3989">
     <span class='ocr_line' id='line_1_83' title="bbox 2417 3916 3999 3989; baseline -0.007 -9"><span class='ocrx_word' id='word_1_566' title='bbox 2417 3925 2500 3980; x_wconf 90' lang='lat' dir='ltr'><strong>vir</strong></span> <span class='ocrx_word' id='word_1_567' title='bbox 2561 3923 2786 3987; x_wconf 89' lang='lat' dir='ltr'><strong>nobilis,</strong></span> <span class='ocrx_word' id='word_1_568' title='bbox 2843 3932 2900 3977; x_wconf 90' lang='lat' dir='ltr'><strong>et</strong></span> <span class='ocrx_word' id='word_1_569' title='bbox 2945 3921 3174 3989; x_wconf 87' lang='lat' dir='ltr'><strong>antiqua</strong></span> <span class='ocrx_word' id='word_1_570' title='bbox 3220 3918 3421 3972; x_wconf 89' lang='lat' dir='ltr'><strong>virtute</strong></span> <span class='ocrx_word' id='word_1_571' title='bbox 3450 3932 3515 3973; x_wconf 90' lang='lat' dir='ltr'><strong>ac</strong></span> <span class='ocrx_word' id='word_1_572' title='bbox 3574 3917 3705 3980; x_wconf 80' lang='lat' dir='ltr'><strong>fide,</strong></span> <span class='ocrx_word' id='word_1_573' title='bbox 3750 3916 3999 3969; x_wconf 79' lang='lat' dir='ltr'><strong>Karulus</strong></span> 
     </span>
    </p>
   </div>
   <div class='ocr_carea' id='block_1_84' title="bbox 2415 4007 4007 4079">
    <p class='ocr_par' dir='ltr' id='par_1_84' title="bbox 2415 4007 4007 4079">
     <span class='ocr_line' id='line_1_84' title="bbox 2415 4007 4007 4079; baseline -0.008 -7"><span class='ocrx_word' id='word_1_574' title='bbox 2415 4015 2637 4072; x_wconf 87' lang='lat' dir='ltr'><strong>Clusius</strong></span> <span class='ocrx_word' id='word_1_575' title='bbox 2671 4012 2925 4076; x_wconf 87' lang='lat' dir='ltr'><strong>Atrebas,</strong></span> <span class='ocrx_word' id='word_1_576' title='bbox 2989 4016 3283 4079; x_wconf 82' lang='lat' dir='ltr'><strong>acceptum.</strong></span> <span class='ocrx_word' id='word_1_577' title='bbox 3338 4008 3407 4062; x_wconf 88' lang='lat' dir='ltr'><strong>ab</strong></span> <span class='ocrx_word' id='word_1_578' title='bbox 3463 4007 3684 4061; x_wconf 84' lang='lat' dir='ltr'><strong>Antonii</strong></span> <span class='ocrx_word' id='word_1_579' title='bbox 3746 4007 4007 4076; x_wconf 74' lang='lat' dir='ltr'><strong>praesulis</strong></span> 
     </span>
    </p>
   </div>
   <div class='ocr_carea' id='block_1_85' title="bbox 2421 4098 4001 4176">
    <p class='ocr_par' dir='ltr' id='par_1_85' title="bbox 2421 4098 4001 4176">
     <span class='ocr_line' id='line_1_85' title="bbox 2421 4098 4001 4176; baseline -0.006 -14"><span class='ocrx_word' id='word_1_580' title='bbox 2421 4116 2644 4176; x_wconf 88' lang='lat' dir='ltr'><strong>nepote,</strong></span> <span class='ocrx_word' id='word_1_581' title='bbox 2677 4103 2882 4160; x_wconf 84' lang='lat' dir='ltr'><strong>Fausto</strong></span> <span class='ocrx_word' id='word_1_582' title='bbox 2913 4100 3171 4155; x_wconf 82' lang='lat' dir='ltr'><strong>Verantio</strong></span> <span class='ocrx_word' id='word_1_583' title='bbox 3205 4115 3221 4153; x_wconf 93' lang='lat'><strong>:</strong></span> <span class='ocrx_word' id='word_1_584' title='bbox 3278 4113 3510 4168; x_wconf 81' lang='lat' dir='ltr'><strong>quorum</strong></span> <span class='ocrx_word' id='word_1_585' title='bbox 3561 4098 3802 4151; x_wconf 89' lang='lat' dir='ltr'><strong>omnium</strong></span> <span class='ocrx_word' id='word_1_586' title='bbox 3853 4113 4001 4152; x_wconf 80' lang='lat' dir='ltr'><strong>sane</strong></span> 
     </span>
    </p>
   </div>
   <div class='ocr_carea' id='block_1_86' title="bbox 2417 4189 4000 4261">
    <p class='ocr_par' dir='ltr' id='par_1_86' title="bbox 2417 4189 4000 4261">
     <span class='ocr_line' id='line_1_86' title="bbox 2417 4189 4000 4261; baseline -0.006 -8"><span class='ocrx_word' id='word_1_587' title='bbox 2417 4197 2755 4254; x_wconf 86' lang='lat' dir='ltr'><strong>mentionem</strong></span> <span class='ocrx_word' id='word_1_588' title='bbox 2789 4192 2928 4258; x_wconf 84' lang='lat' dir='ltr'><strong>fieri,</strong></span> <span class='ocrx_word' id='word_1_589' title='bbox 2958 4192 3136 4248; x_wconf 90' lang='lat' dir='ltr'><strong>visum</strong></span> <span class='ocrx_word' id='word_1_590' title='bbox 3167 4190 3272 4246; x_wconf 86' lang='lat' dir='ltr'><strong>fuit</strong></span> <span class='ocrx_word' id='word_1_591' title='bbox 3303 4190 3699 4261; x_wconf 68' lang='lat' dir='ltr'><strong>aequissimum,</strong></span> <span class='ocrx_word' id='word_1_592' title='bbox 3757 4189 3832 4244; x_wconf 91' lang='lat' dir='ltr'><strong>uti</strong></span> <span class='ocrx_word' id='word_1_593' title='bbox 3857 4207 4000 4244; x_wconf 85' lang='lat' dir='ltr'><strong>con-</strong></span> 
     </span>
    </p>
   </div>
   <div class='ocr_carea' id='block_1_87' title="bbox 2417 4281 3997 4356">
    <p class='ocr_par' dir='ltr' id='par_1_87' title="bbox 2417 4281 3997 4356">
     <span class='ocr_line' id='line_1_87' title="bbox 2417 4281 3997 4356; baseline -0.005 -12"><span class='ocrx_word' id='word_1_594' title='bbox 2417 4297 2761 4344; x_wconf 86' lang='lat' dir='ltr'><strong>servatorum</strong></span> <span class='ocrx_word' id='word_1_595' title='bbox 2784 4284 3071 4356; x_wconf 87' lang='lat' dir='ltr'><strong>fragmenti</strong></span> <span class='ocrx_word' id='word_1_596' title='bbox 3096 4283 3314 4353; x_wconf 89' lang='lat' dir='ltr'><strong>penitus</strong></span> <span class='ocrx_word' id='word_1_597' title='bbox 3345 4281 3522 4348; x_wconf 74' lang='lat' dir='ltr'><strong>aurei,</strong></span> <span class='ocrx_word' id='word_1_598' title='bbox 3554 4281 3702 4350; x_wconf 90' lang='lat' dir='ltr'><strong>quod</strong></span> <span class='ocrx_word' id='word_1_599' title='bbox 3762 4281 3892 4334; x_wconf 56' lang='lat' dir='ltr'><strong>celi</strong></span> <span class='ocrx_word' id='word_1_600' title='bbox 3924 4296 3997 4336; x_wconf 88' lang='lat' dir='ltr'><strong>ac</strong></span> 
     </span>
    </p>
   </div>
   <div class='ocr_carea' id='block_1_88' title="bbox 2419 4370 3992 4446">
    <p class='ocr_par' dir='ltr' id='par_1_88' title="bbox 2419 4370 3992 4446">
     <span class='ocr_line' id='line_1_88' title="bbox 2419 4370 3992 4446; baseline -0.004 -13"><span class='ocrx_word' id='word_1_601' title='bbox 2419 4370 2721 4434; x_wconf 73' lang='lat' dir='ltr'><strong>Turcorum</strong></span> <span class='ocrx_word' id='word_1_602' title='bbox 2755 4376 2976 4446; x_wconf 84' lang='lat' dir='ltr'><strong>injuriis</strong></span> <span class='ocrx_word' id='word_1_603' title='bbox 2997 4374 3331 4444; x_wconf 64' lang='lat' dir='ltr'><strong>expositum,</strong></span> <span class='ocrx_word' id='word_1_604' title='bbox 3366 4387 3433 4428; x_wconf 87' lang='lat' dir='ltr'><strong>ne</strong></span> <span class='ocrx_word' id='word_1_605' title='bbox 3465 4371 3760 4442; x_wconf 69' lang='lat' dir='ltr'><strong>cateroqui</strong></span> <span class='ocrx_word' id='word_1_606' title='bbox 3811 4371 3992 4426; x_wconf 76' lang='lat' dir='ltr'><strong>nobis</strong></span> 
     </span>
    </p>
   </div>
   <div class='ocr_carea' id='block_1_89' title="bbox 753 4462 4007 4543">
    <p class='ocr_par' dir='ltr' id='par_1_89' title="bbox 753 4462 4007 4543">
     <span class='ocr_line' id='line_1_89' title="bbox 753 4462 4007 4543; baseline -0.001 -23"><span class='ocrx_word' id='word_1_607' title='bbox 753 4468 911 4533; x_wconf 79' lang='lat' dir='ltr'><strong>vulgo</strong></span> <span class='ocrx_word' id='word_1_608' title='bbox 934 4471 1149 4537; x_wconf 88' lang='lat' dir='ltr'><strong>vocant)</strong></span> <span class='ocrx_word' id='word_1_609' title='bbox 1180 4471 1340 4538; x_wconf 79' lang='lat' dir='ltr'><strong>longe</strong></span> <span class='ocrx_word' id='word_1_610' title='bbox 1371 4471 1816 4539; x_wconf 64' lang='lat' dir='ltr'><strong>praestantissimi</strong></span> <span class='ocrx_word' id='word_1_611' title='bbox 1867 4473 2097 4543; x_wconf 84' lang='lat' dir='ltr'><strong>tingitur</strong></span> <span class='ocrx_word' id='word_1_612' title='bbox 2124 4484 2179 4528; x_wconf 87' lang='lat' dir='ltr'><strong>et</strong></span> <span class='ocrx_word' id='word_1_613' title='bbox 2201 4473 2314 4529; x_wconf 83' lang='lat' dir='ltr'><strong>ela-</strong></span> <span class='ocrx_word' id='word_1_614' title='bbox 2345 4465 2392 4521; x_wconf 85' lang='lat' dir='ltr'><strong>D</strong></span> <span class='ocrx_word' id='word_1_615' title='bbox 2419 4471 2649 4541; x_wconf 72' lang='lat' dir='ltr'><strong>Ancyrae</strong></span> <span class='ocrx_word' id='word_1_616' title='bbox 2676 4482 2926 4538; x_wconf 89' lang='lat' dir='ltr'><strong>prorsus,</strong></span> <span class='ocrx_word' id='word_1_617' title='bbox 2995 4481 3061 4521; x_wconf 91' lang='lat' dir='ltr'><strong>ac</strong></span> <span class='ocrx_word' id='word_1_618' title='bbox 3095 4465 3249 4519; x_wconf 89' lang='lat' dir='ltr'><strong>brevi</strong></span> <span class='ocrx_word' id='word_1_619' title='bbox 3307 4463 3535 4533; x_wconf 88' lang='lat' dir='ltr'><strong>quidem</strong></span> <span class='ocrx_word' id='word_1_620' title='bbox 3581 4471 3781 4531; x_wconf 84' lang='lat' dir='ltr'><strong>pereat,</strong></span> <span class='ocrx_word' id='word_1_621' title='bbox 3845 4462 4007 4517; x_wconf 86' lang='lat' dir='ltr'><strong>haud</strong></span> 
     </span>
    </p>
   </div>
   <div class='ocr_carea' id='block_1_90' title="bbox 754 4557 1905 4629">
    <p class='ocr_par' dir='ltr' id='par_1_90' title="bbox 754 4557 1905 4629">
     <span class='ocr_line' id='line_1_90' title="bbox 754 4557 1905 4629; baseline 0.005 -19"><span class='ocrx_word' id='word_1_622' title='bbox 754 4557 998 4623; x_wconf 83' lang='lat' dir='ltr'><strong>boratur,</strong></span> <span class='ocrx_word' id='word_1_623' title='bbox 1030 4560 1247 4629; x_wconf 88' lang='lat' dir='ltr'><strong>alioque</strong></span> <span class='ocrx_word' id='word_1_624' title='bbox 1276 4561 1627 4616; x_wconf 81' lang='lat' dir='ltr'><strong>distrahenda</strong></span> <span class='ocrx_word' id='word_1_625' title='bbox 1653 4563 1905 4616; x_wconf 89' lang='lat' dir='ltr'><strong>vehitur.</strong></span> 
     </span>
    </p>
   </div>
   <div class='ocr_carea' id='block_1_91' title="bbox 823 4648 2317 4724">
    <p class='ocr_par' dir='ltr' id='par_1_91' title="bbox 823 4648 2317 4724">
     <span class='ocr_line' id='line_1_91' title="bbox 823 4648 2317 4724; baseline 0.009 -27"><span class='ocrx_word' id='word_1_626' title='bbox 823 4648 1066 4712; x_wconf 85' lang='lat' dir='ltr'><strong>Quodam</strong></span> <span class='ocrx_word' id='word_1_627' title='bbox 1091 4653 1142 4705; x_wconf 86' lang='lat' dir='ltr'><strong>in</strong></span> <span class='ocrx_word' id='word_1_628' title='bbox 1206 4653 1449 4708; x_wconf 80' lang='lat' dir='ltr'><strong>historiae</strong></span> <span class='ocrx_word' id='word_1_629' title='bbox 1500 4652 1701 4708; x_wconf 66' lang='lat' dir='ltr'><strong>Graecae</strong></span> <span class='ocrx_word' id='word_1_630' title='bbox 1759 4656 1917 4718; x_wconf 89' lang='lat' dir='ltr'><strong>libro,</strong></span> <span class='ocrx_word' id='word_1_631' title='bbox 1976 4655 2136 4722; x_wconf 87' lang='lat' dir='ltr'><strong>cujus</strong></span> <span class='ocrx_word' id='word_1_632' title='bbox 2183 4658 2317 4724; x_wconf 82' lang='lat' dir='ltr'><strong>quia</strong></span> 
     </span>
    </p>
   </div>
   <div class='ocr_carea' id='block_1_92' title="bbox 756 4739 2310 4815">
    <p class='ocr_par' dir='ltr' id='par_1_92' title="bbox 756 4739 2310 4815">
     <span class='ocr_line' id='line_1_92' title="bbox 756 4739 2310 4815; baseline 0.008 -25"><span class='ocrx_word' id='word_1_633' title='bbox 756 4739 990 4807; x_wconf 84' lang='lat' dir='ltr'><strong>perierat</strong></span> <span class='ocrx_word' id='word_1_634' title='bbox 1015 4742 1252 4807; x_wconf 89' lang='lat' dir='ltr'><strong>initium,</strong></span> <span class='ocrx_word' id='word_1_635' title='bbox 1289 4759 1357 4799; x_wconf 85' lang='lat' dir='ltr'><strong>ne</strong></span> <span class='ocrx_word' id='word_1_636' title='bbox 1378 4744 1597 4815; x_wconf 90' lang='lat' dir='ltr'><strong>quidem</strong></span> <span class='ocrx_word' id='word_1_637' title='bbox 1639 4747 1879 4801; x_wconf 90' lang='lat' dir='ltr'><strong>auctoris</strong></span> <span class='ocrx_word' id='word_1_638' title='bbox 1914 4746 2045 4802; x_wconf 79' lang='lat' dir='ltr'><strong>sciri</strong></span> <span class='ocrx_word' id='word_1_639' title='bbox 2109 4761 2310 4802; x_wconf 88' lang='lat' dir='ltr'><strong>nomen</strong></span> 
     </span>
    </p>
   </div>
   <div class='ocr_carea' id='block_1_93' title="bbox 756 4833 2311 4906">
    <p class='ocr_par' dir='ltr' id='par_1_93' title="bbox 756 4833 2311 4906">
     <span class='ocr_line' id='line_1_93' title="bbox 756 4833 2311 4906; baseline 0.007 -26"><span class='ocrx_word' id='word_1_640' title='bbox 756 4838 985 4896; x_wconf 86' lang='lat' dir='ltr'><strong>poterat,</strong></span> <span class='ocrx_word' id='word_1_641' title='bbox 1045 4833 1225 4901; x_wconf 87' lang='lat' dir='ltr'><strong>legere</strong></span> <span class='ocrx_word' id='word_1_642' title='bbox 1280 4836 1531 4899; x_wconf 88' lang='lat' dir='ltr'><strong>memini,</strong></span> <span class='ocrx_word' id='word_1_643' title='bbox 1589 4835 1658 4890; x_wconf 90' lang='lat' dir='ltr'><strong>de</strong></span> <span class='ocrx_word' id='word_1_644' title='bbox 1715 4836 1988 4906; x_wconf 84' lang='lat' dir='ltr'><strong>Ancyraui</strong></span> <span class='ocrx_word' id='word_1_645' title='bbox 2055 4837 2311 4902; x_wconf 89' lang='lat' dir='ltr'><strong>mancipii</strong></span> 
     </span>
    </p>
   </div>
   <div class='ocr_carea' id='block_1_94' title="bbox 753 4920 2314 4997">
    <p class='ocr_par' dir='ltr' id='par_1_94' title="bbox 753 4920 2314 4997">
     <span class='ocr_line' id='line_1_94' title="bbox 753 4920 2314 4997; baseline 0.006 -26"><span class='ocrx_word' id='word_1_646' title='bbox 753 4920 1030 4975; x_wconf 81' lang='lat' dir='ltr'><strong>cauditorc</strong></span> <span class='ocrx_word' id='word_1_647' title='bbox 1059 4925 1322 4990; x_wconf 74' lang='lat' dir='ltr'><strong>Augusto.</strong></span> <span class='ocrx_word' id='word_1_648' title='bbox 1357 4924 1549 4982; x_wconf 84' lang='lat' dir='ltr'><strong>Verbis</strong></span> <span class='ocrx_word' id='word_1_649' title='bbox 1594 4942 1657 4980; x_wconf 90' lang='lat' dir='ltr'><strong>ea</strong></span> <span class='ocrx_word' id='word_1_650' title='bbox 1721 4927 2037 4982; x_wconf 87' lang='lat' dir='ltr'><strong>releruntur</strong></span> <span class='ocrx_word' id='word_1_651' title='bbox 2122 4929 2314 4997; x_wconf 83' lang='lat' dir='ltr'><strong>hujus-</strong></span> 
     </span>
    </p>
   </div>
   <div class='ocr_carea' id='block_1_95' title="bbox 2419 4551 4014 4630">
    <p class='ocr_par' dir='ltr' id='par_1_95' title="bbox 2419 4551 4014 4630">
     <span class='ocr_line' id='line_1_95' title="bbox 2419 4551 4014 4630; baseline -0.005 -15"><span class='ocrx_word' id='word_1_652' title='bbox 2419 4561 2629 4630; x_wconf 84' lang='lat' dir='ltr'><strong>absque</strong></span> <span class='ocrx_word' id='word_1_653' title='bbox 2647 4572 2813 4614; x_wconf 86' lang='lat' dir='ltr'><strong>causa</strong></span> <span class='ocrx_word' id='word_1_654' title='bbox 2847 4556 3223 4610; x_wconf 90' lang='lat' dir='ltr'><strong>tnctuendnm.</strong></span> <span class='ocrx_word' id='word_1_655' title='bbox 3259 4553 3367 4608; x_wconf 88' lang='lat' dir='ltr'><strong>Sed</strong></span> <span class='ocrx_word' id='word_1_656' title='bbox 3402 4552 3640 4621; x_wconf 87' lang='lat' dir='ltr'><strong>reliquas</strong></span> <span class='ocrx_word' id='word_1_657' title='bbox 3683 4551 3905 4606; x_wconf 87' lang='lat' dir='ltr'><strong>tandem</strong></span> <span class='ocrx_word' id='word_1_658' title='bbox 3976 4569 4014 4607; x_wconf 73' lang='grc' dir='ltr'>ο</span> 
     </span>
    </p>
   </div>
   <div class='ocr_carea' id='block_1_96' title="bbox 2422 4643 4014 4720">
    <p class='ocr_par' dir='ltr' id='par_1_96' title="bbox 2422 4643 4014 4720">
     <span class='ocr_line' id='line_1_96' title="bbox 2422 4643 4014 4720; baseline -0.006 -14"><span class='ocrx_word' id='word_1_659' title='bbox 2422 4650 2717 4720; x_wconf 80' lang='lat' dir='ltr'><strong>naufragio.</strong></span> <span class='ocrx_word' id='word_1_660' title='bbox 2742 4657 2851 4703; x_wconf 88' lang='lat' dir='ltr'><strong>tam</strong></span> <span class='ocrx_word' id='word_1_661' title='bbox 2879 4646 3125 4718; x_wconf 62' lang='lat' dir='ltr'><strong>preclari</strong></span> <span class='ocrx_word' id='word_1_662' title='bbox 3162 4645 3378 4700; x_wconf 86' lang='lat' dir='ltr'><strong>tabulas</strong></span> <span class='ocrx_word' id='word_1_663' title='bbox 3427 4644 3611 4713; x_wconf 83' lang='lat' dir='ltr'><strong>operis</strong></span> <span class='ocrx_word' id='word_1_664' title='bbox 3647 4643 3815 4696; x_wconf 86' lang='lat' dir='ltr'><strong>lector</strong></span> <span class='ocrx_word' id='word_1_665' title='bbox 3850 4646 4014 4697; x_wconf 83' lang='lat' dir='ltr'><strong>acci-</strong></span> 
     </span>
    </p>
   </div>
   <div class='ocr_carea' id='block_1_97' title="bbox 2421 4733 4012 4814">
    <p class='ocr_par' dir='ltr' id='par_1_97' title="bbox 2421 4733 4012 4814">
     <span class='ocr_line' id='line_1_97' title="bbox 2421 4733 4012 4814; baseline -0.006 -16"><span class='ocrx_word' id='word_1_666' title='bbox 2421 4744 2532 4814; x_wconf 90' lang='lat' dir='ltr'><strong>piat</strong></span> <span class='ocrx_word' id='word_1_667' title='bbox 2569 4743 2642 4795; x_wconf 90' lang='lat' dir='ltr'><strong>ita</strong></span> <span class='ocrx_word' id='word_1_668' title='bbox 2670 4741 2831 4794; x_wconf 86' lang='lat' dir='ltr'><strong>dictis</strong></span> <span class='ocrx_word' id='word_1_669' title='bbox 2861 4739 2919 4793; x_wconf 91' lang='lat' dir='ltr'><strong>in</strong></span> <span class='ocrx_word' id='word_1_670' title='bbox 2946 4737 3248 4808; x_wconf 88' lang='lat' dir='ltr'><strong>parietibus</strong></span> <span class='ocrx_word' id='word_1_671' title='bbox 3299 4744 3579 4791; x_wconf 78' lang='lat' dir='ltr'><strong>exstantes</strong></span> <span class='ocrx_word' id='word_1_672' title='bbox 3611 4752 3624 4788; x_wconf 94' lang='lat'>:</span> <span class='ocrx_word' id='word_1_673' title='bbox 3653 4742 3708 4788; x_wconf 94' lang='lat' dir='ltr'><strong>ut</strong></span> <span class='ocrx_word' id='word_1_674' title='bbox 3759 4733 4012 4790; x_wconf 82' lang='lat' dir='ltr'><strong>dimidia</strong></span> 
     </span>
    </p>
   </div>
   <div class='ocr_carea' id='block_1_98' title="bbox 2419 4825 4019 4904">
    <p class='ocr_par' dir='ltr' id='par_1_98' title="bbox 2419 4825 4019 4904">
     <span class='ocr_line' id='line_1_98' title="bbox 2419 4825 4019 4904; baseline -0.005 -16"><span class='ocrx_word' id='word_1_675' title='bbox 2419 4848 2547 4904; x_wconf 88' lang='lat' dir='ltr'><strong>pars</strong></span> <span class='ocrx_word' id='word_1_676' title='bbox 2586 4832 2919 4886; x_wconf 84' lang='lat' dir='ltr'><strong>intrantibus</strong></span> <span class='ocrx_word' id='word_1_677' title='bbox 2942 4830 3233 4884; x_wconf 67' lang='lat' dir='ltr'><strong>atdilicium</strong></span> <span class='ocrx_word' id='word_1_678' title='bbox 3268 4828 3336 4884; x_wconf 87' lang='lat' dir='ltr'><strong>ad</strong></span> <span class='ocrx_word' id='word_1_679' title='bbox 3370 4830 3638 4892; x_wconf 83' lang='lat' dir='ltr'><strong>dextram,</strong></span> <span class='ocrx_word' id='word_1_680' title='bbox 3680 4825 3858 4881; x_wconf 84' lang='lat' dir='ltr'><strong>altera</strong></span> <span class='ocrx_word' id='word_1_681' title='bbox 3916 4843 4019 4882; x_wconf 76' lang='lat' dir='ltr'><strong>se-</strong></span> 
     </span>
    </p>
   </div>
   <div class='ocr_carea' id='block_1_99' title="bbox 2422 4921 3187 4981">
    <p class='ocr_par' dir='ltr' id='par_1_99' title="bbox 2422 4921 3187 4981">
     <span class='ocr_line' id='line_1_99' title="bbox 2422 4921 3187 4981; baseline -0.004 0"><span class='ocrx_word' id='word_1_682' title='bbox 2422 4934 2533 4981; x_wconf 87' lang='lat' dir='ltr'><strong>met</strong></span> <span class='ocrx_word' id='word_1_683' title='bbox 2558 4925 2624 4979; x_wconf 90' lang='lat' dir='ltr'><strong>ad</strong></span> <span class='ocrx_word' id='word_1_684' title='bbox 2645 4924 2927 4979; x_wconf 84' lang='lat' dir='ltr'><strong>sinistram</strong></span> <span class='ocrx_word' id='word_1_685' title='bbox 2960 4921 3187 4978; x_wconf 61' lang='lat' dir='ltr'><strong>oderat.</strong></span> 
     </span>
    </p>
   </div>
   <div class='ocr_carea' id='block_1_100' title="bbox 2084 5067 2661 5130">
    <p class='ocr_par' dir='ltr' id='par_1_100' title="bbox 2084 5067 2661 5130">
     <span class='ocr_line' id='line_1_100' title="bbox 2084 5067 2661 5130; baseline -0.005 -2"><span class='ocrx_word' id='word_1_686' title='bbox 2084 5069 2355 5129; x_wconf 72' lang='lat' dir='ltr'><strong>SEIIIES</strong></span> <span class='ocrx_word' id='word_1_687' title='bbox 2383 5067 2661 5130; x_wconf 76' lang='lat' dir='ltr'><strong>PRIMA.</strong></span> 
     </span>
    </p>
   </div>
   <div class='ocr_carea' id='block_1_101' title="bbox 1267 5201 2950 5256">
    <p class='ocr_par' dir='ltr' id='par_1_101' title="bbox 1267 5201 2950 5256">
     <span class='ocr_line' id='line_1_101' title="bbox 1267 5201 2950 5256; baseline 0.001 -12"><span class='ocrx_word' id='word_1_688' title='bbox 1267 5205 1503 5246; x_wconf 76' lang='lat' dir='ltr'><strong>IIERVM.</strong></span> <span class='ocrx_word' id='word_1_689' title='bbox 1533 5203 1895 5249; x_wconf 76' lang='lat' dir='ltr'><strong>GESTARVM.</strong></span> <span class='ocrx_word' id='word_1_690' title='bbox 1939 5201 2093 5247; x_wconf 79' lang='lat' dir='ltr'><strong>DIVI.</strong></span> <span class='ocrx_word' id='word_1_691' title='bbox 2128 5205 2416 5248; x_wconf 71' lang='lat' dir='ltr'><strong>AVGVSTI.</strong></span> <span class='ocrx_word' id='word_1_692' title='bbox 2442 5201 2691 5256; x_wconf 71' lang='lat' dir='ltr'><strong>QVIBVS.</strong></span> <span class='ocrx_word' id='word_1_693' title='bbox 2719 5203 2950 5245; x_wconf 77' lang='lat' dir='ltr'><strong>ORBEM.</strong></span> 
     </span>
    </p>
   </div>
   <div class='ocr_carea' id='block_1_102' title="bbox 1261 5266 2876 5326">
    <p class='ocr_par' dir='ltr' id='par_1_102' title="bbox 1261 5266 2876 5326">
     <span class='ocr_line' id='line_1_102' title="bbox 1261 5266 2876 5326; baseline -0.001 -4"><span class='ocrx_word' id='word_1_694' title='bbox 1261 5282 1599 5326; x_wconf 74' lang='lat' dir='ltr'><strong>TEBRABVM</strong></span> <span class='ocrx_word' id='word_1_695' title='bbox 1638 5312 1652 5326; x_wconf 96' lang='lat'><strong>.</strong></span> <span class='ocrx_word' id='word_1_696' title='bbox 1687 5266 1972 5325; x_wconf 69' lang='lat' dir='ltr'><strong>IMPERIO.</strong></span> <span class='ocrx_word' id='word_1_697' title='bbox 2005 5282 2248 5325; x_wconf 83' lang='lat' dir='ltr'><strong>POPVLI.</strong></span> <span class='ocrx_word' id='word_1_698' title='bbox 2271 5282 2530 5325; x_wconf 65' lang='lat' dir='ltr'><strong>nonum.</strong></span> <span class='ocrx_word' id='word_1_699' title='bbox 2570 5280 2876 5323; x_wconf 76' lang='lat' dir='ltr'><strong>SVBJECIT.</strong></span> 
     </span>
    </p>
   </div>
   <div class='ocr_carea' id='block_1_103' title="bbox 1265 5358 2766 5412">
    <p class='ocr_par' dir='ltr' id='par_1_103' title="bbox 1265 5358 2766 5412">
     <span class='ocr_line' id='line_1_103' title="bbox 1265 5358 2766 5412; baseline -0.001 -12"><span class='ocrx_word' id='word_1_700' title='bbox 1265 5359 1362 5401; x_wconf 82' lang='grc' dir='ltr'><strong>ΕΤ.</strong></span> <span class='ocrx_word' id='word_1_701' title='bbox 1387 5361 1812 5404; x_wconf 70' lang='grc' dir='ltr'><strong>ιωΡεΝεΑΒνΜ.</strong></span> <span class='ocrx_word' id='word_1_702' title='bbox 1842 5360 2025 5412; x_wconf 77' lang='lat' dir='ltr'><strong>QVAS.</strong></span> <span class='ocrx_word' id='word_1_703' title='bbox 2049 5359 2135 5404; x_wconf 81' lang='lat' dir='ltr'><strong>IN.</strong></span> <span class='ocrx_word' id='word_1_704' title='bbox 2161 5360 2631 5405; x_wconf 73' lang='lat' dir='ltr'><strong>REMPVBIJCAM.</strong></span> <span class='ocrx_word' id='word_1_705' title='bbox 2651 5358 2766 5400; x_wconf 60' lang='lat' dir='ltr'><strong>P0-</strong></span> 
     </span>
    </p>
   </div>
   <div class='ocr_carea' id='block_1_104' title="bbox 1274 5437 2728 5490">
    <p class='ocr_par' dir='ltr' id='par_1_104' title="bbox 1274 5437 2728 5490">
     <span class='ocr_line' id='line_1_104' title="bbox 1274 5437 2728 5490; baseline 0.001 -13"><span class='ocrx_word' id='word_1_706' title='bbox 1274 5438 1627 5490; x_wconf 79' lang='lat' dir='ltr'><strong>I‘VLVMQVE.</strong></span> <span class='ocrx_word' id='word_1_707' title='bbox 1657 5437 1992 5481; x_wconf 76' lang='lat' dir='ltr'><strong>ROMANVM.</strong></span> <span class='ocrx_word' id='word_1_708' title='bbox 2033 5439 2227 5482; x_wconf 84' lang='lat' dir='ltr'><strong>FECIT.</strong></span> <span class='ocrx_word' id='word_1_709' title='bbox 2259 5440 2530 5483; x_wconf 68' lang='lat' dir='ltr'><strong>INCISARV</strong></span> <span class='ocrx_word' id='word_1_710' title='bbox 2549 5443 2618 5482; x_wconf 74' lang='grc' dir='ltr'><strong>Μ.</strong></span> <span class='ocrx_word' id='word_1_711' title='bbox 2643 5437 2728 5480; x_wconf 81' lang='lat' dir='ltr'><strong>IN.</strong></span> 
     </span>
    </p>
   </div>
   <div class='ocr_carea' id='block_1_105' title="bbox 1288 5516 2711 5570">
    <p class='ocr_par' dir='ltr' id='par_1_105' title="bbox 1288 5516 2711 5570">
     <span class='ocr_line' id='line_1_105' title="bbox 1288 5516 2711 5570; baseline 0 -15"><span class='ocrx_word' id='word_1_712' title='bbox 1288 5516 1529 5559; x_wconf 83' lang='lat' dir='ltr'><strong>DVABUS</strong></span> <span class='ocrx_word' id='word_1_713' title='bbox 1557 5516 1840 5560; x_wconf 78' lang='lat' dir='ltr'><strong>AHENEIS.</strong></span> <span class='ocrx_word' id='word_1_714' title='bbox 1883 5517 2060 5560; x_wconf 88' lang='lat' dir='ltr'><strong>PILIS.</strong></span> <span class='ocrx_word' id='word_1_715' title='bbox 2092 5517 2247 5570; x_wconf 56' lang='grc' dir='ltr'><strong>ονε.</strong></span> <span class='ocrx_word' id='word_1_716' title='bbox 2290 5517 2470 5561; x_wconf 78' lang='lat' dir='ltr'><strong>SVNT.</strong></span> <span class='ocrx_word' id='word_1_717' title='bbox 2505 5517 2711 5562; x_wconf 63' lang='lat' dir='ltr'><strong>ROJExE.</strong></span> 
     </span>
    </p>
   </div>
   <div class='ocr_carea' id='block_1_106' title="bbox 1274 5593 2322 5639">
    <p class='ocr_par' dir='ltr' id='par_1_106' title="bbox 1274 5593 2322 5639">
     <span class='ocr_line' id='line_1_106' title="bbox 1274 5593 2322 5639; baseline 0.003 -5"><span class='ocrx_word' id='word_1_718' title='bbox 1274 5593 1528 5636; x_wconf 75' lang='lat' dir='ltr'><strong>I‘OSIT.‘E.</strong></span> <span class='ocrx_word' id='word_1_719' title='bbox 1561 5595 1842 5638; x_wconf 75' lang='lat' dir='ltr'><strong>EXEMPLA</strong></span> <span class='ocrx_word' id='word_1_720' title='bbox 1852 5597 1890 5637; x_wconf 83' lang='lat' dir='ltr'><strong>R</strong></span> <span class='ocrx_word' id='word_1_721' title='bbox 1901 5626 1912 5638; x_wconf 92' lang='lat'><strong>.</strong></span> <span class='ocrx_word' id='word_1_722' title='bbox 1947 5596 2297 5639; x_wconf 71' lang='lat' dir='ltr'><strong>SUBJECTUM</strong></span> <span class='ocrx_word' id='word_1_723' title='bbox 2309 5624 2322 5637; x_wconf 89' lang='lat'><strong>.</strong></span> 
     </span>
    </p>
   </div>
   <div class='ocr_carea' id='block_1_107' title="bbox 1279 5672 2929 5717">
    <p class='ocr_par' dir='ltr' id='par_1_107' title="bbox 1279 5672 2929 5717">
     <span class='ocr_line' id='line_1_107' title="bbox 1279 5672 2929 5717; baseline -0.001 -3"><span class='ocrx_word' id='word_1_724' title='bbox 1279 5672 1504 5716; x_wconf 73' lang='lat' dir='ltr'><strong>ANNOS.</strong></span> <span class='ocrx_word' id='word_1_725' title='bbox 1535 5674 1948 5717; x_wconf 75' lang='lat' dir='ltr'><strong>VNDEVIGINTI.</strong></span> <span class='ocrx_word' id='word_1_726' title='bbox 1982 5673 2198 5717; x_wconf 77' lang='lat' dir='ltr'><strong>NATVS.</strong></span> <span class='ocrx_word' id='word_1_727' title='bbox 2232 5674 2611 5717; x_wconf 74' lang='lat' dir='ltr'><strong>EXEBCITUM.</strong></span> <span class='ocrx_word' id='word_1_728' title='bbox 2635 5673 2929 5716; x_wconf 72' lang='grc' dir='ltr'><strong>ΡιιιγΑΤυ.</strong></span> 
     </span>
    </p>
   </div>
   <div class='ocr_carea' id='block_1_108' title="bbox 1281 5749 3056 5798">
    <p class='ocr_par' dir='ltr' id='par_1_108' title="bbox 1281 5749 3056 5798">
     <span class='ocr_line' id='line_1_108' title="bbox 1281 5749 3056 5798; baseline -0.001 -6"><span class='ocrx_word' id='word_1_729' title='bbox 1281 5750 1582 5798; x_wconf 77' lang='lat' dir='ltr'><strong>CONSILIO.</strong></span> <span class='ocrx_word' id='word_1_730' title='bbox 1620 5754 1713 5796; x_wconf 83' lang='grc' dir='ltr'><strong>ΕΤ.</strong></span> <span class='ocrx_word' id='word_1_731' title='bbox 1743 5753 2030 5798; x_wconf 73' lang='grc' dir='ltr'><strong>ιιιυνΑΤΑ.</strong></span> <span class='ocrx_word' id='word_1_732' title='bbox 2071 5753 2354 5797; x_wconf 62' lang='lat' dir='ltr'><strong>IMI&#39;ENSA.</strong></span> <span class='ocrx_word' id='word_1_733' title='bbox 2382 5752 2750 5796; x_wconf 70' lang='lat' dir='ltr'><strong>COMI‘ARAVI.</strong></span> <span class='ocrx_word' id='word_1_734' title='bbox 2789 5749 3056 5798; x_wconf 73' lang='lat' dir='ltr'><strong>TERQVE.</strong></span> 
     </span>
    </p>
   </div>
  </div>
