4198 6426
183 334 279 393 737

1325 324 1718 384 PANDECTE
1751 324 1944 384 msr.
1977 324 2281 384 'runmc.
3319 319 3425 392 738

252 436 449 492 llalws,
476 432 681 499 Optime
714 431 899 492 laetor,
935 429 1191 496 reliquias
1235 432 1503 499 Ancvrani
1547 446 1741 481 iuonu-
1770 432 1816 490 Α
1847 432 2059 490 dorum,
2095 433 2145 484 in
2214 443 2534 501 potestatein
2588 435 2879 501 redegisse.
2914 435 2955 487 Α
2996 450 3105 505 quo
3174 435 3303 490 «ὀρθ
3346 438 3419 490 nii

183 526 365 585 luenti,
406 522 565 575 facile
599 523 841 573 omnium
876 537 995 588 qum
1028 538 1171 573 nunc
1208 530 1443 584 exstant,
1478 531 1744 587 praestan-

186 615 404 676 tissimi,
448 613 715 681 siquidem
745 623 888 665 esset
922 613 1212 680 integrum.
1280 611 1408 680 Ejus
1455 612 1744 663 illustratio

182 720 287 756 non
324 701 487 771 hujus
521 710 606 754 est
636 700 761 754 loci.

183 819 268 869 11.
297 816 456 878 Anni,
476 814 756 876 mensium,
776 814 977 936 dieltl'um
1015 813 1155 880 apud
1189 812 1379 865 Turres
1410 816 1547 867 ratio
1579 826 1625 868 et
1655 834 1748 885 np-

783 901 842 936 ne
892 895 1115 935 ationcs.

782 895 1115 951 peltattoncs.

252 976 437 1031 Notavi
469 978 534 1031 ad
568 978 864 1046 marginem
897 977 1038 1039 libri,
1068 993 1268 1031 annum
1310 978 1746 1033 Mahumetanum

179 1070 303 1134 687,
346 1084 454 1138 quo
478 1082 726 1122 mortuus
765 1069 1049 1123 Ertucules
1114 1070 1365 1134 traditur,
1427 1086 1548 1123 esse
1595 1070 1751 1124 Curi-

178 1163 416 1215 stianum
447 1160 609 1215 1289.
645 1161 757 1215 Hoc
794 1162 869 1214 uti
904 1162 1118 1230 planius
1168 1162 1395 1231 intelligi
1464 1163 1658 1230 possit,
1685 1164 1750 1215 li-

182 1251 273 1302 bet
304 1251 405 1303 hoc
428 1251 545 1304 loco
581 1265 742 1320 quam
784 1249 1422 1318 paucissimiscxplicare
1447 1260 1748 1319 temporum

177 1344 321 1410 apud
351 1342 557 1395 Tureos
617 1342 903 1413 rationem,
972 1342 1219 1395 videlicet
1249 1358 1541 1406 annorum,
1603 1361 1752 1396 nien-

180 1434 346 1493 sinm,
380 1431 914 1507 dierumbquantum
952 1429 1172 1499 quidem
1208 1429 1475 1483 hactenus
1549 1432 1753 1483 intelli-

178 1536 307 1586 gere
341 1524 406 1573 de
434 1522 516 1573 his
544 1520 715 1589 potui.
740 1518 965 1574 Constat
1022 1521 1186 1589 igitur
1239 1522 1382 1590 apud
1411 1519 1625 1575 Turcos
1652 1536 1751 1573 an-

178 1630 283 1666 nus
318 1614 381 1665 1?.
410 1613 709 1677 mensibus,
762 1604 859 1666 Ased
884 1613 1188 1677 lunaribus,
1252 1622 1306 1666 et
1374 1616 1596 1668 tradunt
1628 1614 1747 1682 ipsi,

174 1713 300 1771 post
320 1704 388 1755 52
417 1718 587 1756 anites
620 1704 879 1757 Turcicos
909 1704 1309 1758 ﬁrmamentum
1364 1706 1487 1758 coeli
1520 1721 1745 1759 cursum

182 1810 344 1848 suum
374 1795 677 1849 absolvere.
720 1795 874 1848 Unde
906 1795 1296 1864 propemodum
1351 1797 1528 1865 colligi
1585 1798 1750 1866 pleri-

181 1905 292 1957 que
324 1902 534 1957 putant,
564 1892 722 1942 annis
755 1890 814 1943 5|
870 1889 1218 1951 Christianis.
1280 1892 1607 1960 respondere
1640 1892 1751 1945 Ma-

182 1982 514 2035 humetanos
554 1980 644 2045 5‘2,
678 1998 801 2033 cum
840 1982 1037 2051 exiguo
1070 1982 1471 2036 additamento.
1509 1982 1754 2036 Prannit—

180 2074 310 2126 titor
340 2071 390 2124 id
421 2072 606 2135 etiam,
637 2070 781 2125 hunc
808 2088 1011 2124 annum
1046 2070 1250 2125 Christ.
1300 2072 1436 2125 1587
1468 2087 1590 2125 cum
1622 2074 1756 2127 inci-

182 2176 363 2233 peret,
402 2163 566 2217 fuisse
586 2172 957 2230 computalum
982 2161 1216 2216 aTurcis
1248 2178 1344 2232 pro
1376 2162 1755 2217 Mabumetano

174 2258 305 2312 991.
338 2256 546 2324 Quippe
571 2257 693 2308 licet
726 2256 827 2308 hoc
864 2254 1168 2322 intelligere
1224 2256 1289 2308 de
1331 2257 1508 2310 verbis
1541 2258 1753 2309 ultimis

177 2351 237 2401 in
292 2348 589 2417 diplomate
634 2346 835 2400 sultani
921 2346 1145 2400 Muralis
1209 2344 1275 2399 Ill
1311 2361 1417 2415 quo
1446 2349 1754 2401 continetur

178 2441 495 2510 prorogatio
528 2440 673 2509 pacis
704 2455 824 2491 cum
860 2437 1150 2506 Rndolpho
1192 2437 1232 2490 Il
1294 2440 1429 2508 imp.
1490 2443 1755 2508 Augusto.

179 2533 455 2599 Legunmr
498 2530 639 2581 enim
671 2529 791 2583 istic
830 2530 1017 2580 hzecin
1084 2539 1332 2581 extremo
1383 2530 1588 2582 verba:
1663 2529 1757 2582 Die

174 2624 351 2690 primo
376 2622 601 2688 proximi
626 2620 813 2673 mensis
830 2618 1097 2682 Januarii,
1124 2635 1260 2671 anno
1294 2619 1640 2673 DominiJesu
1670 2637 1757 2672 su-

175 2732 277 2783 pra
301 2729 450 2781 quem
480 2714 545 2765 sit
577 2712 749 2780 gratia
775 2721 821 2763 et
865 2711 1122 2763 auxilium
1159 2712 1409 2775 divinum,
1445 2713 1576 2766 1531
1614 2730 1628 2766 :
1668 2714 1759 2781 qui

173 2805 279 2855 erit
309 2818 478 2853 annus
532 2802 1020 2869 transmigrationis
1068 2804 1243 2869 magni
1274 2800 1537 2869 propheta:
1569 2806 1753 2861 nostri.

173 2906 346 2957 supra
369 2905 519 2958 quem
577 2889 643 2940 sit
674 2895 848 2957 gratia
897 2889 1142 2956 salusque
1204 2891 1375 2942 divina
1397 2890 1491 2945 991
1534 2910 1547 2945 :
1578 2894 1661 2944 die
1687 2891 1754 2943 Ἦ

175 2997 352 3034 sacra:
387 2981 522 3033 (una:
552 2980 838 3033 Sile/ridae.
889 2984 1097 3045 Quibus
1151 2982 1200 3035 in
1235 2984 1411 3035 verbis
1434 2984 1753 3048 notandum,

174 3088 358 3126 annos
393 3072 798 3124 Malnnnetanos
830 3069 1022 3125 Turcis
1084 3072 1312 3127 usitatos
1366 3088 1474 3126 non
1532 3080 1748 3127 eosdem

174 3180 304 3220 esse
336 3180 456 3218 cum
485 3165 640 3216 annis
680 3163 909 3233 llegiraz,
940 3180 1063 3233 quae
1120 3165 1312 3233 incipit
1368 3181 1398 3218 a
1463 3167 1747 3221 nativitate

177 3258 533 3322 Mallumetis,
565 3258 816 3312 videlicet
851 3258 919 3311 ab
949 3274 1090 3309 anno
1110 3256 1418 3311 Christiano
1451 3259 1575 3314 59:2.
1613 3260 1745 3313 Nam

176 3362 443 3415 eXpresse
490 3347 685 3400 diciiur
721 3362 749 3399 a
804 3348 998 3401 Turcis
1052 3364 1195 3400 anno
1243 3348 1550 3402 Christiano
1613 3350 1744 3403 1584

176 3440 356 3495 fuisse
374 3448 713 3510 computatos
735 3439 1081 3495 annns99la
1116 3442 1599 3511 transmigratiune
1630 3443 1745 3499 sive

177 3542 362 3586 morte
395 3531 717 3586 Mahumetis
751 3549 765 3588 :
798 3533 994 3600 quibus
1026 3534 1067 3585 si
1107 3543 1215 3587 trcs
1249 3534 1317 3603 ab
1369 3534 1462 3586 illo
1508 3545 1749 3603 tempore

176 3624 400 3691 elapsos
423 3624 669 3689 adiicias,
704 3624 810 3677 erit
850 3638 1027 3677 annus
1062 3625 1149 3676 hic
1188 3622 1532 3678 Christianus
1566 3627 1693 3679 1587
1720 3642 1748 3678 a

178 3724 367 3768 Ilttlrlc
387 3714 709 3768 Mahumetis
726 3714 855 3769 994.
890 3713 1009 3767 Jam
1042 3716 1087 3769 si
1116 3714 1183 3768 de
1210 3716 1313 3770 991
1369 3716 1624 3769 detrahas
1652 3732 1748 3769 an-

178 3821 286 3858 nos
322 3805 449 3869 687,
479 3822 586 3874 quo
619 3814 859 3874 tempore
898 3816 1146 3860 mortuus
1181 3805 1461 3859 Ertucules
1486 3808 1712 3861 traditur
1734 3849 1748 3873 ,

177 3898 384 3965 reliqui
423 3906 580 3950 erunt
614 3897 745 3950 anni
779 3897 1143 3949 Mahumetani
1169 3897 1289 3962 507,
1332 3899 1421 3965 qui
1492 3901 1751 3952 transiere

174 3972 398 4047 scilicet
425 3990 491 4044 ab
522 3988 796 4042 Ertuculis
826 3999 992 4042 morte
1019 4005 1189 4057 usque
1236 3990 1302 4043 ad
1374 3992 1519 4043 hunc
1550 4007 1748 4045 annum

174 4091 539 4152 prmsentem.
564 4081 807 4135 Diximus
824 4090 1003 4134 autem
1033 4081 1191 4147 paulo
1212 4089 1335 4133 ante
1358 4081 1620 4135 Turcicos
1650 4098 1749 4134 an-

176 4190 289 4229 nos
319 4176 393 4227 5'2
435 4173 822 4242 propemodum
878 4174 1209 4241 respondere
1267 4173 1597 4227 Christianis
1659 4175 1749 4227 51.

171 4267 555 4333 Quamobrem
587 4266 651 4318 de
676 4264 801 4330 307,
866 4264 1262 4319 Mahumetanis
1289 4267 1605 4319 detrahendi
1673 4282 1756 4318 ve~

174 4363 351 4414 niunt
382 4358 509 4411 anni
540 4354 757 4424 928/51
817 4356 932 4410 sive
956 4357 1114 4424 paulo
1134 4358 1310 4410 minus
1336 4372 1497 4424 quam
1525 4358 1705 4411 decem
1736 4375 1749 4411 :

169 4461 231 4505 et
262 4459 430 4504 erunt
456 4447 558 4501 507
590 4437 975 4511 Mahumetaui,
1026 4447 1070 4500 si
1098 4448 1161 4500 10
1191 4447 1429 4516 integros
1488 4450 1748 4511 deducas,
1790 4461 1827 4513 ο

172 4542 397 4595 redacti
434 4539 499 4592 ad
530 4553 702 4592 annos
722 4536 1063 4592 Christianos
1108 4537 1234 4591 297.
1289 4537 1381 4590 His
1432 4553 1624 4591 rursus,
1656 4540 1752 4590 de-

170 4634 382 4688 tractis
403 4633 469 4684 de
488 4630 625 4683 1587
645 4631 977 4697 reperiemus
1000 4644 1202 4681 annum
1233 4627 1435 4680 Christi
1466 4625 1619 4690 19.90,
1641 4642 1751 4694 quo

167 4727 401 4781 scilicet
428 4730 673 4775 mortuus
723 4719 886 4773 fuerit
934 4720 1239 4783 Ertucnles,
1269 4719 1519 4772 Usmanis
1575 4728 1747 4786 pater.

167 4818 441 4872 Tradnnt
465 4825 640 4866 autem
678 4813 915 4865 Annales
942 4812 993 4863 lii
1028 4812 1195 4864 nostri
1240 4822 1513 4863 mortuum
1554 4811 1750 4863 Osuin-

165 4925 310 4964 nem
344 4909 523 4976 ipsum
554 4919 696 4957 anno
727 4903 1105 4957 Mahumotano
1134 4902 1235 4954 7:37
1264 4904 1355 4970 qui
1400 4903 1748 4957 Christianus

158 5010 302 5058 erat
340 4997 502 5051 1528.
540 4996 679 5065 Ergo
714 5007 834 5065 post
862 4998 1072 5047 obitum
1104 4994 1271 5060 patris
1328 5003 1604 5060 superstes
1646 4992 1744 5045 (uit

161 5095 353 5166 paulo
409 5089 639 5158 amplius
692 5102 852 5156 quam
885 5089 952 5139 39
987 5092 1145 5140 annis
1207 5085 1603 5139 Mahumetanis
1638 5085 1749 5137 sive

157 5188 237 5239 3’5
272 5178 635 5236 Christianis.
676 5177 738 5229 Et
763 5176 887 5245 quia
923 5175 1085 5228 Turci
1122 5175 1307 5228 volunt
1332 5190 1454 5227 eum
1490 5188 1747 5243 regnasse

154 5277 235 5328 29
263 5272 465 5335 annis,
505 5269 674 5323 nostri
703 5268 796 5331 28,
823 5266 965 5335 quod
1010 5267 1149 5320 idem
1209 5275 1332 5319 est:
1399 5277 1621 5318 necesse
1672 5274 1755 5316 est

155 5382 375 5423 verum
403 5363 663 5416 fateamur
691 5360 837 5427 quod
889 5359 1134 5412 historici
1192 5359 1477 5425 diligentes
1530 5365 1584 5409 et
1642 5356 1747 5408 [ide

152 5459 328 5528 digni
362 5455 721 5521 scripserunt,
741 5453 1032 5505 Osmanem
1054 5451 1313 5518 perpezuis
1330 5450 1745 5502 excursionibus

148 5570 223 5608 ac
260 5545 485 5614 rapinis
511 5544 983 5611 collocupletatum
1027 5556 1277 5608 magnam
1317 5548 1521 5606 partem
1563 5540 1754 5605 liitby-

149 5650 271 5698 niae
310 5640 615 5705 vicinaeque
648 5639 816 5687 Ponto
844 5635 1076 5687 Euximo
1131 5633 1389 5701 regionis,
1453 5634 1591 5684 intra
1625 5646 1735 5697 spa’

149 5739 307 5789 tium
356 5729 420 5780 10
449 5741 710 5779 annorum
748 5740 773 5777 a
802 5735 971 5778 morte
1002 5724 1168 5791 patris
1198 5725 1404 5778 scilicet
1436 5738 1739 5775 numeran—

1852 531 2114 587 tempure,
2170 523 2471 590 principatu
2526 525 2636 593 jam
2696 526 2993 578 constituto
3042 525 3419 593 stabilitoquc,

1854 622 1995 663 recte
2022 628 2199 665 rerum
2240 614 2438 681 petitus
2474 614 2681 667 dicetur
2732 615 2892 668 annis
2946 615 3272 669 Christianis
3326 616 3417 670 28.

1851 700 2145 771 Itidemque
2176 705 2460 757 verissime
2488 714 2774 769 statuetur,
2808 707 3020 759 initium
3052 709 3197 775 regni
3225 707 3417 762 Osma-

1852 791 1956 845 nici
1996 790 2333 845 referendum
2367 797 2430 846 ad
2458 794 3045 849 annnmCliristianum
3082 796 3237 860 1500,
3271 797 3419 867 quod

1852 898 1981 934 sane
2016 884 2211 937 multas
2230 887 2311 937 σοι)
2346 901 2540 939 causas
2576 887 2861 956 diligenter
2885 890 3307 942 observandum.

1924 975 2075 1038 Quod
2112 990 2324 1029 menses
2357 978 2569 1042 attinct,
2616 977 2728 1046 jam
2796 991 2952 1033 antea
3006 982 3339 1043 monuimus,
3366 982 3416 1034 in

1853 1080 1953 1117 usu
2005 1063 2200 1117 Turcis
2252 1082 2372 1120 esse
2419 1069 2658 1123 lunares.
2717 1067 3121 1125 llnsnominare
3153 1072 3422 1140 incipiunt

1853 1157 1917 1207 ab
1944 1154 2073 1222 ipsis
2110 1156 2422 1210 noviluniis.
2465 1158 2525 1211 Et
2561 1170 2923 1212 numerantur
2957 1161 3025 1214 ab
3051 1162 3131 1213 eis
3164 1161 3249 1223 12,
3283 1163 3424 1216 sicut

1850 1246 2013 1299 ctiam
2056 1263 2155 1301 nos
2187 1248 2406 1301 totidem
2445 1250 2727 1304 habemus.
2777 1251 2917 1304 Anni
2979 1253 3301 1320 principium
3341 1272 3424 1307 rc-

1854 1337 2033 1390 ferunt
2058 1339 2123 1391 ad
2181 1355 2421 1392 mensem
2476 1341 2892 1410 Silchidze,qui
2960 1343 3067 1397 late
3122 1345 3418 1412 loquendo,

1853 1429 1995 1495 quod
2029 1427 2196 1481 Grteci
2246 1430 2427 1483 dicere
2478 1432 2671 1491 solent,
2734 1432 3015 1487 Decembri
3069 1433 3179 1488 fere
3233 1447 3422 1487 nostra

1854 1520 2182 1586 respondere
2206 1520 2514 1574 debebatex
2536 1526 2791 1591 opinione
2821 1526 3188 1590 complurium
3220 1544 3233 1577 :
3262 1539 3420 1579 SlCllil

1854 1609 2170 1678 plerumque
2193 1610 2468 1666 Ramazan
2510 1614 2713 1667 mensis
2750 1614 2814 1667 ad
2853 1614 3227 1683 Septembrem
3259 1618 3422 1669 debr-

1855 1699 1945 1752 bat'
1968 1714 2033 1752 ex
2065 1701 2377 1754 eorumdem
2406 1707 2670 1757 sententia
2691 1705 2877 1758 referri
2917 1723 3061 1775 :quo
3107 1724 3292 1761 mense
3320 1708 3423 1759 Ra-

1852 1804 2074 1842 mazane
2096 1790 2365 1859 jejunium
2392 1808 2549 1846 suum
2586 1810 2923 1849 mensarumn
2975 1809 3218 1862 servant,
3252 1814 3279 1850 τι
3308 1814 3423 1851 cre-

1855 1882 2081 1948 pusculo
2133 1885 2400 1937 matutino
2421 1889 2484 1938 ad
2521 1886 2655 1939 solis
2703 1902 2960 1942 occasum
3018 1905 3215 1956 usque,
3252 1892 3423 1942 donec

1852 1972 2031 2026 sidera
2055 1976 2463 2042 conspiciantur
2496 1978 2629 2030 nihil
2658 1980 2764 2032 cibi
2827 1991 3053 2047 potusve
3086 1992 3366 2035 sumentes
3401 2003 3411 2034 :

1853 2073 1905 2117 et
1946 2065 2097 2119 ﬁnito
2130 2067 2360 2135 jejunio,
2395 2085 2551 2123 suum
2611 2069 2741 2123 illud
2799 2070 2969 2138 bujne
3017 2070 3245 2136 biiram,
3307 2073 3421 2126 sive

1856 2173 2108 2226 maguum
2144 2159 2342 2214 festum
2377 2162 2549 2215 instar
2573 2162 2847 2229 paschalis
2896 2164 3086 2226 nostri,
3120 2164 3419 2217 celebrant.

1858 2248 1961 2303 Sed
1987 2266 2277 2326 progressu
2314 2255 2573 2322 temporis
2604 2266 2710 2307 tam
2746 2255 3197 2324 Silchidzequam
3229 2258 3422 2309 [tama-

1858 2360 1957 2397 zan
2001 2346 2052 2397 in
2085 2344 2225 2399 alios
2269 2361 2479 2400 nienses
2516 2356 2731 2402 nostros
2769 2358 3072 2401 transeunt.
3106 2348 3312 2417 Quippe
3334 2365 3421 2403 cc-

1855 2436 2098 2491 lebrandi
2128 2437 2353 2491 bairami
2398 2449 2607 2505 tempus
2674 2440 2901 2508 singulis
2937 2442 3095 2493 annis
3124 2442 3420 2507 anticipare

1858 2529 2017 2582 Turci
2051 2532 2224 2583 solent
2254 2530 2440 2583 diebus
2468 2532 2714 2584 undecim
2743 2547 2755 2582 :
2784 2531 2873 2600 qni
2932 2532 3049 2585 dies
3111 2532 3419 2585 embolismi

1856 2621 1968 2676 fere
2006 2624 2127 2675 loco
2177 2631 2308 2675 sunt
2356 2623 2420 2675 ad
2480 2623 2859 2690 complendum
2909 2639 3110 2676 annum
3152 2624 3417 2679 lunarem.

1857 2711 1989 2766 Nam
2014 2715 2055 2767 si
2092 2715 2205 2768 dies
2243 2715 2489 2768 unlecim
2521 2725 2906 2786 computentur
2941 2717 3123 2769 tricies
3144 2726 3196 2769 et
3226 2720 3417 2781 semel,

1858 2809 2159 2864 etiicieutur
2197 2810 2312 2863 dics
2334 2809 2430 2863 541
2462 2826 2479 2862 :
2508 2812 2599 2878 qui
2638 2813 2799 2879 paulo
2863 2812 3043 2865 minus
3090 2826 3251 2880 quam
3282 2812 3422 2866 inte—

1859 2914 2013 2967 grum
2048 2914 2248 2951 annum
2283 2900 2639 2963 constituunt,
2667 2901 2972 2953 addendum
3002 2901 3221 2967 triginta
3252 2909 3306 2953 et
3328 2904 3420 2955 uni

1862 2990 2257 3046 Maliunietanis
2286 2992 2465 3056 annis,
2504 3001 2562 3044 ut
2614 2991 2981 3045 Mahumetani
3034 2994 3251 3062 triginta
3310 2994 3424 3046 duo

1803 3134 1818 3153 ,
1861 3087 2009 3149 anni,
2029 3086 2351 3139 Christianis
2374 3084 2592 3155 triginta
2620 3093 2671 3138 et
2694 3086 2787 3139 uni
2818 3087 3210 3155 respondeant;
3233 3102 3423 3155 quein-

1852 3177 2143 3230 admodum
2204 3192 2232 3229 a
2266 3177 2419 3231 nobis
2462 3175 2756 3230 indicatum
2821 3180 2982 3247 paulo
3015 3188 3138 3231 ante
3169 3178 3268 3231 hoc
3302 3178 3423 3245 ipso

1854 3271 2048 3337 capite.

2212 3360 2438 3416 Nomina
2468 3364 2722 3416 mensium
2741 3364 2852 3417 lucc
2875 3372 2993 3416 sunt
3028 3381 3047 3418 :

1924 3452 1973 3509 1.
2007 3451 2299 3509 Silchidze.

1922 3545 1978 3596 2.
2014 3545 2332 3600 Mneharen.

1923 3640 1977 3691 5.
2009 3638 2239 3705 Sepher.

1920 3730 1971 3783 4.
2006 3728 2195 3784 Rebuil
2225 3730 2376 3784 Evcl.

1921 3819 1974 3874 5.
2006 3818 2198 3872 Rebuil
2227 3821 2409 3873 Achir.

1924 3909 1975 3962 6.
2000 3909 2322 3963 Dsiumasiel
2368 3909 2514 3965 Evcl.

1926 4000 1976 4055 7.
2013 4000 2330 4055 Dsiumasiel
2354 4001 2538 4055 Achir.

1926 4092 1977 4146 8.
2010 4091 2207 4145 Rezeb.

1928 4185 1979 4238 9.
2019 4183 2289 4238 Schaban.

1931 4277 2012 4327 10.
2060 4274 2355 4328 Ramazan.

1930 4370 2014 4419 11.
2044 4367 2311 4420 SclIeWal.

1932 4457 2015 4510 12.
2069 4458 2303 4511 Silcade.

1933 4547 2115 4602 Sicubi
2151 4550 2317 4603 lector
2344 4549 2558 4619 aliquod
2623 4565 2813 4603 nomen
2844 4566 2906 4610 ex
2940 4552 3019 4605 his
3049 4554 3205 4621 paulo
3269 4554 3425 4607 aliter

1857 4640 2120 4707 scriptum
2160 4641 2211 4691 in
2237 4642 2536 4693 Annalibus
2574 4645 2849 4709 repererit,
2903 4645 3037 4698 sciat
3072 4646 3119 4696 id
3150 4645 3351 4697 tactum
3392 4662 3420 4698 a

1863 4731 2037 4792 nobis,
2070 4731 2395 4798 scripturam
2421 4729 2648 4786 Joannis
2675 4732 2936 4799 Galderii,
2971 4734 3281 4803 interpretis
3311 4734 3427 4787 Cae-

1859 4824 2026 4887 sarei,
2064 4824 2442 4891 sequentibus.

1858 4938 1965 4988 llos
1995 4944 2165 4986 autem
2197 4950 2392 5006 menses
2430 4935 2481 4986 in
2504 4935 2707 5006 dierum
2728 4937 3106 5000 hebdomadas,
3132 4942 3233 4992 sive
3260 4942 3425 5006 septi-

1932 5019 2136 5065 manos,
2173 5004 2409 5055 dividunt
2453 5021 2466 5056 :
2509 5005 2688 5057 diebus
2706 5008 2813 5056 lucc
2846 5008 3081 5059 tribuunt
3115 5004 3351 5062 nomina.

1930 5097 1980 5146 1.
2011 5094 2173 5148 Basar
2203 5097 2338 5160 iuni,
2374 5096 2477 5149 hoc
2511 5106 2589 5149 est
2614 5136 2629 5159 ,
2666 5098 2782 5151 dies
2832 5111 3103 5152 mercatus
3135 5102 3429 5156 hebdoma-

1859 5187 2017 5245 darii.
2042 5188 2133 5254 qni
2162 5191 2450 5254 respondet
2481 5189 2588 5242 diei
2622 5189 2903 5244 Dominico
2930 5202 3140 5247 nostro.

1925 5280 1978 5329 ‘2.
2015 5278 2179 5332 Basar
2205 5279 2398 5344 Ertesi,
2436 5282 2535 5333 hoc
2556 5282 2789 5341 est,dies
2818 5292 2938 5349 post
2978 5293 3273 5336 mercatum
3301 5286 3425 5336 heli-

1857 5361 2237 5416 domadarium
2268 5367 2565 5433 proximus,
2630 5369 2742 5421 sive
2795 5370 3059 5436 postridie
3108 5384 3424 5426 mercatus:

1857 5455 1947 5520 qui
1979 5456 2094 5509 dies
2110 5456 2427 5510 Germanice
2451 5458 2556 5510 dici
2585 5460 2871 5513 commode
2896 5470 3073 5527 posset
3098 5463 3427 5528 Aftcrmarlt-

1862 5554 1970 5613 tag.
2037 5548 2344 5613 llespondet
2389 5549 2494 5600 diei
2532 5550 2672 5601 luna:
2728 5562 2933 5603 nostro.

1933 5638 1982 5689 5.
2021 5636 2173 5700 Salli,
2212 5644 2500 5707 respondet
2536 5640 2640 5693 diei
2677 5640 2859 5695 Martis
2900 5651 3105 5697 nostro.

1930 5729 1980 5779 4.
2022 5728 2101 5781 Ds.
2127 5745 2150 5779 r
2184 5730 2462 5796 schnmba,
2487 5732 2535 5785 id
2568 5742 2667 5793 est,
2690 5743 2915 5799 quartus
2944 5733 3060 5790 dies
3086 5751 3099 5791 :
3121 5734 3426 5802 qurml’er-
