4198 6426
747 369 854 432 739

1959 375 2092 436 J'OA
2105 378 2200 436 NN
2216 379 2283 437 lS
2321 377 2789 440 LEUNCLAVH

3875 371 3986 434 ’740

749 482 860 533 sica
901 481 1081 550 lingua
1116 496 1192 535 Slc
1221 490 1273 537 ct
1313 483 1411 552 ipsi
1445 494 1659 547 vocant,
1700 487 1776 539 u:i
1813 502 1911 539 nos
1931 487 2117 541 feriam
2144 503 2308 557 (μιαρ-
2335 495 2378 550 Α
2411 491 2530 544 aliis
2563 489 2850 544 Annalium
2882 486 3017 541 locis
3053 499 3335 539 erucmus.
3371 480 3524 536 Facit
3577 479 3850 536 Laonicus
3898 497 3988 537 se-

743 580 856 622 tam
884 571 1065 627 dicere
1095 573 1356 636 solemus,
1398 577 1489 643 qui
1533 575 1786 631 Mercurii
1828 579 1942 632 dies
1966 589 2069 634 est.

819 661 872 714 ὅ.
911 661 1386 727 Pescbembe,boc
1410 678 1514 732 est,
1555 668 1670 722 dies
1690 670 1937 738 quintus,
1991 671 2168 740 lingua
2219 673 2311 726 iti-

740 753 866 809 dem
897 755 1112 808 Persica
1147 774 1161 808 :
1206 757 1507 812 velutinos
1523 758 1714 814 feriam
1745 762 1991 829 quintam
2024 775 2308 828 vocamus,

745 845 836 913 qui
859 843 1009 900 Jovis
1036 845 1151 900 dies
1181 856 1284 901 est.

816 937 870 990 6.
905 936 1150 1001 Dsiuma.
1173 938 1385 996 duabus
1423 939 1669 1009 syllabis,
1693 943 1810 1012 (alii
1842 942 2014 997 lutna
2042 946 2306 1012 scribunt,

746 1037 802 1083 et
827 1029 999 1098 Zuna)
1028 1030 1106 1085 vel
1132 1029 1348 1085 Dsiuma
1373 1031 1516 1100 juni,
1543 1037 1687 1103 quod
1742 1035 2012 1104 significat
2055 1037 2194 1092 diem
2227 1054 2314 1094 cc-

741 1121 924 1174 clesize
967 1121 1085 1177 sive
1117 1122 1334 1192 templi.
1391 1123 1525 1180 Nam
1559 1124 1787 1183 Veneris
1836 1128 1979 1184 diem
2023 1130 2310 1184 feriantur.

817 1211 870 1265 7.
907 1210 1128 1266 Dsiuma
1161 1212 1359 1278 Emi,
1404 1216 1508 1272 hoc
1537 1226 1642 1283 est,
1678 1218 1893 1284 ιπίσδα,
1931 1220 2118 1274 Graeco
2155 1237 2314 1274 voca-

743 1300 875 1356 bulo
889 1301 1200 1368 Pindarico,
1237 1307 1390 1373 quasi
1419 1306 1473 1361 si
1517 1306 1688 1372 dicas,
1717 1318 1835 1375 post
1853 1308 2076 1376 festum,
2110 1312 2192 1365 vel
2221 1313 2313 1381 Af-

739 1396 1071 1466 terfeiertag,
1089 1395 1431 1452 Germanice.
1457 1397 1630 1469 Vulgo
1649 1399 1872 1455 Saturni
1889 1399 2032 1456 dies.

835 1507 925 1564 12.
957 1505 1234 1562 Somnium
1264 1508 1559 1593 Errat-uiis,
1596 1512 1792 1593 Cottio,
1846 1512 1977 1568 (una
2035 1510 2222 1567 Turcis

1377 1592 1675 1648 auspicata.

813 1667 985 1726 Valde
1017 1670 1426 1734 supusﬁtiosos
1448 1687 1569 1727 esse
1626 1671 1909 1729 Turcosin
1958 1675 2313 1731 observandis

738 1761 998 1826 somniis,
1030 1761 1465 1818 animadvertere
1505 1764 1677 1818 lector
1706 1767 1881 1834 potuit
1903 1781 1966 1820 ex
1993 1751 2312 1822 narratione

744 1849 1116 1919 Supplementi
1152 1860 1362 1916 nostra,
1395 1852 1463 1906 de
1512 1853 1686 1908 initiis
1708 1855 2020 1911 decennalis
2087 1857 2313 1926 hujusce

746 1938 872 1993 belli
904 1937 1127 1992 Persici.
1157 1937 1276 1994 iloe
1303 1948 1483 1994 autem
1515 1939 1788 1996 Ertuculis
1834 1943 1903 1998 de
1940 1943 2180 2000 Osmane
2206 1946 2313 1999 tilio

746 2030 1042 2093 somnium,
1081 2046 1188 2100 quo
1227 2032 1432 2101 ingenti
1458 2036 1878 2103 comparabatur
1928 2038 2130 2106 arbori,
2188 2053 2310 2094 eum

750 2124 874 2177 aliis
905 2125 1280 2189 sequentibus,
1316 2139 1414 2192 per
1439 2136 1522 2180 est
1561 2127 1609 2180 ei
1636 2126 1832 2191 simile,
1885 2130 2030 2196 quod
2052 2131 2313 2201 Astyages

743 2231 840 2270 rex
876 2214 1156 2270 Medorum
1180 2215 1247 2269 de
1273 2215 1433 2285 Cyro,
1459 2232 1524 2271 ex
1550 2217 1655 2271 filia
1682 2231 1874 2286 nepote
1899 2235 2018 2284 suo,
2053 2223 2120 2277 ab
2141 2224 2314 2278 Hero-

743 2308 876 2363 doto
893 2318 957 2393 ‘et
987 2307 1110 2361 aliis
1133 2307 1468 2376 expositum,
1515 2309 1721 2368 habuit.
1775 2314 2095 2369 Coniatvero
2121 2313 2314 2372 Turcis

747 2401 876 2454 urbs
896 2409 979 2454 est
1000 2400 1342 2454 Caramanias
1365 2401 1479 2455 sive
1504 2401 1730 2467 Ciliciae,
1768 2420 1929 2473 quam
1963 2403 2132 2462 (ἕτεεί
2167 2406 2314 2461 dice-

745 2491 879 2546 bant
901 2489 1165 2546 Iconium.
1205 2489 1406 2546 Leonis
1437 2489 1708 2560 Sapientis
1743 2495 2086 2565 imperatoris
2118 2497 2314 2553 Novel-

748 2585 796 2637 la
818 2582 886 2636 de
911 2582 1147 2636 Thronis
1179 2583 1491 2638 accuratius
1518 2585 1658 2639 hanc
1684 2587 1735 2639 in
1761 2586 2034 2657 Lycaonia
2063 2590 2311 2644 collocat.

739 2674 1209 2744 Chalcocondyles
1230 2664 1407 2730 'Carias
1432 2674 1562 2729 facit
1596 2677 1762 2733 urbes
1793 2679 2098 2735 Larandam
2126 2692 2180 2736 et
2208 2682 2313 2736 Το-

748 2770 1020 2833 roneium,
1053 2767 1145 2820 ubi
1166 2776 1290 2819 nota
1312 2766 1598 2822 confusum
1626 2783 1751 2823 cum
1783 2775 2002 2826 nomine
2023 2775 2309 2828 articulum

745 2859 1102 2921 Toconeium.
1132 2869 1230 2928 pro
1266 2858 1564 2912 Toiconion
1597 2876 1612 2915 :
1685 2871 1744 2915 ut
1791 2862 1919 2916 alibi
1975 2861 2313 2919 Tosibiniuui

749 2966 966 3019 quoque
986 2950 1178 3004 scribit
1204 2950 1348 3004 idem
1369 2949 1662 3019 interpres,
1686 2949 1889 3006 Ardelii
1933 2953 2048 3009 sive
2075 2955 2316 3010 Transil-

749 3045 919 3097 vani-.e
945 3042 1158 3104 urbem,
1191 3057 1310 3109 quae
1337 3043 1567 3096 articulo
1607 3059 1633 3094 a
1665 3044 1884 3098 nomine
1928 3045 2201 3113 diajuncto
2233 3049 2316 3104 Si.

752 3137 957 3190 biuium
988 3143 1092 3197 est,
1129 3133 1210 3187 vel
1235 3133 1542 3199 Cibiuium,
1565 3141 1626 3187 ut
1647 3135 1808 3189 hodie
1856 3139 2122 3194 scribunt.
2145 3140 2312 3195 Conia

755 3230 1144 3282 recentioribus
1175 3226 1502 3296 geographis
1519 3227 1821 3296 appellatur
1847 3230 2053 3298 Cogna,
2073 3246 2313 3299 pronun-

751 3320 977 3373 tiatione
1012 3318 1216 3373 Italica.
1253 3317 1404 3383 Quod
1435 3329 1618 3372 autem
1646 3317 1898 3373 Edt.b3“5
1926 3320 2033 3374 filia
2059 3339 2152 3391 per
2177 3325 2315 3378 luna:

747 3408 1091 3477 splendorem
1122 3408 1548 3477 significaretur,
1576 3408 1631 3461 in
1658 3425 1723 3462 eo
1742 3409 2117 3465 felicissimum
2145 3415 2316 3481 quod—

750 3504 871 3553 dam
891 3517 1049 3554 omen
1077 3509 1216 3561 erat,
1247 3516 1311 3553 ex
1342 3501 1604 3567 opinione
1667 3501 2066 3556 Saracenorum
2091 3519 2152 3557 ac
2180 3503 2316 3558 Tur-

749 3606 974 3645 corum:
1006 3591 1097 3658 qui
1126 3591 1490 3653 lunani,velut
1523 3591 1750 3660 imperio
1772 3608 1872 3645 suo
1907 3592 2054 3646 fatali
2085 3595 2316 3662 quadam

752 3684 869 3753 lege
893 3682 1180 3751 propitiam
1212 3691 1264 3735 ct
1297 3685 1660 3752 auspicatam,
1693 3684 1887 3738 mirum
1913 3697 2179 3754 quantum
2221 3691 2319 3744 Ita-

754 3775 882 3826 bere
907 3772 1099 3824 virium
1121 3771 1281 3842 402
1326 3773 1379 3826 in
1440 3775 1827 3840 portendendis
1885 3776 2317 3849 adjuvandisque

757 3866 1102 3918 successibus
1124 3873 1413 3916 conatuum
1443 3880 1693 3929 suorum,
1730 3875 1790 3919 ut
1810 3867 2128 3923 etiamnunc
2160 3872 2320 3926 hodie

753 3957 834 4009 sic
866 3968 1078 4023 semper
1100 3955 1510 4008 existimarunt.
1577 3955 1774 4008 Errant
1802 3958 1948 4010 enim
2006 3959 2166 4024 (etin
2235 3963 2318 4016 his

752 4059 838 4099 est
884 4043 1207 4098 Franciscus
1260 4044 1594 4098 Sansovinus
1658 4043 1919 4117 Venetus)
1970 4050 2065 4118 qui
2111 4049 2319 4117 Turcos

755 4135 1001 4190 scribunt
1031 4136 1255 4192 subacto
1290 4136 1525 4202 primum
1578 4133 1864 4191 Bozinensi
1933 4153 2120 4206 regno,
2152 4140 2320 4208 impe-

753 4234 908 4278 rante
936 4224 1162 4280 Sullano
1183 4224 1513 4279 Mucbemete
1539 4224 1600 4287 ll,
1654 4226 1834 4279 lunam
1881 4240 2214 4283 crescentem
2245 4230 2319 4284 si-
2345 4272 2349 4276 ‹

752 4319 874 4387 guis
898 4317 1222 4371 militaribus
1243 4319 1580 4386 apposuisse.
1600 4315 1734 4371 Nam
1754 4318 1800 4372 si
1825 4333 2009 4373 verum
2031 4321 2138 4375 hoc
2153 4332 2320 4388 esset,

755 4423 863 4461 non
896 4408 1075 4460 lunam
1124 4407 1390 4460 duntaxat
1432 4409 1791 4476 accepissent,
1840 4411 2080 4466 exclusis
2121 4411 2319 4479 stellis,

2414 587 2818 646 ptemnumero
2837 579 3025 640 duces,
3066 577 3158 647 qui
3191 575 3466 644 regionem
3503 572 3673 628 armis
3700 573 3985 628 subactam

2413 669 2555 724 inter
2585 668 2975 724 seidiviserint.
3008 665 3115 720 llos
3144 681 3255 721 uno
3285 674 3494 720 tantum
3521 665 3640 719 loco
3665 679 3773 718 non
3795 679 3991 718 recen-

2412 769 2496 816 set
2522 775 2732 816 omnes.
2766 759 3076 813 Caramano
3113 759 3244 812 dicit
3301 757 3559 826 obtigisse
3587 757 3991 810 mediterranea

2411 852 2660 924 Phrygia:
2685 852 2926 922 majoris,
2958 865 3080 904 cum
3111 850 3303 905 Cilicia
3341 868 3354 904 :
3387 849 3547 918 cujus
3572 863 3602 903 a
3639 848 3862 902 nomine
3889 846 3986 899 Ci-

2414 944 2562 1008 licia,
2591 943 2733 997 dicta
2768 942 2964 997 deinde
2992 940 3314 996 Caramania
3382 940 3503 1003 fuit,
3549 941 3602 994 in
3657 939 3981 993 hodiernum

2417 1047 2591 1104 usque
2619 1032 2763 1086 diem
2797 1032 2898 1087 hac
2912 1031 3274 1101 appellatione
3289 1031 3545 1085 durante.
3563 1030 3831 1085 Sarchani
3858 1044 3986 1084 sors

2413 1125 2740 1180 maritimam
2757 1121 3231 1192 Ioniaeregionem,
3250 1121 3537 1193 Smyrnam
3571 1134 3742 1190 usque
3769 1121 3981 1175 tribuit.

2412 1215 2568 1272 Unde
2598 1217 2913 1272 Sarchania:
2938 1230 3136 1271 nomen
3197 1225 3284 1270 cst
3340 1217 3553 1285 adepta,
3611 1215 3844 1271 testibus
3899 1215 3988 1269 bis

2412 1311 2735 1376 Annalibus,
2773 1323 2831 1364 et
2885 1309 3143 1373 Laonico,
3195 1318 3249 1363 et
3290 1309 3587 1363 secretario
3642 1307 3981 1378 Sigismundi

2413 1399 2730 1466 Malatestc,
2759 1399 2852 1470 qui
2876 1414 2964 1454 res
2990 1400 3046 1455 in
3082 1400 3210 1455 Asia
3232 1399 3549 1470 Graeciaque
3594 1414 3655 1454 se
3715 1411 3986 1468 priest-nte

2414 1501 2618 1560 gestas,
2647 1500 2771 1546 ante
2802 1505 2978 1547 annos
3005 1490 3131 1560 plus
3159 1492 3338 1548 minus
3373 1491 3465 1554 80,
3484 1491 3792 1560 descripsit.
3822 1490 3982 1546 Orto-

2417 1582 2487 1635 lio
2523 1583 2749 1637 Sarcum
2775 1582 2996 1638 dicitur.
3025 1581 3257 1646 Calami,
3283 1593 3339 1637 et
3371 1584 3482 1638 filio
3512 1583 3725 1646 Carasi,
3761 1583 3988 1637 obvenit

2417 1671 2605 1743 Lydia,
2639 1687 2813 1742 usque
2845 1674 2911 1728 ad
2939 1673 3165 1744 Mysiam
3197 1694 3211 1730 :
3256 1689 3378 1743 quae
3405 1673 3553 1744 regio
3597 1673 3826 1730 Catasia
3886 1676 3988 1728 fuit

2418 1766 2707 1835 appellata.
2741 1765 3028 1836 Reperitur
3060 1768 3163 1822 hoc
3191 1782 3390 1822 nomen
3416 1768 3471 1821 in
3505 1767 3592 1821 his
3654 1767 3986 1829 Annalibus,

2411 1868 2467 1911 et
2498 1857 2640 1926 apud
2671 1857 2970 1912 indicatum
3033 1857 3196 1912 modo
3249 1856 3540 1911 Malatestaa
3602 1858 3986 1919 secretarium,

2411 1947 2504 2015 qui
2537 1946 2858 2018 Pergamum
2887 1948 2939 2001 in
2980 1947 3205 2003 Carasia
3227 1949 3479 2002 collocat.
3508 1949 3588 2003 Ab
3615 1949 3824 2003 Ortelio
3859 1947 3990 2003 Bec-

2413 2039 2588 2110 sangil
2616 2054 2677 2094 ea
2707 2054 2836 2108 pars
2859 2041 3124 2094 Anatoliae
3176 2036 3531 2095 nominatur.
3563 2039 3766 2096 Osman
3823 2040 3987 2094 Ertu-

2414 2131 2553 2184 culis
2590 2129 2737 2185 (ilius
2769 2129 3098 2201 Bithyniam,
3156 2146 3280 2186 cum
3331 2131 3644 2200 regionibus
3701 2132 3987 2199 Olympum

2413 2237 2603 2277 versus
2630 2220 3027 2292 spectantibus,
3056 2233 3109 2276 et
3141 2238 3264 2276 cum
3295 2222 3480 2277 Tekie.
3552 2231 3746 2276 nactus
3773 2231 3879 2276 est.
3907 2223 3987 2276 Ab

2416 2313 2519 2368 hoc
2550 2311 2830 2376 Osmania,
2855 2313 2939 2368 vel
2963 2311 3276 2378 0thmania,
3305 2313 3764 2381 quemadmodum
3799 2313 3986 2368 hacte—

2416 2419 2518 2457 nus
2552 2404 2640 2457 alii
2669 2403 2938 2465 SCribunt,
2972 2404 3119 2458 dicta
3148 2422 3161 2457 :
3199 2404 3356 2473 cujus
3417 2405 3470 2457 in
3527 2404 3831 2459 Annalibus
3885 2407 3986 2459 sub

2419 2495 2656 2566 llujazite
2685 2497 2860 2564 primo
2891 2497 2947 2548 fit
2979 2496 3204 2549 mentio.
3242 2495 3422 2564 Atque
3449 2495 3590 2549 haud
3614 2497 3752 2559 scio,
3779 2510 3848 2547 an
3887 2511 3988 2547 non

2420 2588 2470 2639 in
2505 2587 2834 2656 Synoaymia
2864 2586 3228 2656 geographica
3255 2583 3473 2649 Ortelii,
3496 2601 3605 2654 quo
3624 2587 3745 2641 loco
3768 2587 3835 2641 de
3863 2588 3988 2639 Δςὴ

2419 2679 2615 2731 minori
2647 2677 2776 2746 agit,
2817 2677 3218 2731 Cottouranidia
3241 2677 3311 2731 sit
3341 2676 3541 2730 rectius
3571 2678 3686 2731 lucc
3721 2677 3842 2745 ipsa
3877 2678 3990 2729 sive

2413 2767 2727 2832 Otumania,
2752 2768 2866 2822 sive
2910 2767 3286 2828 Othmanidia,
3335 2767 3506 2834 cujus
3554 2777 3736 2821 tamen
3791 2767 3992 2819 limites

2420 2862 2542 2914 istic
2586 2861 2770 2923 latius,
2791 2874 2956 2928 quam
2985 2860 3189 2926 parsit,
3221 2859 3474 2913 videntur
3495 2859 3739 2913 extendi.
3773 2860 3990 2912 Amuru

2419 2953 2559 3005 tiiios
2592 2949 3045 3006 traditLaouieus
3063 2949 3348 3018 accepisse
3379 2948 3834 3018 Paphlagoniam,
3868 2963 3989 3002 euut

2419 3045 2487 3097 iis
2525 3058 2643 3110 qua:
2667 3042 2733 3096 ad
2770 3040 3039 3094 Euxinum
3076 3049 3324 3107 vergunt.
3360 3038 3434 3093 Ea
3493 3038 3657 3093 fuerit
3713 3036 3994 3092 Pendera-

2425 3138 2498 3189 tia
2519 3135 2748 3195 scilicet,
2777 3133 2842 3186 de
2862 3148 2966 3201 qua
2983 3131 3236 3197 superius
3266 3131 3472 3185 dictum
3495 3131 3546 3183 in
3567 3129 3989 3185 Osmauidarum

2424 3223 2868 3293 genealogia,.vel
2899 3222 3078 3290 potius
3107 3219 3502 3275 Penderachia.
3541 3222 3778 3275 Vocatur
3811 3231 3988 3275 autem

2423 3321 2512 3372 hic
2539 3318 2774 3371 Amuras
2799 3314 3158 3384 Pachymerio
3176 3313 3452 3376 Amurius.
3479 3329 3603 3367 cum
3624 3329 3735 3383 quo
3766 3312 3996 3368 Reinec-

2423 3411 2542 3464 eius
2570 3408 2792 3472 alicubi,
2818 3406 3112 3476 Gregoram
3143 3417 3387 3471 secutus,
3415 3405 3994 3460 AlisuriumCarania-

2424 3515 2553 3555 num
2580 3499 2917 3554 confundere
2946 3499 3159 3551 videtur
3187 3514 3201 3550 :
3237 3496 3403 3551 Omer
3435 3496 3488 3549 in
3521 3497 3825 3553 Annalibus
3854 3495 3993 3552 Tur-

2424 3590 2555 3646 cicis
2573 3590 2795 3653 dicitur,
2829 3589 2922 3657 qui
2954 3587 3170 3642 Omeris
3204 3587 3629 3657 ﬁliosappellant
3650 3587 3997 3642 Isvendiares

2426 3685 2614 3752 bcgos,
2641 3682 2870 3752 Sinopes
2903 3682 3068 3737 etiam
3087 3681 3357 3742 dominos,
3385 3678 3620 3733 Laonico
3645 3677 3996 3747 Sphendcres

2425 3784 2518 3829 aut
2567 3774 2872 3842 Spendercs
2929 3777 3069 3827 unde
3142 3789 3337 3828 nomen
3427 3771 3833 3829 P’enderacliiac.
3911 3787 4000 3824 ve-

2426 3863 2520 3920 luti
2546 3864 3019 3934 Sphenderachiae.
3045 3863 3179 3918 Bolli
3198 3864 3504 3917 nominatar
3522 3863 3636 3916 haec
3653 3862 3768 3930 ipsa
3795 3861 3996 3914 Pende-

2428 3961 2624 4013 raclnte
2641 3960 2722 4011 vel
2743 3956 3200 4026 Sphcnderachia:
3223 3957 3368 4022 regio
3389 3955 3438 4007 in
3457 3953 3647 4007 Ortelii
3686 3952 3870 4005 tabula
3895 3947 3996 4003 Na-

2426 4048 2592 4111 toliae,
2612 4047 2807 4116 priscis
2827 4045 3219 4116 Paphlagonia.
3238 4047 3303 4098 Et
3319 4043 3485 4098 credo
3509 4042 3642 4096 Belli
3663 4058 3850 4098 vocem
3874 4059 3971 4111 pro
3991 4076 3997 4082 ς

2426 4142 2614 4195 vinciat
2631 4139 2811 4193 datam
2826 4153 2855 4191 a
2872 4139 3089 4193 civitate
3108 4137 3265 4198 Balli,
3284 4152 3405 4205 qua:
3425 4133 3674 4189 Turcicis
3691 4133 3998 4188 Annalibus

2426 4241 2510 4286 cst
2532 4230 2668 4294 Beli,
2683 4231 2821 4286 sicut
2843 4230 3001 4283 iidem
3019 4242 3070 4284 et
3091 4229 3204 4298 agri
3230 4226 3479 4283 Bolensis
3496 4227 3881 4280 meminerunt.
3905 4225 3998 4278 Est

2429 4335 2587 4377 etiam
2641 4321 2697 4375 in
2719 4321 2846 4376 Asia
2887 4320 3086 4374 minori
3128 4318 3398 4371 Mendesia
3423 4317 3593 4384 regio,
3617 4316 3776 4382 cujus
3793 4316 4002 4380 princi-

2428 4429 2546 4482 patu
2576 4410 2838 4467 Laonicus
2857 4410 3188 4465 Mendesiem
3203 4419 3257 4461 et
3281 4406 3589 4461 Mendescm
3619 4416 3794 4468 vocat,
3819 4419 3999 4473 nepo-

755 4514 877 4566 quar
902 4498 955 4551 in
993 4497 1111 4564 ejus
1162 4497 1312 4564 regni
1341 4497 1512 4565 signis
1535 4514 1657 4552 cum
1700 4498 1852 4554 Luna
1886 4502 2190 4570 conjunctae
2207 4517 2328 4558 cer-
2356 4521 2406 4580 Β
2436 4512 2542 4557 tvm
2573 4503 2811 4556 Calamis
2839 4503 3014 4568 :quod
3041 4498 3327 4553 chdesite
3350 4512 3550 4550 nomen
3573 4512 3679 4550 non
3697 4495 3997 4548 Turcicum

757 4600 980 4643 nuntur.
1017 4591 1242 4643 Constat
1272 4589 1436 4643 etiam
1466 4603 1496 4642 e
1537 4589 1881 4646 Belvacensis
1932 4594 2182 4656 historia,
2215 4595 2319 4648 Sa-

760 4695 987 4735 racenos
1014 4689 1138 4732 ante
1169 4681 1524 4734 constitutum
1552 4682 1654 4735 hoc
1685 4683 1970 4750 imperium
2000 4681 2317 4750 Turcieum,

755 4775 1003 4827 eamdem
1029 4771 1280 4825 habuisse
1301 4770 1367 4824 de
1396 4771 1546 4834 luua,
1575 4770 2076 4828 Mahumetanorum
2109 4776 2320 4829 conati-

762 4866 860 4916 bus
887 4859 1388 4930 ctexpeditionibus
1408 4861 1614 4914 bellicis
1635 4859 1865 4927 favente,
1887 4865 2317 4932 persuasionem.

761 4960 939 5018 Anno,
966 4955 1159 5020 inquit,
1200 4952 1358 5015 1218,
1377 4952 1559 5005 statim
1583 4963 1706 5021 post
1735 4953 2026 5008 adventum
2052 4954 2321 5011 Christia-

760 5060 955 5099 norum
981 5043 1048 5097 ad
1079 5041 1399 5104 Damiataut,
1431 5041 1570 5094 facta
1605 5040 1707 5094 fuit
1735 5045 1952 5110 eclipsis
1977 5045 2119 5100 luna:
2158 5048 2315 5116 quasi

760 5134 1074 5204 generalis:
1133 5146 1298 5199 quam
1372 5141 1561 5184 contra
1618 5130 1921 5186 Saracenos
1979 5134 2316 5204 interpretati

755 5241 966 5288 smnus,
997 5223 1160 5277 veluti
1190 5222 1597 5290 portendentem
1627 5236 1818 5275 eorum
1873 5221 2167 5286 defectum,
2222 5225 2317 5293 qni

755 5318 857 5370 sibi
875 5317 1053 5368 lunam
1074 5315 1401 5376 attribuunt,
1422 5313 1477 5365 in
1510 5313 1848 5367 incremento
1867 5313 2320 5383 decremeutoque

757 5417 896 5461 tunae
913 5418 1158 5476 magnam
1192 5406 1292 5459 sibi
1322 5405 1428 5457 vim
1461 5413 1738 5472 ponentes.

752 5523 847 5579 15.
884 5520 958 5574 De
989 5518 1206 5572 ducibus
1233 5516 1467 5598 Turct'ct's
1499 5516 1738 5598 aquibus
1768 5517 2026 5598 ᾼηαιοιὶω
2085 5518 2316 5585 τεςὶοηεε

1199 5595 1414 5640 nomina
1437 5595 1638 5639 sortita
1686 5596 1828 5640 sunt.

828 5684 1059 5737 Annales
1078 5683 1129 5734 hi
1156 5696 1254 5736 nec
1273 5682 1465 5735 ducum
1508 5678 1748 5744 nomina,
1793 5695 1889 5733 nec
1911 5680 2315 5749 prm'inciarum

761 5778 864 5831 hoc
888 5776 1006 5830 loco
1043 5775 1350 5843 exprimunt
1379 5790 1391 5825 :
1424 5789 1541 5842 quae
1571 5785 1797 5827 nostum
1826 5788 1889 5826 ex
1915 5773 2171 5832 Laonico,
2205 5781 2314 5824 tum

2423 4593 2641 4663 origine
2673 4600 2826 4661 puto.
2851 4591 2944 4643 sed
2970 4589 3218 4642 Graccum
3249 4627 3266 4648 ,
3291 4595 3344 4639 et
3377 4587 3498 4654 ejus
3527 4586 3838 4655 provinciae,
3873 4601 4001 4653 qua:

2422 4685 2502 4738 sic
2526 4682 2788 4751 appellata
2825 4680 2985 4733 fuerit
3014 4696 3043 4732 a
3072 4679 3290 4732 civitate
3323 4678 3567 4737 Ilendos,
3597 4678 3755 4746 cujus
3785 4679 4002 4730 mentio

2424 4777 2481 4826 fit
2510 4773 2561 4826 iu
2597 4771 2988 4826 constitutione
3017 4756 3211 4822 Leonis
3235 4767 3463 4836 Augusti
3492 4766 3560 4820 de
3628 4767 3814 4820 ordine
3841 4767 4004 4818 thro-

2423 4877 2641 4926 norum,
2668 4870 2924 4928 tanquam
2956 4859 3305 4924 episcopatus
3336 4857 3654 4923 pertinentis
3684 4855 3748 4908 ad
3793 4865 4006 4907 metro-

2421 4953 2584 5021 polim
2645 4950 3140 5019 Stauropolitanam
3201 4949 3253 5002 in
3310 4947 3492 5001 Caria.
3555 4946 3774 5000 Videtur
3826 4949 4004 4998 etiam

2420 5043 2741 5097 eademesse
2766 5041 2989 5094 Mendus
3013 5055 3136 5093 eum
3161 5039 3272 5101 illa,
3297 5053 3415 5107 qua:
3444 5037 3672 5106 Myndus
3700 5035 3820 5089 aliis
3855 5037 4008 5090 dici-

2422 5143 2529 5195 tur,
2558 5142 2610 5186 ct
2631 5133 2696 5184 ad
2730 5131 2943 5185 Cariam
2971 5146 3187 5199 quoque
3219 5127 3471 5183 refertur.
3505 5126 3671 5196 Regio
3724 5127 4010 5179 κεμάς-εἰη

2421 5225 2677 5279 scribitur
2698 5220 2904 5274 Ortelio
2927 5222 3186 5283 Menteso,
3218 5221 3356 5272 sicut
3390 5229 3437 5271 et
3463 5219 3670 5271 nostris
3697 5219 3747 5268 in
3769 5217 3978 5268 Annali
3997 5245 4011 5254 -

2423 5317 2547 5370 bus.
2577 5313 2792 5368 Edinis
2838 5313 3072 5380 denique
3119 5312 3271 5364 ducis
3323 5312 3462 5376 apud
3500 5309 3791 5362 Laonieum
3857 5313 4011 5377 typis

2419 5408 2624 5458 editum
2658 5418 2850 5458 nomen
2881 5405 3096 5471 legitur,
3117 5402 3208 5469 qui
3237 5401 3505 5469 regionem
3531 5414 3560 5452 a
3588 5399 3904 5465 Colophone
3942 5402 4010 5452 ad

2420 5499 2604 5550 Caiam
2639 5513 2812 5564 usque
2839 5512 2896 5550 se
2939 5497 3305 5564 porrigentem
3355 5494 3678 5560 possederit.
3713 5490 3807 5543 llic
3833 5491 4008 5543 Aidiu

2427 5592 2525 5658 heg
2551 5587 2748 5642 Turcis
2781 5596 2884 5649 est,
2920 5589 3060 5640 unde
3087 5584 3453 5655 reponendum
3491 5586 3630 5651 apud
3665 5582 4010 5635 Chalcocon-

2422 5682 2597 5750 dylem
2625 5679 2839 5732 Aidinis
2873 5678 3030 5730 ducis
3073 5692 3291 5738 nomen,
3323 5686 3373 5729 et
3405 5684 3544 5743 apud
3574 5674 3830 5727 Ortelium
3911 5690 4009 5740 pro

2422 5771 2668 5826 Aldiuclli
2717 5770 3109 5824 restituendum
3145 5769 3420 5819 Aldinelli.
3461 5767 3596 5817 Sunt
3624 5767 3739 5815 alue
3780 5780 4006 5830 quoque
