  <div class='ocr_page' id='page_1' title='image "/cluster/home/n/w/nwhite01/storage/ocr_20150623/159/nnc1.0046980628/380.png"; bbox 0 0 4198 6426; ppageno 0'>
   <div class='ocr_carea' id='block_1_1' title="bbox 205 356 293 417">
    <p class='ocr_par' dir='ltr' id='par_1_1' title="bbox 205 356 293 417">
     <span class='ocr_line' id='line_1_1' title="bbox 205 356 293 417; baseline 0.057 -5"><span class='ocrx_word' id='word_1_1' title='bbox 205 356 293 417; x_wconf 73' lang='lat' dir='ltr'><strong>7U</strong></span> 
     </span>
    </p>
   </div>
   <div class='ocr_carea' id='block_1_2' title="bbox 1352 349 2336 416">
    <p class='ocr_par' dir='ltr' id='par_1_2' title="bbox 1352 349 2336 416">
     <span class='ocr_line' id='line_1_2' title="bbox 1352 349 2336 416; baseline 0 -5"><span class='ocrx_word' id='word_1_2' title='bbox 1352 352 1751 411; x_wconf 78' lang='lat' dir='ltr'><strong>PANDECTE</strong></span> <span class='ocrx_word' id='word_1_3' title='bbox 1785 352 1833 412; x_wconf 84' lang='lat' dir='ltr'><strong>ll</strong></span> <span class='ocrx_word' id='word_1_4' title='bbox 1850 353 1991 416; x_wconf 77' lang='lat' dir='ltr'><strong>lS’l‘.</strong></span> <span class='ocrx_word' id='word_1_5' title='bbox 2039 349 2336 412; x_wconf 78' lang='lat' dir='ltr'><strong>TURCIC.</strong></span> 
     </span>
    </p>
   </div>
   <div class='ocr_carea' id='block_1_3' title="bbox 3345 344 3457 414">
    <p class='ocr_par' dir='ltr' id='par_1_3' title="bbox 3345 344 3457 414">
     <span class='ocr_line' id='line_1_3' title="bbox 3345 344 3457 414; baseline 0.045 -5"><span class='ocrx_word' id='word_1_6' title='bbox 3345 344 3457 414; x_wconf 64' lang='lat'><strong>742</strong></span> 
     </span>
    </p>
   </div>
   <div class='ocr_carea' id='block_1_4' title="bbox 203 462 3457 539">
    <p class='ocr_par' dir='ltr' id='par_1_4' title="bbox 203 462 3457 539">
     <span class='ocr_line' id='line_1_4' title="bbox 203 462 3457 539; baseline -0.001 -21"><span class='ocrx_word' id='word_1_7' title='bbox 203 469 442 537; x_wconf 78' lang='lat' dir='ltr'><strong>regiones</strong></span> <span class='ocrx_word' id='word_1_8' title='bbox 470 467 522 519; x_wconf 92' lang='lat' dir='ltr'><strong>in</strong></span> <span class='ocrx_word' id='word_1_9' title='bbox 556 467 825 532; x_wconf 86' lang='lat' dir='ltr'><strong>Anatolia,</strong></span> <span class='ocrx_word' id='word_1_10' title='bbox 852 482 967 533; x_wconf 70' lang='lat' dir='ltr'><strong>qure</strong></span> <span class='ocrx_word' id='word_1_11' title='bbox 999 481 1169 520; x_wconf 89' lang='lat' dir='ltr'><strong>novas</strong></span> <span class='ocrx_word' id='word_1_12' title='bbox 1189 468 1579 535; x_wconf 72' lang='lat' dir='ltr'><strong>appellationes</strong></span> <span class='ocrx_word' id='word_1_13' title='bbox 1616 473 1772 518; x_wconf 81' lang='lat' dir='ltr'><strong>vete-</strong></span> <span class='ocrx_word' id='word_1_14' title='bbox 1802 484 1842 539; x_wconf 71' lang='grc' dir='ltr'>Α</span> <span class='ocrx_word' id='word_1_15' title='bbox 1874 475 2000 520; x_wconf 85' lang='lat' dir='ltr'><strong>ante</strong></span> <span class='ocrx_word' id='word_1_16' title='bbox 2028 467 2132 521; x_wconf 69' lang='grc'><strong>520</strong></span> <span class='ocrx_word' id='word_1_17' title='bbox 2159 480 2334 519; x_wconf 81' lang='lat' dir='ltr'><strong>annos</strong></span> <span class='ocrx_word' id='word_1_18' title='bbox 2389 464 2540 528; x_wconf 68' lang='lat' dir='ltr'><strong>vixit,</strong></span> <span class='ocrx_word' id='word_1_19' title='bbox 2590 462 2943 532; x_wconf 81' lang='lat' dir='ltr'><strong>Peclarpaces</strong></span> <span class='ocrx_word' id='word_1_20' title='bbox 2995 464 3330 519; x_wconf 89' lang='lat' dir='ltr'><strong>scribuntur.</strong></span> <span class='ocrx_word' id='word_1_21' title='bbox 3392 464 3457 515; x_wconf 74' lang='lat' dir='ltr'><strong>Et</strong></span> 
     </span>
    </p>
   </div>
   <div class='ocr_carea' id='block_1_5' title="bbox 200 554 1773 624">
    <p class='ocr_par' dir='ltr' id='par_1_5' title="bbox 200 554 1773 624">
     <span class='ocr_line' id='line_1_5' title="bbox 200 554 1773 624; baseline 0 -19"><span class='ocrx_word' id='word_1_22' title='bbox 200 555 344 607; x_wconf 89' lang='lat' dir='ltr'><strong>ribus</strong></span> <span class='ocrx_word' id='word_1_23' title='bbox 367 554 673 624; x_wconf 84' lang='lat' dir='ltr'><strong>incognitas</strong></span> <span class='ocrx_word' id='word_1_24' title='bbox 702 557 920 618; x_wconf 75' lang='lat' dir='ltr'><strong>trahent,</strong></span> <span class='ocrx_word' id='word_1_25' title='bbox 951 556 1042 610; x_wconf 86' lang='lat' dir='ltr'><strong>sed</strong></span> <span class='ocrx_word' id='word_1_26' title='bbox 1074 571 1168 609; x_wconf 85' lang='lat' dir='ltr'><strong>eas</strong></span> <span class='ocrx_word' id='word_1_27' title='bbox 1211 557 1477 609; x_wconf 82' lang='lat' dir='ltr'><strong>duntaxat</strong></span> <span class='ocrx_word' id='word_1_28' title='bbox 1524 555 1610 608; x_wconf 91' lang='lat' dir='ltr'><strong>hic</strong></span> <span class='ocrx_word' id='word_1_29' title='bbox 1638 569 1773 607; x_wconf 88' lang='lat' dir='ltr'><strong>enu-</strong></span> 
     </span>
    </p>
   </div>
   <div class='ocr_carea' id='block_1_6' title="bbox 198 643 1778 713">
    <p class='ocr_par' dir='ltr' id='par_1_6' title="bbox 198 643 1778 713">
     <span class='ocr_line' id='line_1_6' title="bbox 198 643 1778 713; baseline 0.001 -18"><span class='ocrx_word' id='word_1_30' title='bbox 198 660 406 698; x_wconf 83' lang='lat' dir='ltr'><strong>merare</strong></span> <span class='ocrx_word' id='word_1_31' title='bbox 427 645 721 706; x_wconf 88' lang='lat' dir='ltr'><strong>voluimus,</strong></span> <span class='ocrx_word' id='word_1_32' title='bbox 750 646 947 713; x_wconf 86' lang='lat' dir='ltr'><strong>quibus</strong></span> <span class='ocrx_word' id='word_1_33' title='bbox 980 646 1147 699; x_wconf 89' lang='lat' dir='ltr'><strong>indita</strong></span> <span class='ocrx_word' id='word_1_34' title='bbox 1177 645 1345 700; x_wconf 76' lang='lat' dir='ltr'><strong>fuisse</strong></span> <span class='ocrx_word' id='word_1_35' title='bbox 1370 646 1536 698; x_wconf 79' lang='lat' dir='ltr'><strong>certis</strong></span> <span class='ocrx_word' id='word_1_36' title='bbox 1559 659 1585 696; x_wconf 81' lang='lat' dir='ltr'><strong>a</strong></span> <span class='ocrx_word' id='word_1_37' title='bbox 1613 643 1778 697; x_wconf 84' lang='lat' dir='ltr'><strong>Duci-</strong></span> 
     </span>
    </p>
   </div>
   <div class='ocr_carea' id='block_1_7' title="bbox 201 737 1772 792">
    <p class='ocr_par' dir='ltr' id='par_1_7' title="bbox 201 737 1772 792">
     <span class='ocr_line' id='line_1_7' title="bbox 201 737 1772 792; baseline 0.001 -4"><span class='ocrx_word' id='word_1_38' title='bbox 201 738 299 789; x_wconf 90' lang='lat' dir='ltr'><strong>bus</strong></span> <span class='ocrx_word' id='word_1_39' title='bbox 344 738 561 789; x_wconf 88' lang='lat' dir='ltr'><strong>nomina</strong></span> <span class='ocrx_word' id='word_1_40' title='bbox 592 737 862 791; x_wconf 86' lang='lat' dir='ltr'><strong>Laonicus</strong></span> <span class='ocrx_word' id='word_1_41' title='bbox 886 748 937 792; x_wconf 91' lang='lat' dir='ltr'><strong>et</strong></span> <span class='ocrx_word' id='word_1_42' title='bbox 963 737 1199 791; x_wconf 83' lang='lat' dir='ltr'><strong>Annales</strong></span> <span class='ocrx_word' id='word_1_43' title='bbox 1233 737 1287 790; x_wconf 91' lang='lat' dir='ltr'><strong>hi</strong></span> <span class='ocrx_word' id='word_1_44' title='bbox 1317 738 1488 791; x_wconf 88' lang='lat' dir='ltr'><strong>nostri</strong></span> <span class='ocrx_word' id='word_1_45' title='bbox 1531 738 1772 790; x_wconf 89' lang='lat' dir='ltr'><strong>tradunt.</strong></span> 
     </span>
    </p>
   </div>
   <div class='ocr_carea' id='block_1_8' title="bbox 200 848 1778 915">
    <p class='ocr_par' dir='ltr' id='par_1_8' title="bbox 200 848 1778 915">
     <span class='ocr_line' id='line_1_8' title="bbox 200 848 1778 915; baseline 0 -13"><span class='ocrx_word' id='word_1_46' title='bbox 200 850 284 902; x_wconf 71' lang='lat' dir='ltr'><strong>Ut.</strong></span> <span class='ocrx_word' id='word_1_47' title='bbox 327 848 516 910; x_wconf 79' lang='lat' dir='ltr'><strong>Bassa,</strong></span> <span class='ocrx_word' id='word_1_48' title='bbox 556 850 727 915; x_wconf 69' lang='lat' dir='ltr'><strong>Enrir,</strong></span> <span class='ocrx_word' id='word_1_49' title='bbox 762 851 946 909; x_wconf 83' lang='lat' dir='ltr'><strong>Sami,</strong></span> <span class='ocrx_word' id='word_1_50' title='bbox 979 849 1391 913; x_wconf 81' lang='lat' dir='ltr'><strong>Caravansarai,</strong></span> <span class='ocrx_word' id='word_1_51' title='bbox 1424 849 1597 915; x_wconf 73' lang='lat' dir='ltr'><strong>Vezir,</strong></span> <span class='ocrx_word' id='word_1_52' title='bbox 1630 850 1778 903; x_wconf 68' lang='lat' dir='ltr'><strong>Vesi—</strong></span> 
     </span>
    </p>
   </div>
   <div class='ocr_carea' id='block_1_9' title="bbox 304 918 1668 990">
    <p class='ocr_par' dir='ltr' id='par_1_9' title="bbox 304 918 1668 990">
     <span class='ocr_line' id='line_1_9' title="bbox 304 918 1668 990; baseline 0.001 -20"><span class='ocrx_word' id='word_1_53' title='bbox 304 936 478 971; x_wconf 75' lang='lat' dir='ltr'><strong>razem</strong></span> <span class='ocrx_word' id='word_1_54' title='bbox 514 919 813 990; x_wconf 82' lang='lat' dir='ltr'><strong>Beglerbcg,</strong></span> <span class='ocrx_word' id='word_1_55' title='bbox 850 918 1000 973; x_wconf 85' lang='lat' dir='ltr'><strong>Emir</strong></span> <span class='ocrx_word' id='word_1_56' title='bbox 1037 919 1252 983; x_wconf 82' lang='lat' dir='ltr'><strong>Halem,</strong></span> <span class='ocrx_word' id='word_1_57' title='bbox 1290 918 1440 972; x_wconf 82' lang='lat' dir='ltr'><strong>Emir</strong></span> <span class='ocrx_word' id='word_1_58' title='bbox 1472 922 1668 973; x_wconf 81' lang='lat' dir='ltr'><strong>Acltnr.</strong></span> 
     </span>
    </p>
   </div>
   <div class='ocr_carea' id='block_1_10' title="bbox 263 1008 1769 1077">
    <p class='ocr_par' dir='ltr' id='par_1_10' title="bbox 263 1008 1769 1077">
     <span class='ocr_line' id='line_1_10' title="bbox 263 1008 1769 1077; baseline 0.002 -16"><span class='ocrx_word' id='word_1_59' title='bbox 263 1008 437 1065; x_wconf 88' lang='lat' dir='ltr'><strong>Filius</strong></span> <span class='ocrx_word' id='word_1_60' title='bbox 462 1011 597 1064; x_wconf 89' lang='lat' dir='ltr'><strong>alter</strong></span> <span class='ocrx_word' id='word_1_61' title='bbox 624 1012 903 1077; x_wconf 88' lang='lat' dir='ltr'><strong>Osmanis,</strong></span> <span class='ocrx_word' id='word_1_62' title='bbox 933 1009 1202 1066; x_wconf 80' lang='lat' dir='ltr'><strong>Urchanis</strong></span> <span class='ocrx_word' id='word_1_63' title='bbox 1244 1010 1416 1064; x_wconf 81' lang='lat' dir='ltr'><strong>frater</strong></span> <span class='ocrx_word' id='word_1_64' title='bbox 1457 1012 1625 1064; x_wconf 89' lang='lat' dir='ltr'><strong>alium</strong></span> <span class='ocrx_word' id='word_1_65' title='bbox 1663 1026 1769 1064; x_wconf 92' lang='lat' dir='ltr'><strong>non</strong></span> 
     </span>
    </p>
   </div>
   <div class='ocr_carea' id='block_1_11' title="bbox 200 1102 1768 1173">
    <p class='ocr_par' dir='ltr' id='par_1_11' title="bbox 200 1102 1768 1173">
     <span class='ocr_line' id='line_1_11' title="bbox 200 1102 1768 1173; baseline 0.001 -18"><span class='ocrx_word' id='word_1_66' title='bbox 200 1103 361 1157; x_wconf 93' lang='lat' dir='ltr'><strong>habet</strong></span> <span class='ocrx_word' id='word_1_67' title='bbox 383 1102 435 1156; x_wconf 91' lang='lat' dir='ltr'><strong>in</strong></span> <span class='ocrx_word' id='word_1_68' title='bbox 462 1103 766 1158; x_wconf 79' lang='lat' dir='ltr'><strong>Annalibus</strong></span> <span class='ocrx_word' id='word_1_69' title='bbox 785 1103 1027 1167; x_wconf 92' lang='lat' dir='ltr'><strong>titulum,</strong></span> <span class='ocrx_word' id='word_1_70' title='bbox 1049 1119 1207 1173; x_wconf 88' lang='lat' dir='ltr'><strong>quam</strong></span> <span class='ocrx_word' id='word_1_71' title='bbox 1230 1103 1342 1157; x_wconf 80' lang='lat' dir='ltr'><strong>Alis</strong></span> <span class='ocrx_word' id='word_1_72' title='bbox 1370 1103 1523 1157; x_wconf 82' lang='lat' dir='ltr'><strong>bassa</strong></span> <span class='ocrx_word' id='word_1_73' title='bbox 1557 1118 1572 1157; x_wconf 89' lang='lat'>:</span> <span class='ocrx_word' id='word_1_74' title='bbox 1624 1104 1768 1172; x_wconf 88' lang='lat' dir='ltr'><strong>quod</strong></span> 
     </span>
    </p>
   </div>
   <div class='ocr_carea' id='block_1_12' title="bbox 200 1193 1771 1264">
    <p class='ocr_par' dir='ltr' id='par_1_12' title="bbox 200 1193 1771 1264">
     <span class='ocr_line' id='line_1_12' title="bbox 200 1193 1771 1264; baseline 0.003 -21"><span class='ocrx_word' id='word_1_75' title='bbox 200 1195 373 1249; x_wconf 62' lang='lat' dir='ltr'><strong>bassa</strong></span> <span class='ocrx_word' id='word_1_76' title='bbox 401 1193 723 1247; x_wconf 78' lang='lat' dir='ltr'><strong>vocabulum</strong></span> <span class='ocrx_word' id='word_1_77' title='bbox 753 1193 947 1248; x_wconf 88' lang='lat' dir='ltr'><strong>Turcis</strong></span> <span class='ocrx_word' id='word_1_78' title='bbox 975 1202 1140 1262; x_wconf 87' lang='lat' dir='ltr'><strong>caput</strong></span> <span class='ocrx_word' id='word_1_79' title='bbox 1165 1195 1453 1264; x_wconf 84' lang='lat' dir='ltr'><strong>signillcat.</strong></span> <span class='ocrx_word' id='word_1_80' title='bbox 1488 1194 1771 1249; x_wconf 78' lang='lat' dir='ltr'><strong>Falluntur</strong></span> 
     </span>
    </p>
   </div>
   <div class='ocr_carea' id='block_1_13' title="bbox 197 1283 1770 1351">
    <p class='ocr_par' dir='ltr' id='par_1_13' title="bbox 197 1283 1770 1351">
     <span class='ocr_line' id='line_1_13' title="bbox 197 1283 1770 1351; baseline 0.003 -17"><span class='ocrx_word' id='word_1_81' title='bbox 197 1291 377 1336; x_wconf 78' lang='lat' dir='ltr'><strong>autem</strong></span> <span class='ocrx_word' id='word_1_82' title='bbox 402 1283 496 1351; x_wconf 88' lang='lat' dir='ltr'><strong>qui</strong></span> <span class='ocrx_word' id='word_1_83' title='bbox 515 1299 612 1351; x_wconf 91' lang='lat' dir='ltr'><strong>pro</strong></span> <span class='ocrx_word' id='word_1_84' title='bbox 635 1283 867 1337; x_wconf 86' lang='lat' dir='ltr'><strong>sultanis</strong></span> <span class='ocrx_word' id='word_1_85' title='bbox 895 1285 1101 1338; x_wconf 77' lang='lat' dir='ltr'><strong>vczires</strong></span> <span class='ocrx_word' id='word_1_86' title='bbox 1120 1283 1290 1340; x_wconf 76' lang='lat' dir='ltr'><strong>fuisse</strong></span> <span class='ocrx_word' id='word_1_87' title='bbox 1321 1286 1599 1349; x_wconf 86' lang='lat' dir='ltr'><strong>dictos,ac</strong></span> <span class='ocrx_word' id='word_1_88' title='bbox 1624 1286 1770 1340; x_wconf 84' lang='lat' dir='ltr'><strong>Emi-</strong></span> 
     </span>
    </p>
   </div>
   <div class='ocr_carea' id='block_1_14' title="bbox 204 1375 1770 1445">
    <p class='ocr_par' dir='ltr' id='par_1_14' title="bbox 204 1375 1770 1445">
     <span class='ocr_line' id='line_1_14' title="bbox 204 1375 1770 1445; baseline 0.004 -19"><span class='ocrx_word' id='word_1_89' title='bbox 204 1391 323 1428; x_wconf 90' lang='lat' dir='ltr'><strong>rum</strong></span> <span class='ocrx_word' id='word_1_90' title='bbox 362 1376 608 1444; x_wconf 84' lang='lat' dir='ltr'><strong>(Amares</strong></span> <span class='ocrx_word' id='word_1_91' title='bbox 640 1375 741 1443; x_wconf 88' lang='lat' dir='ltr'><strong>ipsi</strong></span> <span class='ocrx_word' id='word_1_92' title='bbox 768 1378 984 1443; x_wconf 75' lang='lat' dir='ltr'><strong>vocant)</strong></span> <span class='ocrx_word' id='word_1_93' title='bbox 1012 1378 1065 1429; x_wconf 92' lang='lat' dir='ltr'><strong>in</strong></span> <span class='ocrx_word' id='word_1_94' title='bbox 1107 1377 1284 1430; x_wconf 91' lang='lat' dir='ltr'><strong>locum</strong></span> <span class='ocrx_word' id='word_1_95' title='bbox 1322 1390 1515 1445; x_wconf 79' lang='lat' dir='ltr'><strong>putant</strong></span> <span class='ocrx_word' id='word_1_96' title='bbox 1550 1395 1770 1434; x_wconf 87' lang='lat' dir='ltr'><strong>succes-</strong></span> 
     </span>
    </p>
   </div>
   <div class='ocr_carea' id='block_1_15' title="bbox 197 1464 1768 1538">
    <p class='ocr_par' dir='ltr' id='par_1_15' title="bbox 197 1464 1768 1538">
     <span class='ocr_line' id='line_1_15' title="bbox 197 1464 1768 1538; baseline 0.004 -20"><span class='ocrx_word' id='word_1_97' title='bbox 197 1465 340 1518; x_wconf 82' lang='lat' dir='ltr'><strong>sisse</strong></span> <span class='ocrx_word' id='word_1_98' title='bbox 365 1464 554 1519; x_wconf 84' lang='lat' dir='ltr'><strong>bassas</strong></span> <span class='ocrx_word' id='word_1_99' title='bbox 586 1476 639 1519; x_wconf 89' lang='lat' dir='ltr'><strong>et</strong></span> <span class='ocrx_word' id='word_1_100' title='bbox 687 1466 1036 1535; x_wconf 84' lang='lat' dir='ltr'><strong>beglcrbegos</strong></span> <span class='ocrx_word' id='word_1_101' title='bbox 1069 1483 1084 1521; x_wconf 88' lang='lat'><strong>:</strong></span> <span class='ocrx_word' id='word_1_102' title='bbox 1116 1468 1335 1536; x_wconf 87' lang='lat' dir='ltr'><strong>(quibus</strong></span> <span class='ocrx_word' id='word_1_103' title='bbox 1385 1478 1439 1523; x_wconf 92' lang='lat' dir='ltr'><strong>et</strong></span> <span class='ocrx_word' id='word_1_104' title='bbox 1500 1470 1664 1538; x_wconf 84' lang='lat' dir='ltr'><strong>begos</strong></span> <span class='ocrx_word' id='word_1_105' title='bbox 1700 1472 1768 1526; x_wconf 89' lang='lat' dir='ltr'><strong>ab</strong></span> 
     </span>
    </p>
   </div>
   <div class='ocr_carea' id='block_1_16' title="bbox 194 1553 1766 1626">
    <p class='ocr_par' dir='ltr' id='par_1_16' title="bbox 194 1553 1766 1626">
     <span class='ocr_line' id='line_1_16' title="bbox 194 1553 1766 1626; baseline 0.003 -18"><span class='ocrx_word' id='word_1_106' title='bbox 194 1553 297 1616; x_wconf 82' lang='lat' dir='ltr'><strong>eis,</strong></span> <span class='ocrx_word' id='word_1_107' title='bbox 328 1562 383 1608; x_wconf 89' lang='lat' dir='ltr'><strong>et</strong></span> <span class='ocrx_word' id='word_1_108' title='bbox 407 1554 693 1623; x_wconf 88' lang='lat' dir='ltr'><strong>sangiacos</strong></span> <span class='ocrx_word' id='word_1_109' title='bbox 713 1554 959 1625; x_wconf 68' lang='lat' dir='ltr'><strong>adiungi,</strong></span> <span class='ocrx_word' id='word_1_110' title='bbox 1019 1556 1165 1610; x_wconf 81' lang='lat' dir='ltr'><strong>velut</strong></span> <span class='ocrx_word' id='word_1_111' title='bbox 1215 1566 1268 1611; x_wconf 91' lang='lat' dir='ltr'><strong>et</strong></span> <span class='ocrx_word' id='word_1_112' title='bbox 1333 1557 1480 1626; x_wconf 87' lang='lat' dir='ltr'><strong>ipsos</strong></span> <span class='ocrx_word' id='word_1_113' title='bbox 1527 1556 1766 1612; x_wconf 85' lang='lat' dir='ltr'><strong>Emirum</strong></span> 
     </span>
    </p>
   </div>
   <div class='ocr_carea' id='block_1_17' title="bbox 195 1644 1769 1717">
    <p class='ocr_par' dir='ltr' id='par_1_17' title="bbox 195 1644 1769 1717">
     <span class='ocr_line' id='line_1_17' title="bbox 195 1644 1769 1717; baseline 0.003 -18"><span class='ocrx_word' id='word_1_114' title='bbox 195 1644 565 1705; x_wconf 84' lang='lat' dir='ltr'><strong>successeres.</strong></span> <span class='ocrx_word' id='word_1_115' title='bbox 596 1646 947 1716; x_wconf 85' lang='lat' dir='ltr'><strong>magisetiam</strong></span> <span class='ocrx_word' id='word_1_116' title='bbox 982 1646 1172 1717; x_wconf 91' lang='lat' dir='ltr'><strong>miror)</strong></span> <span class='ocrx_word' id='word_1_117' title='bbox 1196 1662 1319 1702; x_wconf 92' lang='lat' dir='ltr'><strong>cum</strong></span> <span class='ocrx_word' id='word_1_118' title='bbox 1345 1664 1445 1703; x_wconf 76' lang='lat' dir='ltr'><strong>vox</strong></span> <span class='ocrx_word' id='word_1_119' title='bbox 1494 1648 1648 1704; x_wconf 82' lang='lat' dir='ltr'><strong>Emir</strong></span> <span class='ocrx_word' id='word_1_120' title='bbox 1702 1666 1769 1704; x_wconf 89' lang='lat' dir='ltr'><strong>ne</strong></span> 
     </span>
    </p>
   </div>
   <div class='ocr_carea' id='block_1_18' title="bbox 197 1737 1766 1811">
    <p class='ocr_par' dir='ltr' id='par_1_18' title="bbox 197 1737 1766 1811">
     <span class='ocr_line' id='line_1_18' title="bbox 197 1737 1766 1811; baseline 0.003 -21"><span class='ocrx_word' id='word_1_121' title='bbox 197 1737 360 1792; x_wconf 84' lang='lat' dir='ltr'><strong>hodie</strong></span> <span class='ocrx_word' id='word_1_122' title='bbox 399 1739 619 1809; x_wconf 81' lang='lat' dir='ltr'><strong>quidem</strong></span> <span class='ocrx_word' id='word_1_123' title='bbox 650 1741 918 1794; x_wconf 82' lang='lat' dir='ltr'><strong>exstincta</strong></span> <span class='ocrx_word' id='word_1_124' title='bbox 954 1739 1048 1801; x_wconf 86' lang='lat' dir='ltr'><strong>sit,</strong></span> <span class='ocrx_word' id='word_1_125' title='bbox 1095 1754 1158 1793; x_wconf 87' lang='lat' dir='ltr'><strong>ac</strong></span> <span class='ocrx_word' id='word_1_126' title='bbox 1213 1751 1568 1810; x_wconf 65' lang='lat' dir='ltr'><strong>praeterquam</strong></span> <span class='ocrx_word' id='word_1_127' title='bbox 1622 1740 1766 1811; x_wconf 89' lang='lat' dir='ltr'><strong>quod</strong></span> 
     </span>
    </p>
   </div>
   <div class='ocr_carea' id='block_1_19' title="bbox 1882 556 3457 627">
    <p class='ocr_par' dir='ltr' id='par_1_19' title="bbox 1882 556 3457 627">
     <span class='ocr_line' id='line_1_19' title="bbox 1882 556 3457 627; baseline -0.004 -14"><span class='ocrx_word' id='word_1_128' title='bbox 1882 560 2115 613; x_wconf 88' lang='lat' dir='ltr'><strong>erantin</strong></span> <span class='ocrx_word' id='word_1_129' title='bbox 2147 557 2377 627; x_wconf 82' lang='lat' dir='ltr'><strong>imperio</strong></span> <span class='ocrx_word' id='word_1_130' title='bbox 2406 556 2730 610; x_wconf 66' lang='lat' dir='ltr'><strong>Same-cnice</strong></span> <span class='ocrx_word' id='word_1_131' title='bbox 2758 556 2919 611; x_wconf 88' lang='lat' dir='ltr'><strong>simul</strong></span> <span class='ocrx_word' id='word_1_132' title='bbox 2948 565 3004 610; x_wconf 85' lang='lat' dir='ltr'><strong>et</strong></span> <span class='ocrx_word' id='word_1_133' title='bbox 3028 556 3254 617; x_wconf 89' lang='lat' dir='ltr'><strong>emires,</strong></span> <span class='ocrx_word' id='word_1_134' title='bbox 3294 565 3348 607; x_wconf 87' lang='lat' dir='ltr'><strong>et</strong></span> <span class='ocrx_word' id='word_1_135' title='bbox 3367 573 3457 607; x_wconf 75' lang='lat' dir='ltr'><strong>ve—</strong></span> 
     </span>
    </p>
   </div>
   <div class='ocr_carea' id='block_1_20' title="bbox 1880 646 3457 720">
    <p class='ocr_par' dir='ltr' id='par_1_20' title="bbox 1880 646 3457 720">
     <span class='ocr_line' id='line_1_20' title="bbox 1880 646 3457 720; baseline -0.004 -16"><span class='ocrx_word' id='word_1_136' title='bbox 1880 652 2044 713; x_wconf 80' lang='lat' dir='ltr'><strong>zires,</strong></span> <span class='ocrx_word' id='word_1_137' title='bbox 2070 649 2471 720; x_wconf 77' lang='lat' dir='ltr'><strong>ctucglerhegi,</strong></span> <span class='ocrx_word' id='word_1_138' title='bbox 2496 647 2659 702; x_wconf 88' lang='lat' dir='ltr'><strong>etiam</strong></span> <span class='ocrx_word' id='word_1_139' title='bbox 2692 656 2817 702; x_wconf 83' lang='lat' dir='ltr'><strong>ante</strong></span> <span class='ocrx_word' id='word_1_140' title='bbox 2864 647 3242 700; x_wconf 84' lang='lat' dir='ltr'><strong>monarchiam</strong></span> <span class='ocrx_word' id='word_1_141' title='bbox 3265 646 3457 700; x_wconf 89' lang='lat' dir='ltr'><strong>Turci-</strong></span> 
     </span>
    </p>
   </div>
   <div class='ocr_carea' id='block_1_21' title="bbox 1878 740 3457 810">
    <p class='ocr_par' dir='ltr' id='par_1_21' title="bbox 1878 740 3457 810">
     <span class='ocr_line' id='line_1_21' title="bbox 1878 740 3457 810; baseline -0.003 -14"><span class='ocrx_word' id='word_1_142' title='bbox 1878 757 1997 796; x_wconf 85' lang='lat' dir='ltr'><strong>cam</strong></span> <span class='ocrx_word' id='word_1_143' title='bbox 2024 759 2038 795; x_wconf 91' lang='lat'><strong>:</strong></span> <span class='ocrx_word' id='word_1_144' title='bbox 2072 756 2295 810; x_wconf 87' lang='lat' dir='ltr'><strong>prorsus</strong></span> <span class='ocrx_word' id='word_1_145' title='bbox 2320 752 2380 795; x_wconf 93' lang='lat' dir='ltr'><strong>ut</strong></span> <span class='ocrx_word' id='word_1_146' title='bbox 2399 741 2503 795; x_wconf 88' lang='lat' dir='ltr'><strong>dici</strong></span> <span class='ocrx_word' id='word_1_147' title='bbox 2546 749 2805 808; x_wconf 77' lang='lat' dir='ltr'><strong>nequeat,</strong></span> <span class='ocrx_word' id='word_1_148' title='bbox 2834 755 2931 808; x_wconf 88' lang='lat' dir='ltr'><strong>pro</strong></span> <span class='ocrx_word' id='word_1_149' title='bbox 2951 740 3187 793; x_wconf 86' lang='lat' dir='ltr'><strong>sultanis</strong></span> <span class='ocrx_word' id='word_1_150' title='bbox 3250 740 3457 793; x_wconf 79' lang='lat' dir='ltr'><strong>vezircs</strong></span> 
     </span>
    </p>
   </div>
   <div class='ocr_carea' id='block_1_22' title="bbox 1877 830 3459 899">
    <p class='ocr_par' dir='ltr' id='par_1_22' title="bbox 1877 830 3459 899">
     <span class='ocr_line' id='line_1_22' title="bbox 1877 830 3459 899; baseline -0.003 -14"><span class='ocrx_word' id='word_1_151' title='bbox 1877 832 2535 899; x_wconf 87' lang='lat' dir='ltr'><strong>appellatos,inemirum</strong></span> <span class='ocrx_word' id='word_1_152' title='bbox 2570 830 2749 883; x_wconf 91' lang='lat' dir='ltr'><strong>locum</strong></span> <span class='ocrx_word' id='word_1_153' title='bbox 2803 831 3137 884; x_wconf 79' lang='lat' dir='ltr'><strong>successisse</strong></span> <span class='ocrx_word' id='word_1_154' title='bbox 3193 830 3381 882; x_wconf 83' lang='lat' dir='ltr'><strong>bassas</strong></span> <span class='ocrx_word' id='word_1_155' title='bbox 3408 841 3459 881; x_wconf 80' lang='lat' dir='ltr'><strong>ct</strong></span> 
     </span>
    </p>
   </div>
   <div class='ocr_carea' id='block_1_23' title="bbox 1876 917 3456 990">
    <p class='ocr_par' dir='ltr' id='par_1_23' title="bbox 1876 917 3456 990">
     <span class='ocr_line' id='line_1_23' title="bbox 1876 917 3456 990; baseline -0.001 -17"><span class='ocrx_word' id='word_1_156' title='bbox 1876 920 2251 990; x_wconf 84' lang='lat' dir='ltr'><strong>beglerbegus.</strong></span> <span class='ocrx_word' id='word_1_157' title='bbox 2278 919 2489 989; x_wconf 82' lang='lat' dir='ltr'><strong>Quippe</strong></span> <span class='ocrx_word' id='word_1_158' title='bbox 2514 918 2759 973; x_wconf 87' lang='lat' dir='ltr'><strong>meminit</strong></span> <span class='ocrx_word' id='word_1_159' title='bbox 2789 920 3238 990; x_wconf 82' lang='lat' dir='ltr'><strong>beglerbegornm</strong></span> <span class='ocrx_word' id='word_1_160' title='bbox 3295 917 3456 972; x_wconf 79' lang='lat' dir='ltr'><strong>oﬂicii</strong></span> 
     </span>
    </p>
   </div>
   <div class='ocr_carea' id='block_1_24' title="bbox 1875 1010 3457 1080">
    <p class='ocr_par' dir='ltr' id='par_1_24' title="bbox 1875 1010 3457 1080">
     <span class='ocr_line' id='line_1_24' title="bbox 1875 1010 3457 1080; baseline -0.001 -15"><span class='ocrx_word' id='word_1_161' title='bbox 1875 1012 2143 1067; x_wconf 84' lang='lat' dir='ltr'><strong>vetustior</strong></span> <span class='ocrx_word' id='word_1_162' title='bbox 2169 1022 2402 1080; x_wconf 64' lang='lat' dir='ltr'><strong>praetore</strong></span> <span class='ocrx_word' id='word_1_163' title='bbox 2436 1010 2731 1075; x_wconf 86' lang='lat' dir='ltr'><strong>Cedrinus,</strong></span> <span class='ocrx_word' id='word_1_164' title='bbox 2762 1022 2815 1065; x_wconf 92' lang='lat' dir='ltr'><strong>et</strong></span> <span class='ocrx_word' id='word_1_165' title='bbox 2840 1010 3019 1079; x_wconf 87' lang='lat' dir='ltr'><strong>ipsum</strong></span> <span class='ocrx_word' id='word_1_166' title='bbox 3054 1026 3250 1064; x_wconf 87' lang='lat' dir='ltr'><strong>nomen</strong></span> <span class='ocrx_word' id='word_1_167' title='bbox 3278 1011 3457 1063; x_wconf 78' lang='lat' dir='ltr'><strong>inter—</strong></span> 
     </span>
    </p>
   </div>
   <div class='ocr_carea' id='block_1_25' title="bbox 1874 1102 3461 1172">
    <p class='ocr_par' dir='ltr' id='par_1_25' title="bbox 1874 1102 3461 1172">
     <span class='ocr_line' id='line_1_25' title="bbox 1874 1102 3461 1172; baseline 0 -16"><span class='ocrx_word' id='word_1_168' title='bbox 1874 1113 2119 1172; x_wconf 90' lang='lat' dir='ltr'><strong>pretatur</strong></span> <span class='ocrx_word' id='word_1_169' title='bbox 2147 1105 2443 1157; x_wconf 84' lang='lat' dir='ltr'><strong>archontas</strong></span> <span class='ocrx_word' id='word_1_170' title='bbox 2473 1103 2797 1166; x_wconf 88' lang='lat' dir='ltr'><strong>archonton,</strong></span> <span class='ocrx_word' id='word_1_171' title='bbox 2867 1112 2926 1156; x_wconf 93' lang='lat' dir='ltr'><strong>ut</strong></span> <span class='ocrx_word' id='word_1_172' title='bbox 2985 1102 3153 1156; x_wconf 89' lang='lat' dir='ltr'><strong>nostri</strong></span> <span class='ocrx_word' id='word_1_173' title='bbox 3205 1102 3461 1156; x_wconf 87' lang='lat' dir='ltr'><strong>dominos</strong></span> 
     </span>
    </p>
   </div>
   <div class='ocr_carea' id='block_1_26' title="bbox 1874 1195 3459 1265">
    <p class='ocr_par' dir='ltr' id='par_1_26' title="bbox 1874 1195 3459 1265">
     <span class='ocr_line' id='line_1_26' title="bbox 1874 1195 3459 1265; baseline -0.001 -15"><span class='ocrx_word' id='word_1_174' title='bbox 1874 1196 2221 1251; x_wconf 84' lang='lat' dir='ltr'><strong>dominorum</strong></span> <span class='ocrx_word' id='word_1_175' title='bbox 2265 1195 2483 1249; x_wconf 83' lang='lat' dir='ltr'><strong>:veluti</strong></span> <span class='ocrx_word' id='word_1_176' title='bbox 2507 1195 2600 1265; x_wconf 89' lang='lat' dir='ltr'><strong>qui</strong></span> <span class='ocrx_word' id='word_1_177' title='bbox 2647 1195 2750 1249; x_wconf 89' lang='lat' dir='ltr'><strong>sub</strong></span> <span class='ocrx_word' id='word_1_178' title='bbox 2794 1208 2880 1258; x_wconf 81' lang='lat' dir='ltr'><strong>se,</strong></span> <span class='ocrx_word' id='word_1_179' title='bbox 2927 1204 3123 1264; x_wconf 75' lang='lat' dir='ltr'><strong>praeter</strong></span> <span class='ocrx_word' id='word_1_180' title='bbox 3180 1197 3459 1265; x_wconf 77' lang='lat' dir='ltr'><strong>gregarios</strong></span> 
     </span>
    </p>
   </div>
   <div class='ocr_carea' id='block_1_27' title="bbox 1876 1284 3465 1356">
    <p class='ocr_par' dir='ltr' id='par_1_27' title="bbox 1876 1284 3465 1356">
     <span class='ocr_line' id='line_1_27' title="bbox 1876 1284 3465 1356; baseline -0.001 -14"><span class='ocrx_word' id='word_1_181' title='bbox 1876 1286 2098 1352; x_wconf 86' lang='lat' dir='ltr'><strong>milites,</strong></span> <span class='ocrx_word' id='word_1_182' title='bbox 2130 1286 2408 1356; x_wconf 79' lang='lat' dir='ltr'><strong>spacliios,</strong></span> <span class='ocrx_word' id='word_1_183' title='bbox 2438 1288 2717 1351; x_wconf 88' lang='lat' dir='ltr'><strong>subassas,</strong></span> <span class='ocrx_word' id='word_1_184' title='bbox 2757 1286 2924 1341; x_wconf 88' lang='lat' dir='ltr'><strong>etiam</strong></span> <span class='ocrx_word' id='word_1_185' title='bbox 2971 1284 3262 1356; x_wconf 84' lang='lat' dir='ltr'><strong>sangiacos</strong></span> <span class='ocrx_word' id='word_1_186' title='bbox 3294 1297 3348 1341; x_wconf 91' lang='lat' dir='ltr'><strong>ct</strong></span> <span class='ocrx_word' id='word_1_187' title='bbox 3370 1288 3465 1341; x_wconf 66' lang='lat' dir='ltr'><strong>be«</strong></span> 
     </span>
    </p>
   </div>
   <div class='ocr_carea' id='block_1_28' title="bbox 1872 1374 3464 1447">
    <p class='ocr_par' dir='ltr' id='par_1_28' title="bbox 1872 1374 3464 1447">
     <span class='ocr_line' id='line_1_28' title="bbox 1872 1374 3464 1447; baseline -0.006 -15"><span class='ocrx_word' id='word_1_188' title='bbox 1872 1392 1971 1447; x_wconf 81' lang='lat' dir='ltr'><strong>gos</strong></span> <span class='ocrx_word' id='word_1_189' title='bbox 2003 1378 2237 1431; x_wconf 83' lang='lat' dir='ltr'><strong>habeant</strong></span> <span class='ocrx_word' id='word_1_190' title='bbox 2275 1394 2289 1431; x_wconf 88' lang='lat'><strong>:</strong></span> <span class='ocrx_word' id='word_1_191' title='bbox 2318 1385 2579 1443; x_wconf 84' lang='lat' dir='ltr'><strong>utrosque</strong></span> <span class='ocrx_word' id='word_1_192' title='bbox 2612 1376 2883 1430; x_wconf 91' lang='lat' dir='ltr'><strong>minorum</strong></span> <span class='ocrx_word' id='word_1_193' title='bbox 2938 1374 3105 1446; x_wconf 75' lang='lat' dir='ltr'><strong>{quod</strong></span> <span class='ocrx_word' id='word_1_194' title='bbox 3137 1375 3309 1444; x_wconf 88' lang='lat' dir='ltr'><strong>aiunt)</strong></span> <span class='ocrx_word' id='word_1_195' title='bbox 3334 1391 3464 1446; x_wconf 88' lang='lat' dir='ltr'><strong>gen-</strong></span> 
     </span>
    </p>
   </div>
   <div class='ocr_carea' id='block_1_29' title="bbox 1870 1457 3462 1536">
    <p class='ocr_par' dir='ltr' id='par_1_29' title="bbox 1870 1457 3462 1536">
     <span class='ocr_line' id='line_1_29' title="bbox 1870 1457 3462 1536; baseline -0.003 -13"><span class='ocrx_word' id='word_1_196' title='bbox 1870 1468 2010 1523; x_wconf 89' lang='lat' dir='ltr'><strong>tium</strong></span> <span class='ocrx_word' id='word_1_197' title='bbox 2037 1468 2317 1530; x_wconf 86' lang='lat' dir='ltr'><strong>dominos,</strong></span> <span class='ocrx_word' id='word_1_198' title='bbox 2347 1466 2415 1521; x_wconf 92' lang='lat' dir='ltr'><strong>de</strong></span> <span class='ocrx_word' id='word_1_199' title='bbox 2446 1457 2650 1536; x_wconf 78' lang='lat' dir='ltr'><strong>quibus</strong></span> <span class='ocrx_word' id='word_1_200' title='bbox 2707 1481 2805 1520; x_wconf 88' lang='lat' dir='ltr'><strong>suo</strong></span> <span class='ocrx_word' id='word_1_201' title='bbox 2837 1467 2979 1520; x_wconf 90' lang='lat' dir='ltr'><strong>loco.</strong></span> <span class='ocrx_word' id='word_1_202' title='bbox 3024 1466 3230 1521; x_wconf 74' lang='lat' dir='ltr'><strong>Praetor</strong></span> <span class='ocrx_word' id='word_1_203' title='bbox 3290 1467 3462 1528; x_wconf 89' lang='lat' dir='ltr'><strong>addit,</strong></span> 
     </span>
    </p>
   </div>
   <div class='ocr_carea' id='block_1_30' title="bbox 1870 1544 3463 1628">
    <p class='ocr_par' dir='ltr' id='par_1_30' title="bbox 1870 1544 3463 1628">
     <span class='ocr_line' id='line_1_30' title="bbox 1870 1544 3463 1628; baseline -0.001 -17"><span class='ocrx_word' id='word_1_204' title='bbox 1870 1544 2107 1612; x_wconf 76' lang='lat' dir='ltr'><strong>cilicium</strong></span> <span class='ocrx_word' id='word_1_205' title='bbox 2180 1557 2629 1628; x_wconf 83' lang='lat' dir='ltr'><strong>beglerbegorum</strong></span> <span class='ocrx_word' id='word_1_206' title='bbox 2692 1557 3019 1625; x_wconf 89' lang='lat' dir='ltr'><strong>respondere</strong></span> <span class='ocrx_word' id='word_1_207' title='bbox 3080 1556 3331 1627; x_wconf 79' lang='lat' dir='ltr'><strong>dignitati</strong></span> <span class='ocrx_word' id='word_1_208' title='bbox 3380 1558 3463 1610; x_wconf 87' lang='lat' dir='ltr'><strong>vel</strong></span> 
     </span>
    </p>
   </div>
   <div class='ocr_carea' id='block_1_31' title="bbox 1870 1646 3457 1720">
    <p class='ocr_par' dir='ltr' id='par_1_31' title="bbox 1870 1646 3457 1720">
     <span class='ocr_line' id='line_1_31' title="bbox 1870 1646 3457 1720; baseline -0.003 -17"><span class='ocrx_word' id='word_1_209' title='bbox 1870 1649 2050 1705; x_wconf 87' lang='lat' dir='ltr'><strong>ollleio</strong></span> <span class='ocrx_word' id='word_1_210' title='bbox 2079 1650 2301 1705; x_wconf 79' lang='lat' dir='ltr'><strong>maximi</strong></span> <span class='ocrx_word' id='word_1_211' title='bbox 2327 1647 2762 1720; x_wconf 86' lang='lat' dir='ltr'><strong>stratopedarchi</strong></span> <span class='ocrx_word' id='word_1_212' title='bbox 2784 1662 2946 1717; x_wconf 93' lang='lat' dir='ltr'><strong>quem</strong></span> <span class='ocrx_word' id='word_1_213' title='bbox 2972 1662 3113 1701; x_wconf 89' lang='lat' dir='ltr'><strong>nunc</strong></span> <span class='ocrx_word' id='word_1_214' title='bbox 3143 1646 3457 1717; x_wconf 75' lang='lat' dir='ltr'><strong>generalem</strong></span> 
     </span>
    </p>
   </div>
   <div class='ocr_carea' id='block_1_32' title="bbox 1872 1738 3461 1811">
    <p class='ocr_par' dir='ltr' id='par_1_32' title="bbox 1872 1738 3461 1811">
     <span class='ocr_line' id='line_1_32' title="bbox 1872 1738 3461 1811; baseline -0.004 -14"><span class='ocrx_word' id='word_1_215' title='bbox 1872 1742 2048 1811; x_wconf 84' lang='lat' dir='ltr'><strong>campi</strong></span> <span class='ocrx_word' id='word_1_216' title='bbox 2080 1755 2277 1797; x_wconf 88' lang='lat' dir='ltr'><strong>vocare</strong></span> <span class='ocrx_word' id='word_1_217' title='bbox 2300 1741 2564 1795; x_wconf 87' lang='lat' dir='ltr'><strong>solemus.</strong></span> <span class='ocrx_word' id='word_1_218' title='bbox 2599 1738 2790 1793; x_wconf 82' lang='lat' dir='ltr'><strong>Itidem</strong></span> <span class='ocrx_word' id='word_1_219' title='bbox 2836 1739 3054 1793; x_wconf 87' lang='lat' dir='ltr'><strong>sultano</strong></span> <span class='ocrx_word' id='word_1_220' title='bbox 3120 1740 3461 1794; x_wconf 77' lang='lat' dir='ltr'><strong>servitextra</strong></span> 
     </span>
    </p>
   </div>
   <div class='ocr_carea' id='block_1_33' title="bbox 194 1828 3461 1915">
    <p class='ocr_par' dir='ltr' id='par_1_33' title="bbox 194 1828 3461 1915">
     <span class='ocr_line' id='line_1_33' title="bbox 194 1828 3461 1915; baseline -0.001 -33"><span class='ocrx_word' id='word_1_221' title='bbox 194 1830 305 1898; x_wconf 83' lang='lat' dir='ltr'><strong>ipsi</strong></span> <span class='ocrx_word' id='word_1_222' title='bbox 334 1832 552 1884; x_wconf 87' lang='lat' dir='ltr'><strong>sultano</strong></span> <span class='ocrx_word' id='word_1_223' title='bbox 577 1833 795 1900; x_wconf 84' lang='lat' dir='ltr'><strong>proprie</strong></span> <span class='ocrx_word' id='word_1_224' title='bbox 830 1838 1126 1901; x_wconf 81' lang='lat' dir='ltr'><strong>competat,</strong></span> <span class='ocrx_word' id='word_1_225' title='bbox 1179 1842 1236 1885; x_wconf 91' lang='lat' dir='ltr'><strong>ut</strong></span> <span class='ocrx_word' id='word_1_226' title='bbox 1286 1847 1448 1903; x_wconf 89' lang='lat' dir='ltr'><strong>supra</strong></span> <span class='ocrx_word' id='word_1_227' title='bbox 1505 1835 1763 1900; x_wconf 80' lang='lat' dir='ltr'><strong>diximus,</strong></span> <span class='ocrx_word' id='word_1_228' title='bbox 1800 1859 1842 1915; x_wconf 73' lang='grc' dir='ltr'>Β</span> <span class='ocrx_word' id='word_1_229' title='bbox 1875 1830 2117 1885; x_wconf 86' lang='lat' dir='ltr'><strong>saraium</strong></span> <span class='ocrx_word' id='word_1_230' title='bbox 2154 1830 2199 1884; x_wconf 89' lang='lat' dir='ltr'><strong>is</strong></span> <span class='ocrx_word' id='word_1_231' title='bbox 2231 1830 2323 1898; x_wconf 91' lang='lat' dir='ltr'><strong>qui</strong></span> <span class='ocrx_word' id='word_1_232' title='bbox 2383 1829 2585 1909; x_wconf 89' lang='lat' dir='ltr'><strong>dicitur</strong></span> <span class='ocrx_word' id='word_1_233' title='bbox 2647 1829 2787 1883; x_wconf 90' lang='lat' dir='ltr'><strong>emir</strong></span> <span class='ocrx_word' id='word_1_234' title='bbox 2831 1828 3033 1892; x_wconf 89' lang='lat' dir='ltr'><strong>halem,</strong></span> <span class='ocrx_word' id='word_1_235' title='bbox 3091 1828 3248 1897; x_wconf 90' lang='lat' dir='ltr'><strong>cujus</strong></span> <span class='ocrx_word' id='word_1_236' title='bbox 3300 1828 3461 1896; x_wconf 82' lang='lat' dir='ltr'><strong>paulo</strong></span> 
     </span>
    </p>
   </div>
   <div class='ocr_carea' id='block_1_34' title="bbox 192 1921 1768 1995">
    <p class='ocr_par' dir='ltr' id='par_1_34' title="bbox 192 1921 1768 1995">
     <span class='ocr_line' id='line_1_34' title="bbox 192 1921 1768 1995; baseline 0.004 -21"><span class='ocrx_word' id='word_1_237' title='bbox 192 1921 367 1975; x_wconf 85' lang='lat' dir='ltr'><strong>etiam</strong></span> <span class='ocrx_word' id='word_1_238' title='bbox 390 1922 556 1977; x_wconf 82' lang='lat' dir='ltr'><strong>certis</strong></span> <span class='ocrx_word' id='word_1_239' title='bbox 578 1923 632 1977; x_wconf 90' lang='lat' dir='ltr'><strong>in</strong></span> <span class='ocrx_word' id='word_1_240' title='bbox 654 1926 776 1977; x_wconf 84' lang='lat' dir='ltr'><strong>aula</strong></span> <span class='ocrx_word' id='word_1_241' title='bbox 802 1924 1074 1977; x_wconf 82' lang='lat' dir='ltr'><strong>tribuatur</strong></span> <span class='ocrx_word' id='word_1_242' title='bbox 1093 1923 1387 1980; x_wconf 77' lang='lat' dir='ltr'><strong>oﬂiciariis.</strong></span> <span class='ocrx_word' id='word_1_243' title='bbox 1410 1924 1620 1995; x_wconf 85' lang='lat' dir='ltr'><strong>Quippe</strong></span> <span class='ocrx_word' id='word_1_244' title='bbox 1638 1937 1768 1980; x_wconf 88' lang='lat' dir='ltr'><strong>sunt</strong></span> 
     </span>
    </p>
   </div>
   <div class='ocr_carea' id='block_1_35' title="bbox 190 2012 1766 2091">
    <p class='ocr_par' dir='ltr' id='par_1_35' title="bbox 190 2012 1766 2091">
     <span class='ocr_line' id='line_1_35' title="bbox 190 2012 1766 2091; baseline 0.004 -24"><span class='ocrx_word' id='word_1_245' title='bbox 190 2018 261 2067; x_wconf 78' lang='lat' dir='ltr'><strong>ad</strong></span> <span class='ocrx_word' id='word_1_246' title='bbox 297 2012 538 2087; x_wconf 74' lang='lat' dir='ltr'><strong>Portam,</strong></span> <span class='ocrx_word' id='word_1_247' title='bbox 569 2016 708 2069; x_wconf 91' lang='lat' dir='ltr'><strong>emir</strong></span> <span class='ocrx_word' id='word_1_248' title='bbox 746 2016 957 2081; x_wconf 80' lang='lat' dir='ltr'><strong>Halem,</strong></span> <span class='ocrx_word' id='word_1_249' title='bbox 989 2017 1157 2086; x_wconf 86' lang='lat' dir='ltr'><strong>Bujuc</strong></span> <span class='ocrx_word' id='word_1_250' title='bbox 1201 2019 1341 2073; x_wconf 92' lang='lat' dir='ltr'><strong>emir</strong></span> <span class='ocrx_word' id='word_1_251' title='bbox 1387 2018 1590 2082; x_wconf 84' lang='lat' dir='ltr'><strong>Achur,</strong></span> <span class='ocrx_word' id='word_1_252' title='bbox 1652 2020 1766 2091; x_wconf 85' lang='lat' dir='ltr'><strong>(qui</strong></span> 
     </span>
    </p>
   </div>
   <div class='ocr_carea' id='block_1_36' title="bbox 190 2106 1768 2181">
    <p class='ocr_par' dir='ltr' id='par_1_36' title="bbox 190 2106 1768 2181">
     <span class='ocr_line' id='line_1_36' title="bbox 190 2106 1768 2181; baseline 0.004 -22"><span class='ocrx_word' id='word_1_253' title='bbox 190 2108 426 2161; x_wconf 66' lang='lat' dir='ltr'><strong>Praetori</strong></span> <span class='ocrx_word' id='word_1_254' title='bbox 460 2107 624 2160; x_wconf 87' lang='lat' dir='ltr'><strong>etiam</strong></span> <span class='ocrx_word' id='word_1_255' title='bbox 657 2106 816 2177; x_wconf 61' lang='lat'><strong>503</strong></span> <span class='ocrx_word' id='word_1_256' title='bbox 863 2108 1082 2163; x_wconf 62' lang='lat' dir='ltr'><strong>Graecia:</strong></span> <span class='ocrx_word' id='word_1_257' title='bbox 1135 2122 1322 2164; x_wconf 90' lang='lat' dir='ltr'><strong>nostro</strong></span> <span class='ocrx_word' id='word_1_258' title='bbox 1367 2112 1768 2181; x_wconf 70' lang='lat' dir='ltr'><strong>Amyrathures</strong></span> 
     </span>
    </p>
   </div>
   <div class='ocr_carea' id='block_1_37' title="bbox 189 2200 1768 2269">
    <p class='ocr_par' dir='ltr' id='par_1_37' title="bbox 189 2200 1768 2269">
     <span class='ocr_line' id='line_1_37' title="bbox 189 2200 1768 2269; baseline 0.004 -16"><span class='ocrx_word' id='word_1_259' title='bbox 189 2201 420 2269; x_wconf 88' lang='lat' dir='ltr'><strong>dicitur)</strong></span> <span class='ocrx_word' id='word_1_260' title='bbox 456 2211 509 2255; x_wconf 88' lang='lat' dir='ltr'><strong>et</strong></span> <span class='ocrx_word' id='word_1_261' title='bbox 540 2200 757 2255; x_wconf 84' lang='lat' dir='ltr'><strong>Cudzuc</strong></span> <span class='ocrx_word' id='word_1_262' title='bbox 785 2202 923 2255; x_wconf 90' lang='lat' dir='ltr'><strong>emir</strong></span> <span class='ocrx_word' id='word_1_263' title='bbox 958 2203 1161 2255; x_wconf 80' lang='lat' dir='ltr'><strong>Achur.</strong></span> <span class='ocrx_word' id='word_1_264' title='bbox 1194 2201 1371 2257; x_wconf 76' lang='lat' dir='ltr'><strong>Basste</strong></span> <span class='ocrx_word' id='word_1_265' title='bbox 1410 2220 1607 2258; x_wconf 86' lang='lat' dir='ltr'><strong>nomen</strong></span> <span class='ocrx_word' id='word_1_266' title='bbox 1665 2206 1768 2259; x_wconf 91' lang='lat' dir='ltr'><strong>hoc</strong></span> 
     </span>
    </p>
   </div>
   <div class='ocr_carea' id='block_1_38' title="bbox 191 2292 1764 2363">
    <p class='ocr_par' dir='ltr' id='par_1_38' title="bbox 191 2292 1764 2363">
     <span class='ocr_line' id='line_1_38' title="bbox 191 2292 1764 2363; baseline 0.002 -18"><span class='ocrx_word' id='word_1_267' title='bbox 191 2302 443 2360; x_wconf 86' lang='lat' dir='ltr'><strong>tempore</strong></span> <span class='ocrx_word' id='word_1_268' title='bbox 473 2292 631 2346; x_wconf 86' lang='lat' dir='ltr'><strong>datur</strong></span> <span class='ocrx_word' id='word_1_269' title='bbox 656 2292 722 2347; x_wconf 89' lang='lat' dir='ltr'><strong>iis</strong></span> <span class='ocrx_word' id='word_1_270' title='bbox 752 2293 1012 2359; x_wconf 86' lang='lat' dir='ltr'><strong>primum,</strong></span> <span class='ocrx_word' id='word_1_271' title='bbox 1054 2295 1148 2363; x_wconf 91' lang='lat' dir='ltr'><strong>qui</strong></span> <span class='ocrx_word' id='word_1_272' title='bbox 1178 2295 1420 2348; x_wconf 82' lang='lat' dir='ltr'><strong>veziruin</strong></span> <span class='ocrx_word' id='word_1_273' title='bbox 1446 2296 1764 2363; x_wconf 87' lang='lat' dir='ltr'><strong>dignitatem</strong></span> 
     </span>
    </p>
   </div>
   <div class='ocr_carea' id='block_1_39' title="bbox 188 2383 1768 2454">
    <p class='ocr_par' dir='ltr' id='par_1_39' title="bbox 188 2383 1768 2454">
     <span class='ocr_line' id='line_1_39' title="bbox 188 2383 1768 2454; baseline 0.002 -17"><span class='ocrx_word' id='word_1_274' title='bbox 188 2384 447 2437; x_wconf 84' lang='lat' dir='ltr'><strong>obtinent</strong></span> <span class='ocrx_word' id='word_1_275' title='bbox 478 2400 493 2435; x_wconf 90' lang='lat'><strong>:</strong></span> <span class='ocrx_word' id='word_1_276' title='bbox 526 2383 721 2437; x_wconf 83' lang='lat' dir='ltr'><strong>deinde</strong></span> <span class='ocrx_word' id='word_1_277' title='bbox 750 2384 1108 2453; x_wconf 88' lang='lat' dir='ltr'><strong>beglerbegis.</strong></span> <span class='ocrx_word' id='word_1_278' title='bbox 1129 2384 1247 2454; x_wconf 89' lang='lat' dir='ltr'><strong>lpsa</strong></span> <span class='ocrx_word' id='word_1_279' title='bbox 1268 2387 1482 2440; x_wconf 88' lang='lat' dir='ltr'><strong>nomina</strong></span> <span class='ocrx_word' id='word_1_280' title='bbox 1509 2402 1632 2440; x_wconf 88' lang='lat' dir='ltr'><strong>cum</strong></span> <span class='ocrx_word' id='word_1_281' title='bbox 1662 2386 1768 2440; x_wconf 85' lang='lat' dir='ltr'><strong>olli-</strong></span> 
     </span>
    </p>
   </div>
   <div class='ocr_carea' id='block_1_40' title="bbox 188 2472 1768 2545">
    <p class='ocr_par' dir='ltr' id='par_1_40' title="bbox 188 2472 1768 2545">
     <span class='ocr_line' id='line_1_40' title="bbox 188 2472 1768 2545; baseline 0.003 -18"><span class='ocrx_word' id='word_1_282' title='bbox 188 2474 317 2535; x_wconf 90' lang='lat' dir='ltr'><strong>ciis,</strong></span> <span class='ocrx_word' id='word_1_283' title='bbox 355 2487 457 2526; x_wconf 87' lang='lat' dir='ltr'><strong>suo</strong></span> <span class='ocrx_word' id='word_1_284' title='bbox 482 2472 906 2527; x_wconf 88' lang='lat' dir='ltr'><strong>declarabuntur</strong></span> <span class='ocrx_word' id='word_1_285' title='bbox 936 2488 965 2526; x_wconf 93' lang='lat' dir='ltr'><strong>a</strong></span> <span class='ocrx_word' id='word_1_286' title='bbox 998 2474 1153 2530; x_wconf 86' lang='lat' dir='ltr'><strong>nobis</strong></span> <span class='ocrx_word' id='word_1_287' title='bbox 1203 2476 1321 2529; x_wconf 91' lang='lat' dir='ltr'><strong>loco</strong></span> <span class='ocrx_word' id='word_1_288' title='bbox 1347 2477 1636 2545; x_wconf 85' lang='lat' dir='ltr'><strong>prolixius.</strong></span> <span class='ocrx_word' id='word_1_289' title='bbox 1673 2477 1768 2531; x_wconf 88' lang='lat' dir='ltr'><strong>llic</strong></span> 
     </span>
    </p>
   </div>
   <div class='ocr_carea' id='block_1_41' title="bbox 190 2562 1764 2637">
    <p class='ocr_par' dir='ltr' id='par_1_41' title="bbox 190 2562 1764 2637">
     <span class='ocr_line' id='line_1_41' title="bbox 190 2562 1764 2637; baseline 0.002 -20"><span class='ocrx_word' id='word_1_290' title='bbox 190 2567 393 2633; x_wconf 78' lang='lat' dir='ltr'><strong>paucis</strong></span> <span class='ocrx_word' id='word_1_291' title='bbox 426 2564 585 2626; x_wconf 84' lang='lat' dir='ltr'><strong>addo,</strong></span> <span class='ocrx_word' id='word_1_292' title='bbox 612 2562 786 2618; x_wconf 57' lang='lat' dir='ltr'><strong>Porta;</strong></span> <span class='ocrx_word' id='word_1_293' title='bbox 809 2564 1114 2619; x_wconf 78' lang='lat' dir='ltr'><strong>Osmanica:</strong></span> <span class='ocrx_word' id='word_1_294' title='bbox 1135 2566 1302 2619; x_wconf 90' lang='lat' dir='ltr'><strong>duum</strong></span> <span class='ocrx_word' id='word_1_295' title='bbox 1359 2582 1480 2620; x_wconf 77' lang='lat' dir='ltr'><strong>esse</strong></span> <span class='ocrx_word' id='word_1_296' title='bbox 1510 2581 1764 2637; x_wconf 77' lang='lat' dir='ltr'><strong>generum</strong></span> 
     </span>
    </p>
   </div>
   <div class='ocr_carea' id='block_1_42' title="bbox 189 2656 1767 2723">
    <p class='ocr_par' dir='ltr' id='par_1_42' title="bbox 189 2656 1767 2723">
     <span class='ocr_line' id='line_1_42' title="bbox 189 2656 1767 2723; baseline 0.001 -14"><span class='ocrx_word' id='word_1_297' title='bbox 189 2656 375 2709; x_wconf 73' lang='lat' dir='ltr'><strong>ollicia</strong></span> <span class='ocrx_word' id='word_1_298' title='bbox 410 2673 424 2708; x_wconf 90' lang='lat'><strong>:</strong></span> <span class='ocrx_word' id='word_1_299' title='bbox 453 2672 685 2723; x_wconf 90' lang='lat' dir='ltr'><strong>quorum</strong></span> <span class='ocrx_word' id='word_1_300' title='bbox 710 2656 811 2709; x_wconf 87' lang='lat' dir='ltr'><strong>alia</strong></span> <span class='ocrx_word' id='word_1_301' title='bbox 850 2658 1169 2711; x_wconf 87' lang='lat' dir='ltr'><strong>ministeriis</strong></span> <span class='ocrx_word' id='word_1_302' title='bbox 1200 2657 1467 2712; x_wconf 86' lang='lat' dir='ltr'><strong>obeundis</strong></span> <span class='ocrx_word' id='word_1_303' title='bbox 1508 2662 1646 2711; x_wconf 77' lang='lat' dir='ltr'><strong>intra</strong></span> <span class='ocrx_word' id='word_1_304' title='bbox 1682 2676 1767 2712; x_wconf 86' lang='lat' dir='ltr'><strong>sa-</strong></span> 
     </span>
    </p>
   </div>
   <div class='ocr_carea' id='block_1_43' title="bbox 190 2748 1767 2819">
    <p class='ocr_par' dir='ltr' id='par_1_43' title="bbox 190 2748 1767 2819">
     <span class='ocr_line' id='line_1_43' title="bbox 190 2748 1767 2819; baseline 0.003 -19"><span class='ocrx_word' id='word_1_305' title='bbox 190 2748 378 2801; x_wconf 88' lang='lat' dir='ltr'><strong>raium</strong></span> <span class='ocrx_word' id='word_1_306' title='bbox 404 2749 604 2801; x_wconf 88' lang='lat' dir='ltr'><strong>sultaui</strong></span> <span class='ocrx_word' id='word_1_307' title='bbox 635 2750 907 2802; x_wconf 83' lang='lat' dir='ltr'><strong>destinata</strong></span> <span class='ocrx_word' id='word_1_308' title='bbox 941 2756 1091 2813; x_wconf 88' lang='lat' dir='ltr'><strong>sunt,</strong></span> <span class='ocrx_word' id='word_1_309' title='bbox 1126 2750 1230 2803; x_wconf 89' lang='lat' dir='ltr'><strong>alia</strong></span> <span class='ocrx_word' id='word_1_310' title='bbox 1275 2752 1641 2819; x_wconf 87' lang='lat' dir='ltr'><strong>procurandis</strong></span> <span class='ocrx_word' id='word_1_311' title='bbox 1673 2767 1767 2804; x_wconf 82' lang='lat' dir='ltr'><strong>ne-</strong></span> 
     </span>
    </p>
   </div>
   <div class='ocr_carea' id='block_1_44' title="bbox 188 2840 1770 2908">
    <p class='ocr_par' dir='ltr' id='par_1_44' title="bbox 188 2840 1770 2908">
     <span class='ocr_line' id='line_1_44' title="bbox 188 2840 1770 2908; baseline 0.004 -17"><span class='ocrx_word' id='word_1_312' title='bbox 188 2840 364 2908; x_wconf 83' lang='lat' dir='ltr'><strong>gotiis</strong></span> <span class='ocrx_word' id='word_1_313' title='bbox 392 2840 629 2907; x_wconf 88' lang='lat' dir='ltr'><strong>publicis</strong></span> <span class='ocrx_word' id='word_1_314' title='bbox 655 2849 809 2893; x_wconf 83' lang='lat' dir='ltr'><strong>extra</strong></span> <span class='ocrx_word' id='word_1_315' title='bbox 849 2842 1109 2894; x_wconf 87' lang='lat' dir='ltr'><strong>saraium.</strong></span> <span class='ocrx_word' id='word_1_316' title='bbox 1168 2841 1233 2893; x_wconf 90' lang='lat' dir='ltr'><strong>Et</strong></span> <span class='ocrx_word' id='word_1_317' title='bbox 1274 2844 1511 2895; x_wconf 85' lang='lat' dir='ltr'><strong>saraium</strong></span> <span class='ocrx_word' id='word_1_318' title='bbox 1577 2842 1770 2897; x_wconf 83' lang='lat' dir='ltr'><strong>Turcis</strong></span> 
     </span>
    </p>
   </div>
   <div class='ocr_carea' id='block_1_45' title="bbox 188 2931 1767 3003">
    <p class='ocr_par' dir='ltr' id='par_1_45' title="bbox 188 2931 1767 3003">
     <span class='ocr_line' id='line_1_45' title="bbox 188 2931 1767 3003; baseline 0.003 -20"><span class='ocrx_word' id='word_1_319' title='bbox 188 2931 462 2999; x_wconf 84' lang='lat' dir='ltr'><strong>palatium</strong></span> <span class='ocrx_word' id='word_1_320' title='bbox 495 2931 755 2999; x_wconf 85' lang='lat' dir='ltr'><strong>principis</strong></span> <span class='ocrx_word' id='word_1_321' title='bbox 786 2942 887 2996; x_wconf 91' lang='lat' dir='ltr'><strong>est,</strong></span> <span class='ocrx_word' id='word_1_322' title='bbox 921 2933 1003 2986; x_wconf 86' lang='lat' dir='ltr'><strong>vel</strong></span> <span class='ocrx_word' id='word_1_323' title='bbox 1038 2933 1182 2986; x_wconf 87' lang='lat' dir='ltr'><strong>aliud</strong></span> <span class='ocrx_word' id='word_1_324' title='bbox 1220 2936 1457 3003; x_wconf 89' lang='lat' dir='ltr'><strong>amplum</strong></span> <span class='ocrx_word' id='word_1_325' title='bbox 1480 2934 1767 2987; x_wconf 81' lang='lat' dir='ltr'><strong>a-dilicium</strong></span> 
     </span>
    </p>
   </div>
   <div class='ocr_carea' id='block_1_46' title="bbox 186 3022 1768 3095">
    <p class='ocr_par' dir='ltr' id='par_1_46' title="bbox 186 3022 1768 3095">
     <span class='ocr_line' id='line_1_46' title="bbox 186 3022 1768 3095; baseline 0.001 -20"><span class='ocrx_word' id='word_1_326' title='bbox 186 3037 359 3075; x_wconf 87' lang='lat' dir='ltr'><strong>nona</strong></span> <span class='ocrx_word' id='word_1_327' title='bbox 398 3023 536 3075; x_wconf 85' lang='lat' dir='ltr'><strong>Czar</strong></span> <span class='ocrx_word' id='word_1_328' title='bbox 580 3037 711 3077; x_wconf 84' lang='lat' dir='ltr'><strong>voce</strong></span> <span class='ocrx_word' id='word_1_329' title='bbox 759 3022 1026 3087; x_wconf 85' lang='lat' dir='ltr'><strong>&#39;l‘atarica,</strong></span> <span class='ocrx_word' id='word_1_330' title='bbox 1071 3041 1193 3094; x_wconf 66' lang='lat' dir='ltr'><strong>qua}</strong></span> <span class='ocrx_word' id='word_1_331' title='bbox 1242 3041 1420 3095; x_wconf 85' lang='lat' dir='ltr'><strong>regem</strong></span> <span class='ocrx_word' id='word_1_332' title='bbox 1478 3025 1768 3094; x_wconf 79' lang='lat' dir='ltr'><strong>significat,</strong></span> 
     </span>
    </p>
   </div>
   <div class='ocr_carea' id='block_1_47' title="bbox 184 3115 1766 3185">
    <p class='ocr_par' dir='ltr' id='par_1_47' title="bbox 184 3115 1766 3185">
     <span class='ocr_line' id='line_1_47' title="bbox 184 3115 1766 3185; baseline 0.003 -16"><span class='ocrx_word' id='word_1_333' title='bbox 184 3117 410 3170; x_wconf 80' lang='lat' dir='ltr'><strong>dictum</strong></span> <span class='ocrx_word' id='word_1_334' title='bbox 446 3130 459 3166; x_wconf 86' lang='lat'><strong>:</strong></span> <span class='ocrx_word' id='word_1_335' title='bbox 490 3116 631 3169; x_wconf 87' lang='lat' dir='ltr'><strong>unde</strong></span> <span class='ocrx_word' id='word_1_336' title='bbox 658 3116 979 3169; x_wconf 71' lang='lat' dir='ltr'><strong>Beincccius</strong></span> <span class='ocrx_word' id='word_1_337' title='bbox 1005 3115 1302 3185; x_wconf 80' lang='lat' dir='ltr'><strong>Saragliain</strong></span> <span class='ocrx_word' id='word_1_338' title='bbox 1356 3117 1547 3172; x_wconf 85' lang='lat' dir='ltr'><strong>Turcis</strong></span> <span class='ocrx_word' id='word_1_339' title='bbox 1582 3121 1766 3173; x_wconf 88' lang='lat' dir='ltr'><strong>vocari</strong></span> 
     </span>
    </p>
   </div>
   <div class='ocr_carea' id='block_1_48' title="bbox 182 3196 1847 3277">
    <p class='ocr_par' dir='ltr' id='par_1_48' title="bbox 182 3196 1847 3277">
     <span class='ocr_line' id='line_1_48' title="bbox 182 3196 1847 3277; baseline 0.005 -18"><span class='ocrx_word' id='word_1_340' title='bbox 182 3218 378 3277; x_wconf 89' lang='lat' dir='ltr'><strong>putat,</strong></span> <span class='ocrx_word' id='word_1_341' title='bbox 407 3217 467 3260; x_wconf 92' lang='lat' dir='ltr'><strong>ut</strong></span> <span class='ocrx_word' id='word_1_342' title='bbox 499 3210 728 3277; x_wconf 87' lang='lat' dir='ltr'><strong>regiam.</strong></span> <span class='ocrx_word' id='word_1_343' title='bbox 756 3209 890 3261; x_wconf 79' lang='lat' dir='ltr'><strong>Nam</strong></span> <span class='ocrx_word' id='word_1_344' title='bbox 923 3209 1041 3262; x_wconf 76' lang='lat' dir='ltr'><strong>alite</strong></span> <span class='ocrx_word' id='word_1_345' title='bbox 1082 3224 1300 3277; x_wconf 86' lang='lat' dir='ltr'><strong>quoque</strong></span> <span class='ocrx_word' id='word_1_346' title='bbox 1354 3212 1569 3274; x_wconf 72' lang='lat' dir='ltr'><strong>donius,</strong></span> <span class='ocrx_word' id='word_1_347' title='bbox 1626 3222 1776 3267; x_wconf 82' lang='lat' dir='ltr'><strong>extra</strong></span> <span class='ocrx_word' id='word_1_348' title='bbox 1803 3196 1847 3255; x_wconf 70' lang='grc' dir='ltr'><strong>θ</strong></span> 
     </span>
    </p>
   </div>
   <div class='ocr_carea' id='block_1_49' title="bbox 180 3302 1775 3373">
    <p class='ocr_par' dir='ltr' id='par_1_49' title="bbox 180 3302 1775 3373">
     <span class='ocr_line' id='line_1_49' title="bbox 180 3302 1775 3373; baseline 0.003 -19"><span class='ocrx_word' id='word_1_349' title='bbox 180 3302 407 3354; x_wconf 83' lang='lat' dir='ltr'><strong>sultaui</strong></span> <span class='ocrx_word' id='word_1_350' title='bbox 445 3302 895 3369; x_wconf 84' lang='lat' dir='ltr'><strong>regiam,&#39;nomen</strong></span> <span class='ocrx_word' id='word_1_351' title='bbox 943 3303 1044 3355; x_wconf 93' lang='lat' dir='ltr'><strong>hoc</strong></span> <span class='ocrx_word' id='word_1_352' title='bbox 1070 3302 1293 3354; x_wconf 76' lang='lat' dir='ltr'><strong>ferunt:</strong></span> <span class='ocrx_word' id='word_1_353' title='bbox 1334 3316 1390 3355; x_wconf 92' lang='lat' dir='ltr'><strong>ut</strong></span> <span class='ocrx_word' id='word_1_354' title='bbox 1447 3305 1573 3368; x_wconf 79' lang='lat' dir='ltr'><strong>illze,</strong></span> <span class='ocrx_word' id='word_1_355' title='bbox 1638 3320 1775 3373; x_wconf 85' lang='lat' dir='ltr'><strong>quas</strong></span> 
     </span>
    </p>
   </div>
   <div class='ocr_carea' id='block_1_50' title="bbox 177 3393 1773 3461">
    <p class='ocr_par' dir='ltr' id='par_1_50' title="bbox 177 3393 1773 3461">
     <span class='ocr_line' id='line_1_50' title="bbox 177 3393 1773 3461; baseline 0.003 -16"><span class='ocrx_word' id='word_1_356' title='bbox 177 3395 545 3446; x_wconf 88' lang='lat' dir='ltr'><strong>sultanorum</strong></span> <span class='ocrx_word' id='word_1_357' title='bbox 581 3393 916 3447; x_wconf 72' lang='lat' dir='ltr'><strong>muliercula:</strong></span> <span class='ocrx_word' id='word_1_358' title='bbox 957 3394 1071 3447; x_wconf 88' lang='lat' dir='ltr'><strong>sive</strong></span> <span class='ocrx_word' id='word_1_359' title='bbox 1097 3396 1420 3449; x_wconf 76' lang='lat' dir='ltr'><strong>concubinze</strong></span> <span class='ocrx_word' id='word_1_360' title='bbox 1448 3397 1773 3461; x_wconf 83' lang='lat' dir='ltr'><strong>inhabitant,</strong></span> 
     </span>
    </p>
   </div>
   <div class='ocr_carea' id='block_1_51' title="bbox 176 3482 1774 3554">
    <p class='ocr_par' dir='ltr' id='par_1_51' title="bbox 176 3482 1774 3554">
     <span class='ocr_line' id='line_1_51' title="bbox 176 3482 1774 3554; baseline 0.004 -19"><span class='ocrx_word' id='word_1_361' title='bbox 176 3494 243 3536; x_wconf 84' lang='lat' dir='ltr'><strong>ut</strong></span> <span class='ocrx_word' id='word_1_362' title='bbox 276 3482 867 3550; x_wconf 80' lang='lat' dir='ltr'><strong>Atscbamoglanorum</strong></span> <span class='ocrx_word' id='word_1_363' title='bbox 918 3485 1082 3550; x_wconf 68' lang='lat' dir='ltr'><strong>aedes,</strong></span> <span class='ocrx_word' id='word_1_364' title='bbox 1135 3495 1194 3538; x_wconf 91' lang='lat' dir='ltr'><strong>ut</strong></span> <span class='ocrx_word' id='word_1_365' title='bbox 1241 3487 1415 3554; x_wconf 86' lang='lat' dir='ltr'><strong>ampla</strong></span> <span class='ocrx_word' id='word_1_366' title='bbox 1474 3486 1774 3543; x_wconf 89' lang='lat' dir='ltr'><strong>Tureorum</strong></span> 
     </span>
    </p>
   </div>
   <div class='ocr_carea' id='block_1_52' title="bbox 177 3573 1776 3649">
    <p class='ocr_par' dir='ltr' id='par_1_52' title="bbox 177 3573 1776 3649">
     <span class='ocr_line' id='line_1_52' title="bbox 177 3573 1776 3649; baseline 0.003 -20"><span class='ocrx_word' id='word_1_367' title='bbox 177 3575 463 3638; x_wconf 65' lang='lat' dir='ltr'><strong>hosnitia.</strong></span> <span class='ocrx_word' id='word_1_368' title='bbox 497 3573 611 3628; x_wconf 85' lang='lat' dir='ltr'><strong>sive</strong></span> <span class='ocrx_word' id='word_1_369' title='bbox 642 3575 944 3630; x_wconf 89' lang='lat' dir='ltr'><strong>diversoria</strong></span> <span class='ocrx_word' id='word_1_370' title='bbox 976 3576 1213 3644; x_wconf 85' lang='lat' dir='ltr'><strong>publica,</strong></span> <span class='ocrx_word' id='word_1_371' title='bbox 1278 3593 1412 3647; x_wconf 88' lang='lat' dir='ltr'><strong>quas</strong></span> <span class='ocrx_word' id='word_1_372' title='bbox 1440 3581 1596 3649; x_wconf 86' lang='lat' dir='ltr'><strong>vulgo</strong></span> <span class='ocrx_word' id='word_1_373' title='bbox 1627 3596 1776 3634; x_wconf 88' lang='lat' dir='ltr'><strong>cara-</strong></span> 
     </span>
    </p>
   </div>
   <div class='ocr_carea' id='block_1_53' title="bbox 174 3666 1773 3737">
    <p class='ocr_par' dir='ltr' id='par_1_53' title="bbox 174 3666 1773 3737">
     <span class='ocr_line' id='line_1_53' title="bbox 174 3666 1773 3737; baseline 0.005 -18"><span class='ocrx_word' id='word_1_374' title='bbox 174 3686 196 3719; x_wconf 65' lang='grc' dir='ltr'><strong>κ</strong></span> <span class='ocrx_word' id='word_1_375' title='bbox 212 3668 451 3721; x_wconf 85' lang='lat' dir='ltr'><strong>asarias</strong></span> <span class='ocrx_word' id='word_1_376' title='bbox 479 3667 645 3721; x_wconf 87' lang='lat' dir='ltr'><strong>nostri</strong></span> <span class='ocrx_word' id='word_1_377' title='bbox 668 3675 886 3721; x_wconf 73' lang='lat' dir='ltr'><strong>vocant.</strong></span> <span class='ocrx_word' id='word_1_378' title='bbox 911 3667 1117 3737; x_wconf 85' lang='lat' dir='ltr'><strong>Quippe</strong></span> <span class='ocrx_word' id='word_1_379' title='bbox 1138 3666 1377 3723; x_wconf 86' lang='lat' dir='ltr'><strong>aTureis</strong></span> <span class='ocrx_word' id='word_1_380' title='bbox 1397 3676 1773 3727; x_wconf 87' lang='lat' dir='ltr'><strong>caravansarai</strong></span> 
     </span>
    </p>
   </div>
   <div class='ocr_carea' id='block_1_54' title="bbox 169 3753 1777 3820">
    <p class='ocr_par' dir='ltr' id='par_1_54' title="bbox 169 3753 1777 3820">
     <span class='ocr_line' id='line_1_54' title="bbox 169 3753 1777 3820; baseline 0.005 -11"><span class='ocrx_word' id='word_1_381' title='bbox 169 3756 273 3809; x_wconf 76' lang='lat' dir='ltr'><strong>vel</strong></span> <span class='ocrx_word' id='word_1_382' title='bbox 310 3753 464 3808; x_wconf 68' lang='lat' dir='ltr'><strong>serui</strong></span> <span class='ocrx_word' id='word_1_383' title='bbox 491 3754 776 3817; x_wconf 89' lang='lat' dir='ltr'><strong>dicuntur,</strong></span> <span class='ocrx_word' id='word_1_384' title='bbox 803 3754 907 3808; x_wconf 86' lang='lat' dir='ltr'><strong>hoc</strong></span> <span class='ocrx_word' id='word_1_385' title='bbox 933 3765 1039 3820; x_wconf 80' lang='lat' dir='ltr'><strong>est,</strong></span> <span class='ocrx_word' id='word_1_386' title='bbox 1074 3756 1304 3811; x_wconf 62' lang='lat' dir='ltr'><strong>adiﬁeia</strong></span> <span class='ocrx_word' id='word_1_387' title='bbox 1332 3759 1602 3815; x_wconf 87' lang='lat' dir='ltr'><strong>destinata</strong></span> <span class='ocrx_word' id='word_1_388' title='bbox 1622 3778 1777 3817; x_wconf 84' lang='lat' dir='ltr'><strong>cara-</strong></span> 
     </span>
    </p>
   </div>
   <div class='ocr_carea' id='block_1_55' title="bbox 165 3846 1771 3923">
    <p class='ocr_par' dir='ltr' id='par_1_55' title="bbox 165 3846 1771 3923">
     <span class='ocr_line' id='line_1_55' title="bbox 165 3846 1771 3923; baseline 0.006 -24"><span class='ocrx_word' id='word_1_389' title='bbox 165 3847 387 3907; x_wconf 84' lang='lat' dir='ltr'><strong>vanis,</strong></span> <span class='ocrx_word' id='word_1_390' title='bbox 432 3861 551 3914; x_wconf 65' lang='lat' dir='ltr'><strong>qua:</strong></span> <span class='ocrx_word' id='word_1_391' title='bbox 582 3846 859 3901; x_wconf 84' lang='lat' dir='ltr'><strong>hominum</strong></span> <span class='ocrx_word' id='word_1_392' title='bbox 892 3851 1107 3919; x_wconf 86' lang='lat' dir='ltr'><strong>agmina</strong></span> <span class='ocrx_word' id='word_1_393' title='bbox 1141 3860 1270 3905; x_wconf 81' lang='lat' dir='ltr'><strong>sunt</strong></span> <span class='ocrx_word' id='word_1_394' title='bbox 1313 3867 1437 3906; x_wconf 93' lang='lat' dir='ltr'><strong>cum</strong></span> <span class='ocrx_word' id='word_1_395' title='bbox 1493 3855 1771 3923; x_wconf 84' lang='lat' dir='ltr'><strong>jumentis,</strong></span> 
     </span>
    </p>
   </div>
   <div class='ocr_carea' id='block_1_56' title="bbox 164 3939 1772 4015">
    <p class='ocr_par' dir='ltr' id='par_1_56' title="bbox 164 3939 1772 4015">
     <span class='ocr_line' id='line_1_56' title="bbox 164 3939 1772 4015; baseline 0.005 -22"><span class='ocrx_word' id='word_1_396' title='bbox 164 3941 250 3993; x_wconf 87' lang='lat' dir='ltr'><strong>ob</strong></span> <span class='ocrx_word' id='word_1_397' title='bbox 296 3939 570 3991; x_wconf 86' lang='lat' dir='ltr'><strong>itinerum</strong></span> <span class='ocrx_word' id='word_1_398' title='bbox 602 3940 836 4007; x_wconf 81' lang='lat' dir='ltr'><strong>pericula</strong></span> <span class='ocrx_word' id='word_1_399' title='bbox 861 3944 1140 3994; x_wconf 89' lang='lat' dir='ltr'><strong>turmatim</strong></span> <span class='ocrx_word' id='word_1_400' title='bbox 1191 3958 1249 3997; x_wconf 88' lang='lat' dir='ltr'><strong>se</strong></span> <span class='ocrx_word' id='word_1_401' title='bbox 1299 3947 1772 4015; x_wconf 89' lang='lat' dir='ltr'><strong>conjungentium.</strong></span> 
     </span>
    </p>
   </div>
   <div class='ocr_carea' id='block_1_57' title="bbox 159 4028 1777 4102">
    <p class='ocr_par' dir='ltr' id='par_1_57' title="bbox 159 4028 1777 4102">
     <span class='ocr_line' id='line_1_57' title="bbox 159 4028 1777 4102; baseline 0.006 -19"><span class='ocrx_word' id='word_1_402' title='bbox 159 4028 443 4084; x_wconf 84' lang='lat' dir='ltr'><strong>Consule</strong></span> <span class='ocrx_word' id='word_1_403' title='bbox 472 4028 649 4083; x_wconf 81' lang='lat' dir='ltr'><strong>dehis</strong></span> <span class='ocrx_word' id='word_1_404' title='bbox 690 4029 936 4097; x_wconf 88' lang='lat' dir='ltr'><strong>exposita</strong></span> <span class='ocrx_word' id='word_1_405' title='bbox 998 4031 1261 4099; x_wconf 73' lang='lat' dir='ltr'><strong>prolixius</strong></span> <span class='ocrx_word' id='word_1_406' title='bbox 1324 4038 1503 4102; x_wconf 86' lang='lat' dir='ltr'><strong>capite</strong></span> <span class='ocrx_word' id='word_1_407' title='bbox 1544 4036 1670 4091; x_wconf 69' lang='grc'><strong>267.</strong></span> <span class='ocrx_word' id='word_1_408' title='bbox 1702 4038 1777 4092; x_wconf 89' lang='lat' dir='ltr'><strong>De</strong></span> 
     </span>
    </p>
   </div>
   <div class='ocr_carea' id='block_1_58' title="bbox 158 4118 1771 4183">
    <p class='ocr_par' dir='ltr' id='par_1_58' title="bbox 158 4118 1771 4183">
     <span class='ocr_line' id='line_1_58' title="bbox 158 4118 1771 4183; baseline 0.004 -12"><span class='ocrx_word' id='word_1_409' title='bbox 158 4119 398 4172; x_wconf 86' lang='lat' dir='ltr'><strong>olliciis</strong></span> <span class='ocrx_word' id='word_1_410' title='bbox 424 4121 561 4170; x_wconf 87' lang='lat' dir='ltr'><strong>intra</strong></span> <span class='ocrx_word' id='word_1_411' title='bbox 587 4118 824 4172; x_wconf 85' lang='lat' dir='ltr'><strong>saraium</strong></span> <span class='ocrx_word' id='word_1_412' title='bbox 844 4118 994 4183; x_wconf 83' lang='lat' dir='ltr'><strong>alibi,</strong></span> <span class='ocrx_word' id='word_1_413' title='bbox 1038 4120 1181 4173; x_wconf 89' lang='lat' dir='ltr'><strong>sicut</strong></span> <span class='ocrx_word' id='word_1_414' title='bbox 1209 4133 1262 4173; x_wconf 92' lang='lat' dir='ltr'><strong>et</strong></span> <span class='ocrx_word' id='word_1_415' title='bbox 1323 4120 1391 4175; x_wconf 91' lang='lat' dir='ltr'><strong>de</strong></span> <span class='ocrx_word' id='word_1_416' title='bbox 1436 4123 1556 4177; x_wconf 84' lang='lat' dir='ltr'><strong>aliis</strong></span> <span class='ocrx_word' id='word_1_417' title='bbox 1622 4134 1771 4179; x_wconf 80' lang='lat' dir='ltr'><strong>extra</strong></span> 
     </span>
    </p>
   </div>
   <div class='ocr_carea' id='block_1_59' title="bbox 154 4208 1777 4280">
    <p class='ocr_par' dir='ltr' id='par_1_59' title="bbox 154 4208 1777 4280">
     <span class='ocr_line' id='line_1_59' title="bbox 154 4208 1777 4280; baseline 0.004 -16"><span class='ocrx_word' id='word_1_418' title='bbox 154 4212 468 4265; x_wconf 82' lang='lat' dir='ltr'><strong>saraium.</strong></span> <span class='ocrx_word' id='word_1_419' title='bbox 502 4208 699 4274; x_wconf 62' lang='lat' dir='ltr'><strong>Bassus,</strong></span> <span class='ocrx_word' id='word_1_420' title='bbox 730 4210 798 4263; x_wconf 91' lang='lat' dir='ltr'><strong>de</strong></span> <span class='ocrx_word' id='word_1_421' title='bbox 827 4209 1027 4278; x_wconf 86' lang='lat' dir='ltr'><strong>quibus</strong></span> <span class='ocrx_word' id='word_1_422' title='bbox 1052 4211 1138 4264; x_wconf 89' lang='lat' dir='ltr'><strong>hic</strong></span> <span class='ocrx_word' id='word_1_423' title='bbox 1169 4211 1404 4280; x_wconf 81' lang='lat' dir='ltr'><strong>agimus,</strong></span> <span class='ocrx_word' id='word_1_424' title='bbox 1447 4227 1597 4269; x_wconf 80' lang='lat' dir='ltr'><strong>extra</strong></span> <span class='ocrx_word' id='word_1_425' title='bbox 1624 4231 1777 4270; x_wconf 87' lang='lat' dir='ltr'><strong>sara-</strong></span> 
     </span>
    </p>
   </div>
   <div class='ocr_carea' id='block_1_60' title="bbox 154 4302 1777 4371">
    <p class='ocr_par' dir='ltr' id='par_1_60' title="bbox 154 4302 1777 4371">
     <span class='ocr_line' id='line_1_60' title="bbox 154 4302 1777 4371; baseline 0.002 -14"><span class='ocrx_word' id='word_1_426' title='bbox 154 4308 291 4357; x_wconf 86' lang='lat' dir='ltr'><strong>ium</strong></span> <span class='ocrx_word' id='word_1_427' title='bbox 336 4302 672 4355; x_wconf 80' lang='lat' dir='ltr'><strong>niuiieribus</strong></span> <span class='ocrx_word' id='word_1_428' title='bbox 703 4302 809 4355; x_wconf 82' lang='lat' dir='ltr'><strong>sibi</strong></span> <span class='ocrx_word' id='word_1_429' title='bbox 858 4303 1127 4355; x_wconf 86' lang='lat' dir='ltr'><strong>mandatis</strong></span> <span class='ocrx_word' id='word_1_430' title='bbox 1182 4304 1504 4371; x_wconf 79' lang='lat' dir='ltr'><strong>funguntur.</strong></span> <span class='ocrx_word' id='word_1_431' title='bbox 1540 4306 1604 4360; x_wconf 85' lang='lat' dir='ltr'><strong>Et</strong></span> <span class='ocrx_word' id='word_1_432' title='bbox 1635 4308 1777 4363; x_wconf 88' lang='lat' dir='ltr'><strong>inter</strong></span> 
     </span>
    </p>
   </div>
   <div class='ocr_carea' id='block_1_61' title="bbox 152 4393 1779 4464">
    <p class='ocr_par' dir='ltr' id='par_1_61' title="bbox 152 4393 1779 4464">
     <span class='ocr_line' id='line_1_61' title="bbox 152 4393 1779 4464; baseline 0.003 -15"><span class='ocrx_word' id='word_1_433' title='bbox 152 4398 279 4450; x_wconf 83' lang='lat' dir='ltr'><strong>hos</strong></span> <span class='ocrx_word' id='word_1_434' title='bbox 311 4394 424 4462; x_wconf 81' lang='lat' dir='ltr'><strong>qui</strong></span> <span class='ocrx_word' id='word_1_435' title='bbox 455 4393 616 4462; x_wconf 83' lang='lat' dir='ltr'><strong>primi</strong></span> <span class='ocrx_word' id='word_1_436' title='bbox 643 4402 791 4458; x_wconf 89' lang='lat' dir='ltr'><strong>sunt,</strong></span> <span class='ocrx_word' id='word_1_437' title='bbox 826 4408 1031 4447; x_wconf 72' lang='grc' dir='ltr'><strong>γεω-οε</strong></span> <span class='ocrx_word' id='word_1_438' title='bbox 1056 4395 1315 4451; x_wconf 89' lang='lat' dir='ltr'><strong>dicuntur</strong></span> <span class='ocrx_word' id='word_1_439' title='bbox 1342 4413 1357 4460; x_wconf 85' lang='lat'>;</span> <span class='ocrx_word' id='word_1_440' title='bbox 1388 4399 1619 4464; x_wconf 87' lang='lat' dir='ltr'><strong>nostris,</strong></span> <span class='ocrx_word' id='word_1_441' title='bbox 1648 4414 1779 4454; x_wconf 79' lang='lat' dir='ltr'><strong>con-</strong></span> 
     </span>
    </p>
   </div>
   <div class='ocr_carea' id='block_1_62' title="bbox 147 4482 1775 4585">
    <p class='ocr_par' dir='ltr' id='par_1_62' title="bbox 147 4482 1775 4553">
     <span class='ocr_line' id='line_1_62' title="bbox 147 4482 1775 4553; baseline 0.002 -13"><span class='ocrx_word' id='word_1_442' title='bbox 147 4484 398 4541; x_wconf 82' lang='lat' dir='ltr'><strong>siliarii</strong></span> <span class='ocrx_word' id='word_1_443' title='bbox 425 4485 650 4546; x_wconf 83' lang='lat' dir='ltr'><strong>secreti,</strong></span> <span class='ocrx_word' id='word_1_444' title='bbox 682 4482 765 4536; x_wconf 85' lang='lat' dir='ltr'><strong>vel</strong></span> <span class='ocrx_word' id='word_1_445' title='bbox 787 4484 996 4538; x_wconf 84' lang='lat' dir='ltr'><strong>arcani.</strong></span> <span class='ocrx_word' id='word_1_446' title='bbox 1025 4483 1328 4553; x_wconf 79' lang='lat' dir='ltr'><strong>Supremos</strong></span> <span class='ocrx_word' id='word_1_447' title='bbox 1377 4497 1583 4549; x_wconf 85' lang='lat' dir='ltr'><strong>autem,</strong></span> <span class='ocrx_word' id='word_1_448' title='bbox 1636 4490 1775 4543; x_wconf 74' lang='lat' dir='ltr'><strong>vexi-</strong></span> 
     </span>
    </p>
   </div>
   <div class='ocr_carea' id='block_1_63' title="bbox 1875 4482 3393 4585">
    <p class='ocr_par' dir='ltr' id='par_1_63' title="bbox 1878 4504 3393 4576">
     <span class='ocr_line' id='line_1_63' title="bbox 1878 4504 3393 4576; baseline 0.003 -16"><span class='ocrx_word' id='word_1_449' title='bbox 1878 4505 2205 4560; x_wconf 77' lang='lat' dir='ltr'><strong>Honoriadis</strong></span> <span class='ocrx_word' id='word_1_450' title='bbox 2255 4504 2742 4572; x_wconf 85' lang='lat' dir='ltr'><strong>archiepiscopatui</strong></span> <span class='ocrx_word' id='word_1_451' title='bbox 2801 4505 3121 4561; x_wconf 75' lang='lat' dir='ltr'><strong>Prusiadam</strong></span> <span class='ocrx_word' id='word_1_452' title='bbox 3178 4511 3393 4576; x_wconf 78' lang='lat' dir='ltr'><strong>subjicit</strong></span> 
     </span>
    </p>
   </div>
   <div class='ocr_carea' id='block_1_64' title="bbox 148 4574 1771 4645">
    <p class='ocr_par' dir='ltr' id='par_1_64' title="bbox 148 4574 1771 4645">
     <span class='ocr_line' id='line_1_64' title="bbox 148 4574 1771 4645; baseline 0.001 -11"><span class='ocrx_word' id='word_1_453' title='bbox 148 4592 375 4634; x_wconf 73' lang='lat' dir='ltr'><strong>ralem</strong></span> <span class='ocrx_word' id='word_1_454' title='bbox 418 4574 759 4638; x_wconf 81' lang='lat' dir='ltr'><strong>nominatur,</strong></span> <span class='ocrx_word' id='word_1_455' title='bbox 784 4590 907 4643; x_wconf 67' lang='lat' dir='ltr'><strong>qua:</strong></span> <span class='ocrx_word' id='word_1_456' title='bbox 956 4576 1101 4645; x_wconf 86' lang='lat' dir='ltr'><strong>apud</strong></span> <span class='ocrx_word' id='word_1_457' title='bbox 1156 4574 1458 4632; x_wconf 84' lang='lat' dir='ltr'><strong>Saracenos</strong></span> <span class='ocrx_word' id='word_1_458' title='bbox 1511 4582 1672 4634; x_wconf 87' lang='lat' dir='ltr'><strong>etiam</strong></span> <span class='ocrx_word' id='word_1_459' title='bbox 1718 4583 1771 4636; x_wconf 91' lang='lat' dir='ltr'><strong>in</strong></span> 
     </span>
    </p>
   </div>
   <div class='ocr_carea' id='block_1_65' title="bbox 146 4666 1781 4737">
    <p class='ocr_par' dir='ltr' id='par_1_65' title="bbox 146 4666 1781 4737">
     <span class='ocr_line' id='line_1_65' title="bbox 146 4666 1781 4737; baseline 0.003 -14"><span class='ocrx_word' id='word_1_460' title='bbox 146 4686 271 4726; x_wconf 83' lang='lat' dir='ltr'><strong>usu</strong></span> <span class='ocrx_word' id='word_1_461' title='bbox 318 4667 601 4736; x_wconf 74' lang='lat' dir='ltr'><strong>dignitas,</strong></span> <span class='ocrx_word' id='word_1_462' title='bbox 632 4675 687 4719; x_wconf 90' lang='lat' dir='ltr'><strong>et</strong></span> <span class='ocrx_word' id='word_1_463' title='bbox 713 4666 1417 4737; x_wconf 67' lang='lat' dir='ltr'><strong>existimationeprmcipua</strong></span> <span class='ocrx_word' id='word_1_464' title='bbox 1446 4672 1567 4726; x_wconf 70' lang='lat' dir='ltr'><strong>fuit.</strong></span> <span class='ocrx_word' id='word_1_465' title='bbox 1592 4674 1781 4728; x_wconf 68' lang='lat' dir='ltr'><strong>Bedri—</strong></span> 
     </span>
    </p>
   </div>
   <div class='ocr_carea' id='block_1_66' title="bbox 145 4756 1790 4835">
    <p class='ocr_par' dir='ltr' id='par_1_66' title="bbox 145 4756 1790 4835">
     <span class='ocr_line' id='line_1_66' title="bbox 145 4756 1790 4835; baseline 0.002 -18"><span class='ocrx_word' id='word_1_466' title='bbox 145 4777 272 4817; x_wconf 81' lang='lat' dir='ltr'><strong>ims</strong></span> <span class='ocrx_word' id='word_1_467' title='bbox 310 4768 382 4813; x_wconf 79' lang='lat' dir='ltr'><strong>et</strong></span> <span class='ocrx_word' id='word_1_468' title='bbox 454 4756 546 4810; x_wconf 82' lang='lat' dir='ltr'><strong>alii</strong></span> <span class='ocrx_word' id='word_1_469' title='bbox 594 4756 1065 4827; x_wconf 73' lang='lat' dir='ltr'><strong>protosymbt&#39;ilum</strong></span> <span class='ocrx_word' id='word_1_470' title='bbox 1113 4759 1565 4830; x_wconf 88' lang='lat' dir='ltr'><strong>interpretantur,</strong></span> <span class='ocrx_word' id='word_1_471' title='bbox 1622 4766 1790 4835; x_wconf 86' lang='lat' dir='ltr'><strong>cujus.</strong></span> 
     </span>
    </p>
   </div>
   <div class='ocr_carea' id='block_1_67' title="bbox 139 4847 1777 4918">
    <p class='ocr_par' dir='ltr' id='par_1_67' title="bbox 139 4847 1777 4918">
     <span class='ocr_line' id='line_1_67' title="bbox 139 4847 1777 4918; baseline 0.002 -11"><span class='ocrx_word' id='word_1_472' title='bbox 139 4857 347 4908; x_wconf 79' lang='lat' dir='ltr'><strong>etiam</strong></span> <span class='ocrx_word' id='word_1_473' title='bbox 391 4848 607 4900; x_wconf 85' lang='lat' dir='ltr'><strong>mentio</strong></span> <span class='ocrx_word' id='word_1_474' title='bbox 638 4847 695 4900; x_wconf 78' lang='lat' dir='ltr'><strong>tit</strong></span> <span class='ocrx_word' id='word_1_475' title='bbox 719 4847 772 4900; x_wconf 89' lang='lat' dir='ltr'><strong>in</strong></span> <span class='ocrx_word' id='word_1_476' title='bbox 790 4848 931 4902; x_wconf 89' lang='lat' dir='ltr'><strong>libro</strong></span> <span class='ocrx_word' id='word_1_477' title='bbox 951 4852 1019 4903; x_wconf 87' lang='lat' dir='ltr'><strong>de</strong></span> <span class='ocrx_word' id='word_1_478' title='bbox 1044 4850 1361 4918; x_wconf 73' lang='lat' dir='ltr'><strong>significatis</strong></span> <span class='ocrx_word' id='word_1_479' title='bbox 1384 4854 1777 4911; x_wconf 83' lang='lat' dir='ltr'><strong>insomniorum</strong></span> 
     </span>
    </p>
   </div>
   <div class='ocr_carea' id='block_1_68' title="bbox 138 4936 1777 5012">
    <p class='ocr_par' dir='ltr' id='par_1_68' title="bbox 138 4936 1777 5012">
     <span class='ocr_line' id='line_1_68' title="bbox 138 4936 1777 5012; baseline 0.003 -18"><span class='ocrx_word' id='word_1_480' title='bbox 138 4954 341 5012; x_wconf 82' lang='lat' dir='ltr'><strong>quem</strong></span> <span class='ocrx_word' id='word_1_481' title='bbox 385 4936 630 4991; x_wconf 77' lang='lat' dir='ltr'><strong>antehac</strong></span> <span class='ocrx_word' id='word_1_482' title='bbox 654 4936 977 4991; x_wconf 83' lang='lat' dir='ltr'><strong>Sambucani</strong></span> <span class='ocrx_word' id='word_1_483' title='bbox 1024 4939 1351 5009; x_wconf 83' lang='lat' dir='ltr'><strong>exemplaris</strong></span> <span class='ocrx_word' id='word_1_484' title='bbox 1409 4945 1584 4997; x_wconf 89' lang='lat' dir='ltr'><strong>mutili</strong></span> <span class='ocrx_word' id='word_1_485' title='bbox 1620 4945 1777 5001; x_wconf 79' lang='lat' dir='ltr'><strong>iidem</strong></span> 
     </span>
    </p>
   </div>
   <div class='ocr_carea' id='block_1_69' title="bbox 138 5026 1779 5100">
    <p class='ocr_par' dir='ltr' id='par_1_69' title="bbox 138 5026 1779 5100">
     <span class='ocr_line' id='line_1_69' title="bbox 138 5026 1779 5100; baseline 0.002 -13"><span class='ocrx_word' id='word_1_486' title='bbox 138 5036 523 5100; x_wconf 79' lang='lat' dir='ltr'><strong>sequentes,</strong></span> <span class='ocrx_word' id='word_1_487' title='bbox 550 5026 871 5094; x_wconf 86' lang='lat' dir='ltr'><strong>Apomasari</strong></span> <span class='ocrx_word' id='word_1_488' title='bbox 928 5028 1267 5085; x_wconf 82' lang='lat' dir='ltr'><strong>tribuimus:</strong></span> <span class='ocrx_word' id='word_1_489' title='bbox 1317 5047 1441 5086; x_wconf 92' lang='lat' dir='ltr'><strong>cum</strong></span> <span class='ocrx_word' id='word_1_490' title='bbox 1501 5034 1779 5091; x_wconf 80' lang='lat' dir='ltr'><strong>Aelimetis</strong></span> 
     </span>
    </p>
   </div>
   <div class='ocr_carea' id='block_1_70' title="bbox 134 5120 1773 5191">
    <p class='ocr_par' dir='ltr' id='par_1_70' title="bbox 134 5120 1773 5191">
     <span class='ocr_line' id='line_1_70' title="bbox 134 5120 1773 5191; baseline 0.002 -12"><span class='ocrx_word' id='word_1_491' title='bbox 134 5124 290 5180; x_wconf 80' lang='lat' dir='ltr'><strong>cuni</strong></span> <span class='ocrx_word' id='word_1_492' title='bbox 338 5128 559 5191; x_wconf 86' lang='lat' dir='ltr'><strong>postea</strong></span> <span class='ocrx_word' id='word_1_493' title='bbox 590 5120 1004 5188; x_wconf 82' lang='lat' dir='ltr'><strong>cognoverimus</strong></span> <span class='ocrx_word' id='word_1_494' title='bbox 1038 5135 1183 5185; x_wconf 85' lang='lat' dir='ltr'><strong>esse,</strong></span> <span class='ocrx_word' id='word_1_495' title='bbox 1215 5122 1282 5177; x_wconf 89' lang='lat' dir='ltr'><strong>de</strong></span> <span class='ocrx_word' id='word_1_496' title='bbox 1312 5124 1452 5179; x_wconf 89' lang='lat' dir='ltr'><strong>libro</strong></span> <span class='ocrx_word' id='word_1_497' title='bbox 1485 5126 1773 5182; x_wconf 89' lang='lat' dir='ltr'><strong>bibliothe-</strong></span> 
     </span>
    </p>
   </div>
   <div class='ocr_carea' id='block_1_71' title="bbox 136 5211 1776 5283">
    <p class='ocr_par' dir='ltr' id='par_1_71' title="bbox 136 5211 1776 5283">
     <span class='ocr_line' id='line_1_71' title="bbox 136 5211 1776 5283; baseline 0.004 -16"><span class='ocrx_word' id='word_1_498' title='bbox 136 5236 226 5272; x_wconf 67' lang='grc' dir='ltr'><strong>αι’</strong></span> <span class='ocrx_word' id='word_1_499' title='bbox 256 5216 668 5276; x_wconf 56' lang='lat' dir='ltr'><strong>(Im-sarem,“</strong></span> <span class='ocrx_word' id='word_1_500' title='bbox 698 5227 806 5278; x_wconf 88' lang='lat' dir='ltr'><strong>quo</strong></span> <span class='ocrx_word' id='word_1_501' title='bbox 841 5211 941 5265; x_wconf 89' lang='lat' dir='ltr'><strong>viri</strong></span> <span class='ocrx_word' id='word_1_502' title='bbox 969 5213 1181 5268; x_wconf 87' lang='lat' dir='ltr'><strong>clariss.</strong></span> <span class='ocrx_word' id='word_1_503' title='bbox 1214 5213 1449 5283; x_wconf 82' lang='lat' dir='ltr'><strong>llugonis</strong></span> <span class='ocrx_word' id='word_1_504' title='bbox 1479 5216 1637 5271; x_wconf 85' lang='lat' dir='ltr'><strong>Blotii</strong></span> <span class='ocrx_word' id='word_1_505' title='bbox 1663 5219 1712 5272; x_wconf 84' lang='lat' dir='ltr'><strong>.l.</strong></span> <span class='ocrx_word' id='word_1_506' title='bbox 1736 5220 1776 5273; x_wconf 86' lang='lat' dir='ltr'>C</span> 
     </span>
    </p>
   </div>
   <div class='ocr_carea' id='block_1_72' title="bbox 134 5301 1777 5374">
    <p class='ocr_par' dir='ltr' id='par_1_72' title="bbox 134 5301 1777 5374">
     <span class='ocr_line' id='line_1_72' title="bbox 134 5301 1777 5374; baseline 0 -11"><span class='ocrx_word' id='word_1_507' title='bbox 134 5321 195 5362; x_wconf 86' lang='lat' dir='ltr'><strong>ct</strong></span> <span class='ocrx_word' id='word_1_508' title='bbox 242 5301 612 5374; x_wconf 73' lang='lat' dir='ltr'><strong>Augusmlis</strong></span> <span class='ocrx_word' id='word_1_509' title='bbox 634 5302 1032 5356; x_wconf 85' lang='lat' dir='ltr'><strong>bibliothecarii</strong></span> <span class='ocrx_word' id='word_1_510' title='bbox 1072 5305 1356 5368; x_wconf 86' lang='lat' dir='ltr'><strong>beneticio,</strong></span> <span class='ocrx_word' id='word_1_511' title='bbox 1385 5311 1553 5361; x_wconf 89' lang='lat' dir='ltr'><strong>nostri</strong></span> <span class='ocrx_word' id='word_1_512' title='bbox 1574 5311 1777 5364; x_wconf 90' lang='lat' dir='ltr'><strong>codicis</strong></span> 
     </span>
    </p>
   </div>
   <div class='ocr_carea' id='block_1_73' title="bbox 135 5392 1777 5469">
    <p class='ocr_par' dir='ltr' id='par_1_73' title="bbox 135 5392 1777 5469">
     <span class='ocr_line' id='line_1_73' title="bbox 135 5392 1777 5469; baseline -0.002 -12"><span class='ocrx_word' id='word_1_513' title='bbox 135 5409 428 5457; x_wconf 76' lang='lat' dir='ltr'><strong>lacunas</strong></span> <span class='ocrx_word' id='word_1_514' title='bbox 462 5407 653 5445; x_wconf 86' lang='lat' dir='ltr'><strong>omnes</strong></span> <span class='ocrx_word' id='word_1_515' title='bbox 676 5392 1032 5461; x_wconf 81' lang='lat' dir='ltr'><strong>explevimus.</strong></span> <span class='ocrx_word' id='word_1_516' title='bbox 1067 5393 1287 5451; x_wconf 89' lang='lat' dir='ltr'><strong>Simeon</strong></span> <span class='ocrx_word' id='word_1_517' title='bbox 1352 5397 1607 5469; x_wconf 80' lang='lat' dir='ltr'><strong>Magister</strong></span> <span class='ocrx_word' id='word_1_518' title='bbox 1663 5404 1777 5453; x_wconf 89' lang='lat' dir='ltr'><strong>olli-</strong></span> 
     </span>
    </p>
   </div>
   <div class='ocr_carea' id='block_1_74' title="bbox 132 5483 1775 5561">
    <p class='ocr_par' dir='ltr' id='par_1_74' title="bbox 132 5483 1775 5561">
     <span class='ocr_line' id='line_1_74' title="bbox 132 5483 1775 5561; baseline -0.001 -12"><span class='ocrx_word' id='word_1_519' title='bbox 132 5500 401 5552; x_wconf 86' lang='lat' dir='ltr'><strong>ciorum</strong></span> <span class='ocrx_word' id='word_1_520' title='bbox 438 5485 645 5539; x_wconf 84' lang='lat' dir='ltr'><strong>alicubi</strong></span> <span class='ocrx_word' id='word_1_521' title='bbox 681 5483 1026 5541; x_wconf 86' lang='lat' dir='ltr'><strong>Solemauem</strong></span> <span class='ocrx_word' id='word_1_522' title='bbox 1071 5488 1552 5561; x_wconf 84' lang='lat' dir='ltr'><strong>Protosymbulum</strong></span> <span class='ocrx_word' id='word_1_523' title='bbox 1585 5492 1775 5548; x_wconf 86' lang='lat' dir='ltr'><strong>Balsa-</strong></span> 
     </span>
    </p>
   </div>
   <div class='ocr_carea' id='block_1_75' title="bbox 138 5575 1775 5649">
    <p class='ocr_par' dir='ltr' id='par_1_75' title="bbox 138 5575 1775 5649">
     <span class='ocr_line' id='line_1_75' title="bbox 138 5575 1775 5649; baseline -0.002 -9"><span class='ocrx_word' id='word_1_524' title='bbox 138 5601 260 5640; x_wconf 69' lang='lat' dir='ltr'><strong>mae</strong></span> <span class='ocrx_word' id='word_1_525' title='bbox 307 5583 529 5637; x_wconf 84' lang='lat' dir='ltr'><strong>vocat,</strong></span> <span class='ocrx_word' id='word_1_526' title='bbox 554 5590 714 5643; x_wconf 90' lang='lat' dir='ltr'><strong>quem</strong></span> <span class='ocrx_word' id='word_1_527' title='bbox 746 5575 989 5631; x_wconf 82' lang='lat' dir='ltr'><strong>Zonaras</strong></span> <span class='ocrx_word' id='word_1_528' title='bbox 1022 5579 1451 5649; x_wconf 88' lang='lat' dir='ltr'><strong>archisatrapam</strong></span> <span class='ocrx_word' id='word_1_529' title='bbox 1504 5581 1775 5637; x_wconf 79' lang='lat' dir='ltr'><strong>Masalmae</strong></span> 
     </span>
    </p>
   </div>
   <div class='ocr_carea' id='block_1_76' title="bbox 132 5665 1770 5743">
    <p class='ocr_par' dir='ltr' id='par_1_76' title="bbox 132 5665 1770 5743">
     <span class='ocr_line' id='line_1_76' title="bbox 132 5665 1770 5743; baseline 0 -16"><span class='ocrx_word' id='word_1_530' title='bbox 132 5678 326 5731; x_wconf 73' lang='lat' dir='ltr'><strong>dixit.</strong></span> <span class='ocrx_word' id='word_1_531' title='bbox 385 5665 672 5721; x_wconf 85' lang='lat' dir='ltr'><strong>Similiter</strong></span> <span class='ocrx_word' id='word_1_532' title='bbox 698 5677 849 5720; x_wconf 83' lang='lat' dir='ltr'><strong>extra</strong></span> <span class='ocrx_word' id='word_1_533' title='bbox 888 5669 1122 5722; x_wconf 73' lang='lat' dir='ltr'><strong>Samium</strong></span> <span class='ocrx_word' id='word_1_534' title='bbox 1151 5680 1277 5723; x_wconf 87' lang='lat' dir='ltr'><strong>sunt</strong></span> <span class='ocrx_word' id='word_1_535' title='bbox 1323 5671 1650 5741; x_wconf 76' lang='lat' dir='ltr'><strong>bcglcrbegi,</strong></span> <span class='ocrx_word' id='word_1_536' title='bbox 1682 5678 1770 5743; x_wconf 85' lang='lat' dir='ltr'><strong>qui</strong></span> 
     </span>
    </p>
   </div>
   <div class='ocr_carea' id='block_1_77' title="bbox 130 5758 1768 5837">
    <p class='ocr_par' dir='ltr' id='par_1_77' title="bbox 130 5758 1768 5837">
     <span class='ocr_line' id='line_1_77' title="bbox 130 5758 1768 5837; baseline 0.005 -24"><span class='ocrx_word' id='word_1_537' title='bbox 130 5784 188 5824; x_wconf 68' lang='grc' dir='ltr'><strong>οι</strong></span> <span class='ocrx_word' id='word_1_538' title='bbox 231 5766 356 5836; x_wconf 54' lang='lat' dir='ltr'><strong>ipsi</strong></span> <span class='ocrx_word' id='word_1_539' title='bbox 399 5763 897 5814; x_wconf 57' lang='lat' dir='ltr'><strong>bassawocantur.</strong></span> <span class='ocrx_word' id='word_1_540' title='bbox 936 5758 1157 5815; x_wconf 65' lang='lat' dir='ltr'><strong>Prmtori</strong></span> <span class='ocrx_word' id='word_1_541' title='bbox 1190 5761 1406 5817; x_wconf 56' lang='grc' dir='ltr'><strong>(ἐι-πρίω</strong></span> <span class='ocrx_word' id='word_1_542' title='bbox 1440 5777 1644 5831; x_wconf 80' lang='lat' dir='ltr'><strong>nostro,</strong></span> <span class='ocrx_word' id='word_1_543' title='bbox 1678 5772 1768 5837; x_wconf 85' lang='lat' dir='ltr'><strong>qui</strong></span> 
     </span>
    </p>
   </div>
   <div class='ocr_carea' id='block_1_78' title="bbox 1870 1908 3457 1991">
    <p class='ocr_par' dir='ltr' id='par_1_78' title="bbox 1870 1908 3457 1991">
     <span class='ocr_line' id='line_1_78' title="bbox 1870 1908 3457 1991; baseline -0.003 -13"><span class='ocrx_word' id='word_1_544' title='bbox 1870 1933 1995 1978; x_wconf 85' lang='lat' dir='ltr'><strong>ante</strong></span> <span class='ocrx_word' id='word_1_545' title='bbox 2017 1922 2383 1977; x_wconf 87' lang='lat' dir='ltr'><strong>meminimus.</strong></span> <span class='ocrx_word' id='word_1_546' title='bbox 2402 1908 2731 1977; x_wconf 74' lang='lat' dir='ltr'><strong>vexillorum</strong></span> <span class='ocrx_word' id='word_1_547' title='bbox 2752 1921 3038 1991; x_wconf 78' lang='lat' dir='ltr'><strong>prtcfectus</strong></span> <span class='ocrx_word' id='word_1_548' title='bbox 3050 1936 3335 1990; x_wconf 88' lang='lat' dir='ltr'><strong>supremus</strong></span> <span class='ocrx_word' id='word_1_549' title='bbox 3353 1931 3457 1987; x_wconf 84' lang='lat' dir='ltr'><strong>cst,</strong></span> 
     </span>
    </p>
   </div>
   <div class='ocr_carea' id='block_1_79' title="bbox 1871 2012 3459 2084">
    <p class='ocr_par' dir='ltr' id='par_1_79' title="bbox 1871 2012 3459 2084">
     <span class='ocr_line' id='line_1_79' title="bbox 1871 2012 3459 2084; baseline -0.004 -15"><span class='ocrx_word' id='word_1_550' title='bbox 1871 2030 1937 2071; x_wconf 86' lang='lat' dir='ltr'><strong>ac</strong></span> <span class='ocrx_word' id='word_1_551' title='bbox 1966 2025 2077 2069; x_wconf 91' lang='lat' dir='ltr'><strong>tum</strong></span> <span class='ocrx_word' id='word_1_552' title='bbox 2106 2015 2220 2084; x_wconf 90' lang='lat' dir='ltr'><strong>ipse</strong></span> <span class='ocrx_word' id='word_1_553' title='bbox 2249 2014 2503 2067; x_wconf 82' lang='lat' dir='ltr'><strong>vexillum</strong></span> <span class='ocrx_word' id='word_1_554' title='bbox 2537 2014 2745 2082; x_wconf 82' lang='lat' dir='ltr'><strong>regium</strong></span> <span class='ocrx_word' id='word_1_555' title='bbox 2789 2020 2965 2081; x_wconf 82' lang='lat' dir='ltr'><strong>gestat</strong></span> <span class='ocrx_word' id='word_1_556' title='bbox 2998 2012 3050 2065; x_wconf 91' lang='lat' dir='ltr'><strong>in</strong></span> <span class='ocrx_word' id='word_1_557' title='bbox 3103 2012 3459 2080; x_wconf 77' lang='lat' dir='ltr'><strong>expeditioni-</strong></span> 
     </span>
    </p>
   </div>
   <div class='ocr_carea' id='block_1_80' title="bbox 1870 2104 3460 2173">
    <p class='ocr_par' dir='ltr' id='par_1_80' title="bbox 1870 2104 3460 2173">
     <span class='ocr_line' id='line_1_80' title="bbox 1870 2104 3460 2173; baseline -0.003 -11"><span class='ocrx_word' id='word_1_558' title='bbox 1870 2111 1999 2171; x_wconf 90' lang='lat' dir='ltr'><strong>bus,</strong></span> <span class='ocrx_word' id='word_1_559' title='bbox 2042 2116 2157 2159; x_wconf 87' lang='lat' dir='ltr'><strong>tum</strong></span> <span class='ocrx_word' id='word_1_560' title='bbox 2184 2105 2378 2158; x_wconf 75' lang='lat' dir='ltr'><strong>vexilla</strong></span> <span class='ocrx_word' id='word_1_561' title='bbox 2411 2105 2747 2171; x_wconf 76' lang='lat' dir='ltr'><strong>beglerbegis</strong></span> <span class='ocrx_word' id='word_1_562' title='bbox 2793 2104 2949 2157; x_wconf 79' lang='lat' dir='ltr'><strong>oﬂert</strong></span> <span class='ocrx_word' id='word_1_563' title='bbox 3008 2118 3127 2167; x_wconf 88' lang='lat' dir='ltr'><strong>sua,</strong></span> <span class='ocrx_word' id='word_1_564' title='bbox 3163 2104 3460 2173; x_wconf 74' lang='lat' dir='ltr'><strong>itidemque</strong></span> 
     </span>
    </p>
   </div>
   <div class='ocr_carea' id='block_1_81' title="bbox 1868 2196 3461 2266">
    <p class='ocr_par' dir='ltr' id='par_1_81' title="bbox 1868 2196 3461 2266">
     <span class='ocr_line' id='line_1_81' title="bbox 1868 2196 3461 2266; baseline -0.003 -13"><span class='ocrx_word' id='word_1_565' title='bbox 1868 2214 1965 2253; x_wconf 85' lang='lat' dir='ltr'><strong>sua</strong></span> <span class='ocrx_word' id='word_1_566' title='bbox 1997 2198 2265 2266; x_wconf 86' lang='lat' dir='ltr'><strong>sangiacis</strong></span> <span class='ocrx_word' id='word_1_567' title='bbox 2307 2198 2475 2266; x_wconf 87' lang='lat' dir='ltr'><strong>begis.</strong></span> <span class='ocrx_word' id='word_1_568' title='bbox 2513 2196 2661 2249; x_wconf 89' lang='lat' dir='ltr'><strong>Emir</strong></span> <span class='ocrx_word' id='word_1_569' title='bbox 2689 2196 2861 2250; x_wconf 78' lang='lat' dir='ltr'><strong>achur</strong></span> <span class='ocrx_word' id='word_1_570' title='bbox 2913 2196 3110 2249; x_wconf 88' lang='lat' dir='ltr'><strong>stabuli</strong></span> <span class='ocrx_word' id='word_1_571' title='bbox 3175 2198 3461 2266; x_wconf 68' lang='lat' dir='ltr'><strong>puniceum</strong></span> 
     </span>
    </p>
   </div>
   <div class='ocr_carea' id='block_1_82' title="bbox 1870 2288 3459 2359">
    <p class='ocr_par' dir='ltr' id='par_1_82' title="bbox 1870 2288 3459 2359">
     <span class='ocr_line' id='line_1_82' title="bbox 1870 2288 3459 2359; baseline -0.005 -14"><span class='ocrx_word' id='word_1_572' title='bbox 1870 2303 1974 2357; x_wconf 88' lang='lat' dir='ltr'><strong>est,</strong></span> <span class='ocrx_word' id='word_1_573' title='bbox 2009 2292 2093 2346; x_wconf 91' lang='lat' dir='ltr'><strong>cui</strong></span> <span class='ocrx_word' id='word_1_574' title='bbox 2133 2291 2399 2346; x_wconf 77' lang='lat' dir='ltr'><strong>vocabulo</strong></span> <span class='ocrx_word' id='word_1_575' title='bbox 2444 2290 2485 2343; x_wconf 88' lang='lat' dir='ltr'><strong>si</strong></span> <span class='ocrx_word' id='word_1_576' title='bbox 2544 2289 2730 2358; x_wconf 82' lang='lat' dir='ltr'><strong>bujuc;</strong></span> <span class='ocrx_word' id='word_1_577' title='bbox 2766 2301 3136 2359; x_wconf 79' lang='lat' dir='ltr'><strong>pia-ponatur,</strong></span> <span class='ocrx_word' id='word_1_578' title='bbox 3168 2288 3340 2355; x_wconf 69' lang='lat' dir='ltr'><strong>lllﬂjnl‘</strong></span> <span class='ocrx_word' id='word_1_579' title='bbox 3379 2288 3459 2342; x_wconf 89' lang='lat' dir='ltr'><strong>vel</strong></span> 
     </span>
    </p>
   </div>
   <div class='ocr_carea' id='block_1_83' title="bbox 1871 2381 3461 2454">
    <p class='ocr_par' dir='ltr' id='par_1_83' title="bbox 1871 2381 3461 2454">
     <span class='ocr_line' id='line_1_83' title="bbox 1871 2381 3461 2454; baseline -0.011 -15"><span class='ocrx_word' id='word_1_580' title='bbox 1871 2386 2112 2454; x_wconf 86' lang='lat' dir='ltr'><strong>primus;</strong></span> <span class='ocrx_word' id='word_1_581' title='bbox 2144 2384 2187 2438; x_wconf 93' lang='lat' dir='ltr'><strong>si</strong></span> <span class='ocrx_word' id='word_1_582' title='bbox 2222 2382 2439 2451; x_wconf 86' lang='lat' dir='ltr'><strong>cudjuc,</strong></span> <span class='ocrx_word' id='word_1_583' title='bbox 2472 2381 2645 2434; x_wconf 88' lang='lat' dir='ltr'><strong>minor</strong></span> <span class='ocrx_word' id='word_1_584' title='bbox 2677 2389 2770 2433; x_wconf 89' lang='lat' dir='ltr'><strong>aut</strong></span> <span class='ocrx_word' id='word_1_585' title='bbox 2806 2381 3075 2435; x_wconf 84' lang='lat' dir='ltr'><strong>secundus</strong></span> <span class='ocrx_word' id='word_1_586' title='bbox 3107 2382 3303 2435; x_wconf 89' lang='lat' dir='ltr'><strong>stabuli</strong></span> <span class='ocrx_word' id='word_1_587' title='bbox 3330 2390 3461 2450; x_wconf 67' lang='grc' dir='ltr'><strong>ρης-</strong></span> 
     </span>
    </p>
   </div>
   <div class='ocr_carea' id='block_1_84' title="bbox 1868 2471 3456 2541">
    <p class='ocr_par' dir='ltr' id='par_1_84' title="bbox 1868 2471 3456 2541">
     <span class='ocr_line' id='line_1_84' title="bbox 1868 2471 3456 2541; baseline -0.004 -11"><span class='ocrx_word' id='word_1_588' title='bbox 1868 2474 2395 2541; x_wconf 81' lang='lat' dir='ltr'><strong>fectusintelligitur.</strong></span> <span class='ocrx_word' id='word_1_589' title='bbox 2428 2473 2500 2526; x_wconf 87' lang='lat' dir='ltr'><strong>De</strong></span> <span class='ocrx_word' id='word_1_590' title='bbox 2541 2472 2623 2525; x_wconf 87' lang='lat' dir='ltr'><strong>his</strong></span> <span class='ocrx_word' id='word_1_591' title='bbox 2679 2471 2789 2538; x_wconf 86' lang='lat' dir='ltr'><strong>jam</strong></span> <span class='ocrx_word' id='word_1_592' title='bbox 2841 2472 3143 2541; x_wconf 72' lang='lat' dir='ltr'><strong>percepisse</strong></span> <span class='ocrx_word' id='word_1_593' title='bbox 3202 2473 3456 2526; x_wconf 79' lang='lat' dir='ltr'><strong>lectorem</strong></span> 
     </span>
    </p>
   </div>
   <div class='ocr_carea' id='block_1_85' title="bbox 1868 2562 3459 2635">
    <p class='ocr_par' dir='ltr' id='par_1_85' title="bbox 1868 2562 3459 2635">
     <span class='ocr_line' id='line_1_85' title="bbox 1868 2562 3459 2635; baseline -0.005 -12"><span class='ocrx_word' id='word_1_594' title='bbox 1868 2568 2084 2633; x_wconf 87' lang='lat' dir='ltr'><strong>opinor,</strong></span> <span class='ocrx_word' id='word_1_595' title='bbox 2108 2566 2197 2635; x_wconf 90' lang='lat' dir='ltr'><strong>qui</strong></span> <span class='ocrx_word' id='word_1_596' title='bbox 2224 2562 2417 2618; x_wconf 79' lang='lat' dir='ltr'><strong>Turcis</strong></span> <span class='ocrx_word' id='word_1_597' title='bbox 2438 2564 2623 2627; x_wconf 63' lang='lat' dir='ltr'><strong>bassa‘,</strong></span> <span class='ocrx_word' id='word_1_598' title='bbox 2657 2563 2746 2632; x_wconf 88' lang='lat' dir='ltr'><strong>qui</strong></span> <span class='ocrx_word' id='word_1_599' title='bbox 2794 2562 3115 2631; x_wconf 68' lang='lat' dir='ltr'><strong>beglerbegi,</strong></span> <span class='ocrx_word' id='word_1_600' title='bbox 3146 2562 3235 2631; x_wconf 86' lang='lat' dir='ltr'><strong>qui</strong></span> <span class='ocrx_word' id='word_1_601' title='bbox 3265 2564 3459 2615; x_wconf 79' lang='lat' dir='ltr'><strong>emircs</strong></span> 
     </span>
    </p>
   </div>
   <div class='ocr_carea' id='block_1_86' title="bbox 1870 2655 3455 2723">
    <p class='ocr_par' dir='ltr' id='par_1_86' title="bbox 1870 2655 3455 2723">
     <span class='ocr_line' id='line_1_86' title="bbox 1870 2655 3455 2723; baseline -0.004 -8"><span class='ocrx_word' id='word_1_602' title='bbox 1870 2664 1998 2715; x_wconf 90' lang='lat' dir='ltr'><strong>sint.</strong></span> <span class='ocrx_word' id='word_1_603' title='bbox 2024 2658 2131 2713; x_wconf 83' lang='lat' dir='ltr'><strong>Nec</strong></span> <span class='ocrx_word' id='word_1_604' title='bbox 2155 2661 2344 2723; x_wconf 75' lang='lat' dir='ltr'><strong>ignoro</strong></span> <span class='ocrx_word' id='word_1_605' title='bbox 2364 2672 2559 2711; x_wconf 90' lang='lat' dir='ltr'><strong>nomen</strong></span> <span class='ocrx_word' id='word_1_606' title='bbox 2584 2656 2719 2709; x_wconf 86' lang='lat' dir='ltr'><strong>emir</strong></span> <span class='ocrx_word' id='word_1_607' title='bbox 2744 2655 3234 2722; x_wconf 51' lang='lat' dir='ltr'><strong>Quibirnligmtatis</strong></span> <span class='ocrx_word' id='word_1_608' title='bbox 3258 2657 3309 2707; x_wconf 92' lang='lat' dir='ltr'><strong>in</strong></span> <span class='ocrx_word' id='word_1_609' title='bbox 3332 2658 3455 2709; x_wconf 85' lang='lat' dir='ltr'><strong>aula</strong></span> 
     </span>
    </p>
   </div>
   <div class='ocr_carea' id='block_1_87' title="bbox 1873 2742 3458 2807">
    <p class='ocr_par' dir='ltr' id='par_1_87' title="bbox 1873 2742 3458 2807">
     <span class='ocr_line' id='line_1_87' title="bbox 1873 2742 3458 2807; baseline -0.007 0"><span class='ocrx_word' id='word_1_610' title='bbox 1873 2754 2209 2807; x_wconf 84' lang='lat' dir='ltr'><strong>sultanorum</strong></span> <span class='ocrx_word' id='word_1_611' title='bbox 2233 2746 2571 2802; x_wconf 85' lang='lat' dir='ltr'><strong>Cairensium</strong></span> <span class='ocrx_word' id='word_1_612' title='bbox 2621 2746 2889 2797; x_wconf 54' lang='lat' dir='ltr'><strong>maximat.</strong></span> <span class='ocrx_word' id='word_1_613' title='bbox 2927 2744 3030 2796; x_wconf 83' lang='lat' dir='ltr'><strong>Sed</strong></span> <span class='ocrx_word' id='word_1_614' title='bbox 3056 2744 3192 2795; x_wconf 90' lang='lat' dir='ltr'><strong>intra</strong></span> <span class='ocrx_word' id='word_1_615' title='bbox 3260 2742 3458 2796; x_wconf 73' lang='lat' dir='ltr'><strong>limites</strong></span> 
     </span>
    </p>
   </div>
   <div class='ocr_carea' id='block_1_88' title="bbox 1872 2832 3462 2905">
    <p class='ocr_par' dir='ltr' id='par_1_88' title="bbox 1872 2832 3462 2905">
     <span class='ocr_line' id='line_1_88' title="bbox 1872 2832 3462 2905; baseline -0.006 -9"><span class='ocrx_word' id='word_1_616' title='bbox 1872 2841 2165 2897; x_wconf 61' lang='lat' dir='ltr'><strong>euertenda</strong></span> <span class='ocrx_word' id='word_1_617' title='bbox 2219 2837 2462 2905; x_wconf 80' lang='lat' dir='ltr'><strong>scriptio,</strong></span> <span class='ocrx_word' id='word_1_618' title='bbox 2496 2852 2562 2889; x_wconf 89' lang='lat' dir='ltr'><strong>ne</strong></span> <span class='ocrx_word' id='word_1_619' title='bbox 2587 2836 3007 2887; x_wconf 88' lang='lat' dir='ltr'><strong>commentarius</strong></span> <span class='ocrx_word' id='word_1_620' title='bbox 3038 2834 3295 2902; x_wconf 79' lang='lat' dir='ltr'><strong>prolixior</strong></span> <span class='ocrx_word' id='word_1_621' title='bbox 3354 2832 3462 2886; x_wconf 81' lang='lat' dir='ltr'><strong>lec-</strong></span> 
     </span>
    </p>
   </div>
   <div class='ocr_carea' id='block_1_89' title="bbox 1881 2928 3173 2995">
    <p class='ocr_par' dir='ltr' id='par_1_89' title="bbox 1881 2928 3173 2995">
     <span class='ocr_line' id='line_1_89' title="bbox 1881 2928 3173 2995; baseline -0.009 -5"><span class='ocrx_word' id='word_1_622' title='bbox 1881 2947 2051 2990; x_wconf 80' lang='lat' dir='ltr'><strong>torem</strong></span> <span class='ocrx_word' id='word_1_623' title='bbox 2075 2933 2333 2994; x_wconf 75' lang='lat' dir='ltr'><strong>ollendat,</strong></span> <span class='ocrx_word' id='word_1_624' title='bbox 2357 2941 2450 2983; x_wconf 89' lang='lat' dir='ltr'><strong>aut</strong></span> <span class='ocrx_word' id='word_1_625' title='bbox 2496 2928 2692 2995; x_wconf 75' lang='lat' dir='ltr'><strong>sa-pius</strong></span> <span class='ocrx_word' id='word_1_626' title='bbox 2721 2928 2903 2979; x_wconf 78' lang='lat' dir='ltr'><strong>eadem</strong></span> <span class='ocrx_word' id='word_1_627' title='bbox 2949 2936 3173 2993; x_wconf 84' lang='lat' dir='ltr'><strong>repetat.</strong></span> 
     </span>
    </p>
   </div>
   <div class='ocr_carea' id='block_1_90' title="bbox 2264 3015 3047 3084">
    <p class='ocr_par' dir='ltr' id='par_1_90' title="bbox 2264 3015 3047 3084">
     <span class='ocr_line' id='line_1_90' title="bbox 2264 3015 3047 3084; baseline -0.006 -10"><span class='ocrx_word' id='word_1_628' title='bbox 2264 3022 2353 3074; x_wconf 81' lang='grc'><strong>15.</strong></span> <span class='ocrx_word' id='word_1_629' title='bbox 2389 3017 2769 3081; x_wconf 79' lang='lat' dir='ltr'><strong>lsnic,Bursa,</strong></span> <span class='ocrx_word' id='word_1_630' title='bbox 2807 3015 3047 3084; x_wconf 82' lang='lat' dir='ltr'><strong>Tcggiur.</strong></span> 
     </span>
    </p>
   </div>
   <div class='ocr_carea' id='block_1_91' title="bbox 1950 3130 3464 3205">
    <p class='ocr_par' dir='ltr' id='par_1_91' title="bbox 1950 3130 3464 3205">
     <span class='ocr_line' id='line_1_91' title="bbox 1950 3130 3464 3205; baseline -0.006 -10"><span class='ocrx_word' id='word_1_631' title='bbox 1950 3141 2179 3195; x_wconf 87' lang='lat' dir='ltr'><strong>lsnicam</strong></span> <span class='ocrx_word' id='word_1_632' title='bbox 2214 3137 2347 3198; x_wconf 88' lang='lat' dir='ltr'><strong>dixi,</strong></span> <span class='ocrx_word' id='word_1_633' title='bbox 2387 3149 2583 3189; x_wconf 90' lang='lat' dir='ltr'><strong>nomen</strong></span> <span class='ocrx_word' id='word_1_634' title='bbox 2618 3132 2939 3205; x_wconf 76' lang='lat' dir='ltr'><strong>hodiernum</strong></span> <span class='ocrx_word' id='word_1_635' title='bbox 2971 3141 3024 3184; x_wconf 91' lang='lat' dir='ltr'><strong>et</strong></span> <span class='ocrx_word' id='word_1_636' title='bbox 3057 3130 3251 3186; x_wconf 86' lang='lat' dir='ltr'><strong>Turcis</strong></span> <span class='ocrx_word' id='word_1_637' title='bbox 3292 3133 3464 3186; x_wconf 74' lang='lat' dir='ltr'><strong>usita-</strong></span> 
     </span>
    </p>
   </div>
   <div class='ocr_carea' id='block_1_92' title="bbox 1886 3224 3461 3294">
    <p class='ocr_par' dir='ltr' id='par_1_92' title="bbox 1886 3224 3461 3294">
     <span class='ocr_line' id='line_1_92' title="bbox 1886 3224 3461 3294; baseline -0.006 -5"><span class='ocrx_word' id='word_1_638' title='bbox 1886 3245 2000 3289; x_wconf 90' lang='lat' dir='ltr'><strong>tum</strong></span> <span class='ocrx_word' id='word_1_639' title='bbox 2032 3233 2290 3294; x_wconf 83' lang='lat' dir='ltr'><strong>retinens,</strong></span> <span class='ocrx_word' id='word_1_640' title='bbox 2324 3230 2452 3282; x_wconf 85' lang='lat' dir='ltr'><strong>licet</strong></span> <span class='ocrx_word' id='word_1_641' title='bbox 2490 3228 2557 3281; x_wconf 88' lang='lat' dir='ltr'><strong>ab</strong></span> <span class='ocrx_word' id='word_1_642' title='bbox 2607 3225 2729 3278; x_wconf 87' lang='lat' dir='ltr'><strong>aliis</strong></span> <span class='ocrx_word' id='word_1_643' title='bbox 2780 3224 2935 3278; x_wconf 87' lang='lat' dir='ltr'><strong>aliter</strong></span> <span class='ocrx_word' id='word_1_644' title='bbox 2990 3225 3279 3288; x_wconf 85' lang='lat' dir='ltr'><strong>scribatur,</strong></span> <span class='ocrx_word' id='word_1_645' title='bbox 3339 3243 3461 3293; x_wconf 77' lang='lat' dir='ltr'><strong>qua:</strong></span> 
     </span>
    </p>
   </div>
   <div class='ocr_carea' id='block_1_93' title="bbox 1879 3318 3452 3391">
    <p class='ocr_par' dir='ltr' id='par_1_93' title="bbox 1879 3318 3452 3391">
     <span class='ocr_line' id='line_1_93' title="bbox 1879 3318 3452 3391; baseline -0.008 -12"><span class='ocrx_word' id='word_1_646' title='bbox 1879 3325 2053 3379; x_wconf 76' lang='lat' dir='ltr'><strong>Nicaea</strong></span> <span class='ocrx_word' id='word_1_647' title='bbox 2080 3321 2273 3391; x_wconf 84' lang='lat' dir='ltr'><strong>priscis</strong></span> <span class='ocrx_word' id='word_1_648' title='bbox 2307 3318 2713 3374; x_wconf 85' lang='lat' dir='ltr'><strong>est.Castaldus</strong></span> <span class='ocrx_word' id='word_1_649' title='bbox 2740 3331 2833 3384; x_wconf 90' lang='lat' dir='ltr'><strong>per</strong></span> <span class='ocrx_word' id='word_1_650' title='bbox 2858 3332 3096 3370; x_wconf 89' lang='lat' dir='ltr'><strong>errorem</strong></span> <span class='ocrx_word' id='word_1_651' title='bbox 3126 3333 3233 3370; x_wconf 87' lang='lat' dir='ltr'><strong>non</strong></span> <span class='ocrx_word' id='word_1_652' title='bbox 3265 3320 3452 3373; x_wconf 87' lang='lat' dir='ltr'><strong>urbem</strong></span> 
     </span>
    </p>
   </div>
   <div class='ocr_carea' id='block_1_94' title="bbox 1878 3407 3451 3481">
    <p class='ocr_par' dir='ltr' id='par_1_94' title="bbox 1878 3407 3451 3481">
     <span class='ocr_line' id='line_1_94' title="bbox 1878 3407 3451 3481; baseline -0.001 -15"><span class='ocrx_word' id='word_1_653' title='bbox 1878 3414 2113 3468; x_wconf 76' lang='lat' dir='ltr'><strong>Niczeam</strong></span> <span class='ocrx_word' id='word_1_654' title='bbox 2137 3422 2295 3466; x_wconf 87' lang='lat' dir='ltr'><strong>vocat</strong></span> <span class='ocrx_word' id='word_1_655' title='bbox 2322 3407 2629 3472; x_wconf 83' lang='lat' dir='ltr'><strong>lsnecham,</strong></span> <span class='ocrx_word' id='word_1_656' title='bbox 2664 3409 2757 3463; x_wconf 89' lang='lat' dir='ltr'><strong>sed</strong></span> <span class='ocrx_word' id='word_1_657' title='bbox 2786 3410 2961 3463; x_wconf 86' lang='lat' dir='ltr'><strong>lacum</strong></span> <span class='ocrx_word' id='word_1_658' title='bbox 3023 3410 3140 3464; x_wconf 86' lang='lat' dir='ltr'><strong>sive</strong></span> <span class='ocrx_word' id='word_1_659' title='bbox 3201 3411 3451 3481; x_wconf 82' lang='lat' dir='ltr'><strong>paludem</strong></span> 
     </span>
    </p>
   </div>
   <div class='ocr_carea' id='block_1_95' title="bbox 1879 3502 3454 3577">
    <p class='ocr_par' dir='ltr' id='par_1_95' title="bbox 1879 3502 3454 3577">
     <span class='ocr_line' id='line_1_95' title="bbox 1879 3502 3454 3577; baseline -0.001 -15"><span class='ocrx_word' id='word_1_660' title='bbox 1879 3509 2194 3570; x_wconf 83' lang='lat' dir='ltr'><strong>Ascaniam,</strong></span> <span class='ocrx_word' id='word_1_661' title='bbox 2232 3522 2353 3577; x_wconf 73' lang='lat' dir='ltr'><strong>qua:</strong></span> <span class='ocrx_word' id='word_1_662' title='bbox 2384 3514 2564 3560; x_wconf 85' lang='lat' dir='ltr'><strong>tamen</strong></span> <span class='ocrx_word' id='word_1_663' title='bbox 2598 3504 2757 3558; x_wconf 90' lang='lat' dir='ltr'><strong>hodie</strong></span> <span class='ocrx_word' id='word_1_664' title='bbox 2790 3502 2981 3559; x_wconf 86' lang='lat' dir='ltr'><strong>Turcis</strong></span> <span class='ocrx_word' id='word_1_665' title='bbox 3032 3506 3178 3561; x_wconf 83' lang='lat' dir='ltr'><strong>Acsu</strong></span> <span class='ocrx_word' id='word_1_666' title='bbox 3228 3507 3454 3568; x_wconf 89' lang='lat' dir='ltr'><strong>dicitur,</strong></span> 
     </span>
    </p>
   </div>
   <div class='ocr_carea' id='block_1_96' title="bbox 1882 3596 3453 3667">
    <p class='ocr_par' dir='ltr' id='par_1_96' title="bbox 1882 3596 3453 3667">
     <span class='ocr_line' id='line_1_96' title="bbox 1882 3596 3453 3667; baseline 0.001 -15"><span class='ocrx_word' id='word_1_667' title='bbox 1882 3599 2104 3652; x_wconf 88' lang='lat' dir='ltr'><strong>nomine</strong></span> <span class='ocrx_word' id='word_1_668' title='bbox 2134 3597 2477 3667; x_wconf 81' lang='lat' dir='ltr'><strong>signiﬁcante</strong></span> <span class='ocrx_word' id='word_1_669' title='bbox 2501 3611 2693 3666; x_wconf 88' lang='lat' dir='ltr'><strong>aquam</strong></span> <span class='ocrx_word' id='word_1_670' title='bbox 2745 3596 2924 3650; x_wconf 85' lang='lat' dir='ltr'><strong>albam</strong></span> <span class='ocrx_word' id='word_1_671' title='bbox 2979 3598 3094 3652; x_wconf 84' lang='lat' dir='ltr'><strong>sive</strong></span> <span class='ocrx_word' id='word_1_672' title='bbox 3151 3598 3453 3667; x_wconf 85' lang='lat' dir='ltr'><strong>limpidam.</strong></span> 
     </span>
    </p>
   </div>
   <div class='ocr_carea' id='block_1_97' title="bbox 1877 3687 3457 3757">
    <p class='ocr_par' dir='ltr' id='par_1_97' title="bbox 1877 3687 3457 3757">
     <span class='ocr_line' id='line_1_97' title="bbox 1877 3687 3457 3757; baseline 0.001 -14"><span class='ocrx_word' id='word_1_673' title='bbox 1877 3690 1933 3743; x_wconf 93' lang='lat' dir='ltr'><strong>ln</strong></span> <span class='ocrx_word' id='word_1_674' title='bbox 1968 3690 2156 3745; x_wconf 85' lang='lat' dir='ltr'><strong>multis</strong></span> <span class='ocrx_word' id='word_1_675' title='bbox 2184 3690 2329 3743; x_wconf 89' lang='lat' dir='ltr'><strong>enim</strong></span> <span class='ocrx_word' id='word_1_676' title='bbox 2368 3689 2588 3757; x_wconf 84' lang='lat' dir='ltr'><strong>antiqua</strong></span> <span class='ocrx_word' id='word_1_677' title='bbox 2622 3689 2841 3741; x_wconf 88' lang='lat' dir='ltr'><strong>nomina</strong></span> <span class='ocrx_word' id='word_1_678' title='bbox 2873 3687 2953 3742; x_wconf 90' lang='lat' dir='ltr'><strong>sic</strong></span> <span class='ocrx_word' id='word_1_679' title='bbox 3008 3688 3318 3754; x_wconf 85' lang='lat' dir='ltr'><strong>immutant,</strong></span> <span class='ocrx_word' id='word_1_680' title='bbox 3397 3701 3457 3746; x_wconf 89' lang='lat' dir='ltr'><strong>ut</strong></span> 
     </span>
    </p>
   </div>
   <div class='ocr_carea' id='block_1_98' title="bbox 1876 3780 3452 3852">
    <p class='ocr_par' dir='ltr' id='par_1_98' title="bbox 1876 3780 3452 3852">
     <span class='ocr_line' id='line_1_98' title="bbox 1876 3780 3452 3852; baseline 0.005 -21"><span class='ocrx_word' id='word_1_681' title='bbox 1876 3781 2183 3849; x_wconf 83' lang='lat' dir='ltr'><strong>priscorum</strong></span> <span class='ocrx_word' id='word_1_682' title='bbox 2216 3780 2631 3834; x_wconf 84' lang='lat' dir='ltr'><strong>similitudinem</strong></span> <span class='ocrx_word' id='word_1_683' title='bbox 2668 3780 2982 3843; x_wconf 87' lang='lat' dir='ltr'><strong>retinentia,</strong></span> <span class='ocrx_word' id='word_1_684' title='bbox 3029 3791 3210 3836; x_wconf 84' lang='lat' dir='ltr'><strong>tamen</strong></span> <span class='ocrx_word' id='word_1_685' title='bbox 3250 3784 3452 3852; x_wconf 89' lang='lat' dir='ltr'><strong>aliquid</strong></span> 
     </span>
    </p>
   </div>
   <div class='ocr_carea' id='block_1_99' title="bbox 1878 3868 3452 3945">
    <p class='ocr_par' dir='ltr' id='par_1_99' title="bbox 1878 3868 3452 3945">
     <span class='ocr_line' id='line_1_99' title="bbox 1878 3868 3452 3945; baseline 0.003 -19"><span class='ocrx_word' id='word_1_686' title='bbox 1878 3874 1930 3927; x_wconf 89' lang='lat' dir='ltr'><strong>in</strong></span> <span class='ocrx_word' id='word_1_687' title='bbox 1967 3873 2149 3941; x_wconf 86' lang='lat' dir='ltr'><strong>lingua</strong></span> <span class='ocrx_word' id='word_1_688' title='bbox 2170 3888 2267 3924; x_wconf 88' lang='lat' dir='ltr'><strong>sua</strong></span> <span class='ocrx_word' id='word_1_689' title='bbox 2301 3872 2633 3939; x_wconf 78' lang='lat' dir='ltr'><strong>signiﬁcent.</strong></span> <span class='ocrx_word' id='word_1_690' title='bbox 2676 3868 2866 3925; x_wconf 63' lang='lat' dir='ltr'><strong>Prusae</strong></span> <span class='ocrx_word' id='word_1_691' title='bbox 2922 3888 3117 3927; x_wconf 91' lang='lat' dir='ltr'><strong>nomen</strong></span> <span class='ocrx_word' id='word_1_692' title='bbox 3168 3875 3452 3945; x_wconf 88' lang='lat' dir='ltr'><strong>antiquum</strong></span> 
     </span>
    </p>
   </div>
   <div class='ocr_carea' id='block_1_100' title="bbox 1878 3958 3455 4036">
    <p class='ocr_par' dir='ltr' id='par_1_100' title="bbox 1878 3958 3455 4036">
     <span class='ocr_line' id='line_1_100' title="bbox 1878 3958 3455 4036; baseline 0.006 -23"><span class='ocrx_word' id='word_1_693' title='bbox 1878 3962 2096 4023; x_wconf 90' lang='lat' dir='ltr'><strong>retinui,</strong></span> <span class='ocrx_word' id='word_1_694' title='bbox 2125 3960 2343 4014; x_wconf 85' lang='lat' dir='ltr'><strong>tametsi</strong></span> <span class='ocrx_word' id='word_1_695' title='bbox 2392 3974 2537 4012; x_wconf 89' lang='lat' dir='ltr'><strong>nunc</strong></span> <span class='ocrx_word' id='word_1_696' title='bbox 2589 3958 2760 4013; x_wconf 88' lang='lat' dir='ltr'><strong>Bursa</strong></span> <span class='ocrx_word' id='word_1_697' title='bbox 2828 3961 2985 4031; x_wconf 86' lang='lat' dir='ltr'><strong>vulgo</strong></span> <span class='ocrx_word' id='word_1_698' title='bbox 3045 3962 3258 4017; x_wconf 88' lang='lat' dir='ltr'><strong>dicatur</strong></span> <span class='ocrx_word' id='word_1_699' title='bbox 3294 3982 3455 4036; x_wconf 73' lang='lat' dir='ltr'><strong>:quze</strong></span> 
     </span>
    </p>
   </div>
   <div class='ocr_carea' id='block_1_101' title="bbox 1875 4050 3458 4126">
    <p class='ocr_par' dir='ltr' id='par_1_101' title="bbox 1875 4050 3458 4126">
     <span class='ocr_line' id='line_1_101' title="bbox 1875 4050 3458 4126; baseline 0.003 -20"><span class='ocrx_word' id='word_1_700' title='bbox 1875 4068 1978 4106; x_wconf 88' lang='lat' dir='ltr'><strong>vox</strong></span> <span class='ocrx_word' id='word_1_701' title='bbox 2016 4054 2068 4105; x_wconf 92' lang='lat' dir='ltr'><strong>in</strong></span> <span class='ocrx_word' id='word_1_702' title='bbox 2094 4066 2337 4105; x_wconf 88' lang='lat' dir='ltr'><strong>errorem</strong></span> <span class='ocrx_word' id='word_1_703' title='bbox 2379 4052 2594 4119; x_wconf 90' lang='lat' dir='ltr'><strong>impulit</strong></span> <span class='ocrx_word' id='word_1_704' title='bbox 2621 4050 2951 4113; x_wconf 80' lang='lat' dir='ltr'><strong>Bonﬁnium,</strong></span> <span class='ocrx_word' id='word_1_705' title='bbox 2984 4064 3040 4107; x_wconf 88' lang='lat' dir='ltr'><strong>ut</strong></span> <span class='ocrx_word' id='word_1_706' title='bbox 3085 4052 3309 4124; x_wconf 86' lang='lat' dir='ltr'><strong>Byrsam</strong></span> <span class='ocrx_word' id='word_1_707' title='bbox 3360 4074 3458 4126; x_wconf 59' lang='grc' dir='ltr'><strong>θρα</strong></span> 
     </span>
    </p>
   </div>
   <div class='ocr_carea' id='block_1_102' title="bbox 1875 4142 3457 4213">
    <p class='ocr_par' dir='ltr' id='par_1_102' title="bbox 1875 4142 3457 4213">
     <span class='ocr_line' id='line_1_102' title="bbox 1875 4142 3457 4213; baseline 0.005 -17"><span class='ocrx_word' id='word_1_708' title='bbox 1875 4145 2099 4212; x_wconf 87' lang='lat' dir='ltr'><strong>pellaret</strong></span> <span class='ocrx_word' id='word_1_709' title='bbox 2130 4158 2145 4195; x_wconf 89' lang='lat'><strong>:</strong></span> <span class='ocrx_word' id='word_1_710' title='bbox 2178 4142 2333 4210; x_wconf 87' lang='lat' dir='ltr'><strong>quasi</strong></span> <span class='ocrx_word' id='word_1_711' title='bbox 2362 4156 2554 4194; x_wconf 89' lang='lat' dir='ltr'><strong>nomen</strong></span> <span class='ocrx_word' id='word_1_712' title='bbox 2592 4142 2693 4195; x_wconf 91' lang='lat' dir='ltr'><strong>hoc</strong></span> <span class='ocrx_word' id='word_1_713' title='bbox 2725 4142 2961 4206; x_wconf 88' lang='lat' dir='ltr'><strong>aliunde,</strong></span> <span class='ocrx_word' id='word_1_714' title='bbox 3012 4160 3175 4213; x_wconf 87' lang='lat' dir='ltr'><strong>qnam</strong></span> <span class='ocrx_word' id='word_1_715' title='bbox 3205 4161 3233 4199; x_wconf 89' lang='lat' dir='ltr'><strong>a</strong></span> <span class='ocrx_word' id='word_1_716' title='bbox 3284 4146 3457 4204; x_wconf 84' lang='lat' dir='ltr'><strong>Prusa</strong></span> 
     </span>
    </p>
   </div>
   <div class='ocr_carea' id='block_1_103' title="bbox 1876 4230 3461 4305">
    <p class='ocr_par' dir='ltr' id='par_1_103' title="bbox 1876 4230 3461 4305">
     <span class='ocr_line' id='line_1_103' title="bbox 1876 4230 3461 4305; baseline 0.004 -19"><span class='ocrx_word' id='word_1_717' title='bbox 1876 4248 2001 4301; x_wconf 76' lang='lat' dir='ltr'><strong>rege</strong></span> <span class='ocrx_word' id='word_1_718' title='bbox 2035 4232 2416 4301; x_wconf 86' lang='lat' dir='ltr'><strong>Bithynorum,</strong></span> <span class='ocrx_word' id='word_1_719' title='bbox 2452 4230 2741 4299; x_wconf 77' lang='lat' dir='ltr'><strong>acceperit.</strong></span> <span class='ocrx_word' id='word_1_720' title='bbox 2768 4231 2824 4283; x_wconf 90' lang='lat' dir='ltr'><strong>ln</strong></span> <span class='ocrx_word' id='word_1_721' title='bbox 2855 4230 3051 4287; x_wconf 86' lang='lat' dir='ltr'><strong>Leonis</strong></span> <span class='ocrx_word' id='word_1_722' title='bbox 3070 4234 3304 4305; x_wconf 85' lang='lat' dir='ltr'><strong>Augusti</strong></span> <span class='ocrx_word' id='word_1_723' title='bbox 3327 4253 3461 4293; x_wconf 85' lang='lat' dir='ltr'><strong>con—</strong></span> 
     </span>
    </p>
   </div>
   <div class='ocr_carea' id='block_1_104' title="bbox 1875 4319 3457 4392">
    <p class='ocr_par' dir='ltr' id='par_1_104' title="bbox 1875 4319 3457 4392">
     <span class='ocr_line' id='line_1_104' title="bbox 1875 4319 3457 4392; baseline 0.004 -15"><span class='ocrx_word' id='word_1_724' title='bbox 1875 4323 2158 4378; x_wconf 84' lang='lat' dir='ltr'><strong>stitutionc</strong></span> <span class='ocrx_word' id='word_1_725' title='bbox 2196 4323 2262 4376; x_wconf 92' lang='lat' dir='ltr'><strong>de</strong></span> <span class='ocrx_word' id='word_1_726' title='bbox 2285 4319 2543 4384; x_wconf 88' lang='lat' dir='ltr'><strong>Thronis,</strong></span> <span class='ocrx_word' id='word_1_727' title='bbox 2576 4322 2741 4374; x_wconf 86' lang='lat' dir='ltr'><strong>etiam</strong></span> <span class='ocrx_word' id='word_1_728' title='bbox 2767 4321 3056 4392; x_wconf 83' lang='lat' dir='ltr'><strong>Theopulis</strong></span> <span class='ocrx_word' id='word_1_729' title='bbox 3090 4329 3201 4381; x_wconf 82' lang='lat' dir='ltr'><strong>sive</strong></span> <span class='ocrx_word' id='word_1_730' title='bbox 3232 4327 3321 4384; x_wconf 89' lang='lat' dir='ltr'><strong>Dei</strong></span> <span class='ocrx_word' id='word_1_731' title='bbox 3373 4332 3457 4385; x_wconf 87' lang='lat' dir='ltr'><strong>ci-</strong></span> 
     </span>
    </p>
   </div>
   <div class='ocr_carea' id='block_1_105' title="bbox 1874 4412 3454 4486">
    <p class='ocr_par' dir='ltr' id='par_1_105' title="bbox 1874 4412 3454 4486">
     <span class='ocr_line' id='line_1_105' title="bbox 1874 4412 3454 4486; baseline 0.004 -17"><span class='ocrx_word' id='word_1_732' title='bbox 1874 4417 2015 4469; x_wconf 86' lang='lat' dir='ltr'><strong>vitas</strong></span> <span class='ocrx_word' id='word_1_733' title='bbox 2036 4415 2470 4484; x_wconf 78' lang='lat' dir='ltr'><strong>cognominatur.</strong></span> <span class='ocrx_word' id='word_1_734' title='bbox 2494 4412 2638 4465; x_wconf 86' lang='lat' dir='ltr'><strong>ldeni</strong></span> <span class='ocrx_word' id='word_1_735' title='bbox 2662 4414 3129 4481; x_wconf 78' lang='lat' dir='ltr'><strong>ClaudiOpolitano</strong></span> <span class='ocrx_word' id='word_1_736' title='bbox 3161 4420 3454 4486; x_wconf 69' lang='lat' dir='ltr'><strong>provincia:</strong></span> 
     </span>
    </p>
   </div>
   <div class='ocr_carea' id='block_1_106' title="bbox 1882 4595 3457 4667">
    <p class='ocr_par' dir='ltr' id='par_1_106' title="bbox 1882 4595 3457 4667">
     <span class='ocr_line' id='line_1_106' title="bbox 1882 4595 3457 4667; baseline 0.004 -17"><span class='ocrx_word' id='word_1_737' title='bbox 1882 4597 2025 4665; x_wconf 85' lang='lat' dir='ltr'><strong>quod</strong></span> <span class='ocrx_word' id='word_1_738' title='bbox 2058 4595 2179 4649; x_wconf 86' lang='lat' dir='ltr'><strong>ideo</strong></span> <span class='ocrx_word' id='word_1_739' title='bbox 2214 4596 2533 4653; x_wconf 87' lang='lat' dir='ltr'><strong>notandum,</strong></span> <span class='ocrx_word' id='word_1_740' title='bbox 2567 4596 2692 4663; x_wconf 88' lang='lat' dir='ltr'><strong>quia</strong></span> <span class='ocrx_word' id='word_1_741' title='bbox 2727 4595 3068 4667; x_wconf 79' lang='lat' dir='ltr'><strong>Busbequius</strong></span> <span class='ocrx_word' id='word_1_742' title='bbox 3122 4602 3173 4653; x_wconf 91' lang='lat' dir='ltr'><strong>in</strong></span> <span class='ocrx_word' id='word_1_743' title='bbox 3230 4602 3457 4657; x_wconf 77' lang='lat' dir='ltr'><strong>Linera-</strong></span> 
     </span>
    </p>
   </div>
   <div class='ocr_carea' id='block_1_107' title="bbox 1880 4682 3459 4759">
    <p class='ocr_par' dir='ltr' id='par_1_107' title="bbox 1880 4682 3459 4759">
     <span class='ocr_line' id='line_1_107' title="bbox 1880 4682 3459 4759; baseline 0.008 -24"><span class='ocrx_word' id='word_1_744' title='bbox 1880 4684 1964 4736; x_wconf 89' lang='lat' dir='ltr'><strong>rio</strong></span> <span class='ocrx_word' id='word_1_745' title='bbox 2000 4682 2319 4736; x_wconf 77' lang='lat' dir='ltr'><strong>Prusiadam</strong></span> <span class='ocrx_word' id='word_1_746' title='bbox 2362 4700 2486 4735; x_wconf 89' lang='lat' dir='ltr'><strong>cum</strong></span> <span class='ocrx_word' id='word_1_747' title='bbox 2526 4685 2696 4737; x_wconf 83' lang='lat' dir='ltr'><strong>Prnsa</strong></span> <span class='ocrx_word' id='word_1_748' title='bbox 2730 4687 2996 4751; x_wconf 82' lang='lat' dir='ltr'><strong>confudit,</strong></span> <span class='ocrx_word' id='word_1_749' title='bbox 3032 4688 3267 4759; x_wconf 77' lang='lat' dir='ltr'><strong>Teggiur</strong></span> <span class='ocrx_word' id='word_1_750' title='bbox 3322 4692 3459 4747; x_wconf 80' lang='lat' dir='ltr'><strong>Tur~</strong></span> 
     </span>
    </p>
   </div>
   <div class='ocr_carea' id='block_1_108' title="bbox 1880 4773 3458 4844">
    <p class='ocr_par' dir='ltr' id='par_1_108' title="bbox 1880 4773 3458 4844">
     <span class='ocr_line' id='line_1_108' title="bbox 1880 4773 3458 4844; baseline 0.008 -17"><span class='ocrx_word' id='word_1_751' title='bbox 1880 4773 2016 4828; x_wconf 79' lang='lat' dir='ltr'><strong>eiset</strong></span> <span class='ocrx_word' id='word_1_752' title='bbox 2074 4774 2364 4841; x_wconf 66' lang='lat' dir='ltr'><strong>provincia:</strong></span> <span class='ocrx_word' id='word_1_753' title='bbox 2393 4787 2614 4842; x_wconf 70' lang='lat' dir='ltr'><strong>praeses,</strong></span> <span class='ocrx_word' id='word_1_754' title='bbox 2647 4792 2807 4843; x_wconf 86' lang='lat' dir='ltr'><strong>quem</strong></span> <span class='ocrx_word' id='word_1_755' title='bbox 2843 4777 2944 4844; x_wconf 90' lang='lat' dir='ltr'><strong>ipsi</strong></span> <span class='ocrx_word' id='word_1_756' title='bbox 2983 4795 3132 4833; x_wconf 92' lang='lat' dir='ltr'><strong>more</strong></span> <span class='ocrx_word' id='word_1_757' title='bbox 3164 4797 3265 4835; x_wconf 88' lang='lat' dir='ltr'><strong>suo</strong></span> <span class='ocrx_word' id='word_1_758' title='bbox 3288 4784 3458 4839; x_wconf 82' lang='lat' dir='ltr'><strong>dono-</strong></span> 
     </span>
    </p>
   </div>
   <div class='ocr_carea' id='block_1_109' title="bbox 1882 4865 3457 4940">
    <p class='ocr_par' dir='ltr' id='par_1_109' title="bbox 1882 4865 3457 4940">
     <span class='ocr_line' id='line_1_109' title="bbox 1882 4865 3457 4940; baseline 0.01 -22"><span class='ocrx_word' id='word_1_759' title='bbox 1882 4866 2089 4918; x_wconf 89' lang='lat' dir='ltr'><strong>minant</strong></span> <span class='ocrx_word' id='word_1_760' title='bbox 2114 4881 2143 4917; x_wconf 89' lang='lat' dir='ltr'><strong>a</strong></span> <span class='ocrx_word' id='word_1_761' title='bbox 2176 4865 2445 4933; x_wconf 82' lang='lat' dir='ltr'><strong>cujusque</strong></span> <span class='ocrx_word' id='word_1_762' title='bbox 2473 4868 2764 4933; x_wconf 70' lang='lat' dir='ltr'><strong>provincia:</strong></span> <span class='ocrx_word' id='word_1_763' title='bbox 2812 4874 3119 4940; x_wconf 84' lang='lat' dir='ltr'><strong>metropoli.</strong></span> <span class='ocrx_word' id='word_1_764' title='bbox 3184 4875 3457 4934; x_wconf 87' lang='lat' dir='ltr'><strong>Laonicus</strong></span> 
     </span>
    </p>
   </div>
   <div class='ocr_carea' id='block_1_110' title="bbox 1883 4953 3457 5031">
    <p class='ocr_par' dir='ltr' id='par_1_110' title="bbox 1883 4953 3457 5031">
     <span class='ocr_line' id='line_1_110' title="bbox 1883 4953 3457 5031; baseline 0.012 -26"><span class='ocrx_word' id='word_1_765' title='bbox 1883 4953 2207 5007; x_wconf 78' lang='lat' dir='ltr'><strong>llarmosten</strong></span> <span class='ocrx_word' id='word_1_766' title='bbox 2257 4956 2515 5020; x_wconf 86' lang='lat' dir='ltr'><strong>reddidit,</strong></span> <span class='ocrx_word' id='word_1_767' title='bbox 2569 4972 2688 5027; x_wconf 63' lang='lat' dir='ltr'><strong>qua}</strong></span> <span class='ocrx_word' id='word_1_768' title='bbox 2746 4976 2847 5013; x_wconf 81' lang='lat' dir='ltr'><strong>vox</strong></span> <span class='ocrx_word' id='word_1_769' title='bbox 2898 4964 3124 5031; x_wconf 88' lang='lat' dir='ltr'><strong>antiquo</strong></span> <span class='ocrx_word' id='word_1_770' title='bbox 3180 4965 3457 5026; x_wconf 86' lang='lat' dir='ltr'><strong>Laconum</strong></span> 
     </span>
    </p>
   </div>
   <div class='ocr_carea' id='block_1_111' title="bbox 1882 5044 3456 5128">
    <p class='ocr_par' dir='ltr' id='par_1_111' title="bbox 1882 5044 3456 5128">
     <span class='ocr_line' id='line_1_111' title="bbox 1882 5044 3456 5128; baseline 0.011 -32"><span class='ocrx_word' id='word_1_771' title='bbox 1882 5059 1981 5096; x_wconf 83' lang='lat' dir='ltr'><strong>usu</strong></span> <span class='ocrx_word' id='word_1_772' title='bbox 2017 5044 2284 5111; x_wconf 81' lang='lat' dir='ltr'><strong>signillcat</strong></span> <span class='ocrx_word' id='word_1_773' title='bbox 2318 5060 2441 5098; x_wconf 90' lang='lat' dir='ltr'><strong>eum</strong></span> <span class='ocrx_word' id='word_1_774' title='bbox 2484 5048 2573 5113; x_wconf 85' lang='lat' dir='ltr'><strong>qui</strong></span> <span class='ocrx_word' id='word_1_775' title='bbox 2618 5049 2698 5101; x_wconf 80' lang='lat' dir='ltr'><strong>vel</strong></span> <span class='ocrx_word' id='word_1_776' title='bbox 2724 5052 2775 5101; x_wconf 93' lang='lat' dir='ltr'><strong>in</strong></span> <span class='ocrx_word' id='word_1_777' title='bbox 2812 5052 3020 5118; x_wconf 89' lang='lat' dir='ltr'><strong>urbem,</strong></span> <span class='ocrx_word' id='word_1_778' title='bbox 3064 5055 3147 5109; x_wconf 86' lang='lat' dir='ltr'><strong>vel</strong></span> <span class='ocrx_word' id='word_1_779' title='bbox 3187 5060 3456 5128; x_wconf 88' lang='lat' dir='ltr'><strong>regionem</strong></span> 
     </span>
    </p>
   </div>
   <div class='ocr_carea' id='block_1_112' title="bbox 1881 5137 3459 5209">
    <p class='ocr_par' dir='ltr' id='par_1_112' title="bbox 1881 5137 3459 5209">
     <span class='ocr_line' id='line_1_112' title="bbox 1881 5137 3459 5209; baseline 0.011 -20"><span class='ocrx_word' id='word_1_780' title='bbox 1881 5137 2108 5205; x_wconf 90' lang='lat' dir='ltr'><strong>imperio</strong></span> <span class='ocrx_word' id='word_1_781' title='bbox 2134 5137 2434 5204; x_wconf 88' lang='lat' dir='ltr'><strong>subjectam</strong></span> <span class='ocrx_word' id='word_1_782' title='bbox 2462 5139 2712 5202; x_wconf 88' lang='lat' dir='ltr'><strong>mittitur,</strong></span> <span class='ocrx_word' id='word_1_783' title='bbox 2744 5150 2799 5194; x_wconf 90' lang='lat' dir='ltr'><strong>ut</strong></span> <span class='ocrx_word' id='word_1_784' title='bbox 2852 5141 2973 5209; x_wconf 84' lang='lat' dir='ltr'><strong>ejus</strong></span> <span class='ocrx_word' id='word_1_785' title='bbox 3036 5161 3125 5199; x_wconf 90' lang='lat' dir='ltr'><strong>res</strong></span> <span class='ocrx_word' id='word_1_786' title='bbox 3165 5151 3459 5206; x_wconf 86' lang='lat' dir='ltr'><strong>constituat</strong></span> 
     </span>
    </p>
   </div>
   <div class='ocr_carea' id='block_1_113' title="bbox 1879 5228 3455 5304">
    <p class='ocr_par' dir='ltr' id='par_1_113' title="bbox 1879 5228 3455 5304">
     <span class='ocr_line' id='line_1_113' title="bbox 1879 5228 3455 5304; baseline 0.01 -25"><span class='ocrx_word' id='word_1_787' title='bbox 1879 5243 1943 5281; x_wconf 90' lang='lat' dir='ltr'><strong>ac</strong></span> <span class='ocrx_word' id='word_1_788' title='bbox 1976 5228 2249 5295; x_wconf 80' lang='lat' dir='ltr'><strong>disponat.</strong></span> <span class='ocrx_word' id='word_1_789' title='bbox 2280 5228 2487 5280; x_wconf 67' lang='lat' dir='ltr'><strong>Prtetor</strong></span> <span class='ocrx_word' id='word_1_790' title='bbox 2526 5243 2710 5283; x_wconf 88' lang='lat' dir='ltr'><strong>noster</strong></span> <span class='ocrx_word' id='word_1_791' title='bbox 2744 5231 2937 5285; x_wconf 89' lang='lat' dir='ltr'><strong>ducem</strong></span> <span class='ocrx_word' id='word_1_792' title='bbox 2990 5236 3227 5304; x_wconf 83' lang='lat' dir='ltr'><strong>regionis</strong></span> <span class='ocrx_word' id='word_1_793' title='bbox 3285 5240 3455 5294; x_wconf 86' lang='lat' dir='ltr'><strong>inter—</strong></span> 
     </span>
    </p>
   </div>
   <div class='ocr_carea' id='block_1_114' title="bbox 1880 5317 3455 5399">
    <p class='ocr_par' dir='ltr' id='par_1_114' title="bbox 1880 5317 3455 5399">
     <span class='ocr_line' id='line_1_114' title="bbox 1880 5317 3455 5399; baseline 0.013 -33"><span class='ocrx_word' id='word_1_794' title='bbox 1880 5327 2150 5385; x_wconf 82' lang='lat' dir='ltr'><strong>pretatur,</strong></span> <span class='ocrx_word' id='word_1_795' title='bbox 2176 5318 2268 5386; x_wconf 92' lang='lat' dir='ltr'><strong>qui</strong></span> <span class='ocrx_word' id='word_1_796' title='bbox 2298 5317 2502 5372; x_wconf 66' lang='lat' dir='ltr'><strong>Graecis</strong></span> <span class='ocrx_word' id='word_1_797' title='bbox 2525 5330 2604 5373; x_wconf 90' lang='lat' dir='ltr'><strong>est</strong></span> <span class='ocrx_word' id='word_1_798' title='bbox 2648 5322 2930 5391; x_wconf 85' lang='lat' dir='ltr'><strong>Higemon.</strong></span> <span class='ocrx_word' id='word_1_799' title='bbox 2977 5325 3065 5379; x_wconf 82' lang='lat' dir='ltr'><strong>Sic</strong></span> <span class='ocrx_word' id='word_1_800' title='bbox 3120 5330 3263 5383; x_wconf 87' lang='lat' dir='ltr'><strong>enim</strong></span> <span class='ocrx_word' id='word_1_801' title='bbox 3336 5349 3455 5399; x_wconf 89' lang='lat' dir='ltr'><strong>per-</strong></span> 
     </span>
    </p>
   </div>
   <div class='ocr_carea' id='block_1_115' title="bbox 1881 5411 3456 5494">
    <p class='ocr_par' dir='ltr' id='par_1_115' title="bbox 1881 5411 3456 5494">
     <span class='ocr_line' id='line_1_115' title="bbox 1881 5411 3456 5494; baseline 0.011 -32"><span class='ocrx_word' id='word_1_802' title='bbox 1881 5411 2243 5463; x_wconf 84' lang='lat' dir='ltr'><strong>turbationem</strong></span> <span class='ocrx_word' id='word_1_803' title='bbox 2280 5426 2460 5463; x_wconf 89' lang='lat' dir='ltr'><strong>rerum</strong></span> <span class='ocrx_word' id='word_1_804' title='bbox 2487 5412 2536 5464; x_wconf 91' lang='lat' dir='ltr'><strong>in</strong></span> <span class='ocrx_word' id='word_1_805' title='bbox 2568 5416 2693 5467; x_wconf 81' lang='lat' dir='ltr'><strong>Asia</strong></span> <span class='ocrx_word' id='word_1_806' title='bbox 2725 5417 2919 5469; x_wconf 90' lang='lat' dir='ltr'><strong>minori</strong></span> <span class='ocrx_word' id='word_1_807' title='bbox 2948 5420 3284 5487; x_wconf 87' lang='lat' dir='ltr'><strong>describens,</strong></span> <span class='ocrx_word' id='word_1_808' title='bbox 3334 5438 3456 5494; x_wconf 80' lang='lat' dir='ltr'><strong>post</strong></span> 
     </span>
    </p>
   </div>
   <div class='ocr_carea' id='block_1_116' title="bbox 1879 5500 3451 5580">
    <p class='ocr_par' dir='ltr' id='par_1_116' title="bbox 1879 5500 3451 5580">
     <span class='ocr_line' id='line_1_116' title="bbox 1879 5500 3451 5580; baseline 0.013 -31"><span class='ocrx_word' id='word_1_809' title='bbox 1879 5509 2196 5567; x_wconf 82' lang='lat' dir='ltr'><strong>oceupatam</strong></span> <span class='ocrx_word' id='word_1_810' title='bbox 2233 5516 2261 5552; x_wconf 89' lang='lat' dir='ltr'><strong>a</strong></span> <span class='ocrx_word' id='word_1_811' title='bbox 2292 5500 2545 5555; x_wconf 83' lang='lat' dir='ltr'><strong>Flandris</strong></span> <span class='ocrx_word' id='word_1_812' title='bbox 2591 5505 3135 5577; x_wconf 80' lang='lat' dir='ltr'><strong>Constantinopolim,</strong></span> <span class='ocrx_word' id='word_1_813' title='bbox 3197 5514 3310 5567; x_wconf 89' lang='lat' dir='ltr'><strong>ait:</strong></span> <span class='ocrx_word' id='word_1_814' title='bbox 3351 5516 3451 5580; x_wconf 89' lang='lat' dir='ltr'><strong>Qui</strong></span> 
     </span>
    </p>
   </div>
   <div class='ocr_carea' id='block_1_117' title="bbox 1877 5592 3451 5675">
    <p class='ocr_par' dir='ltr' id='par_1_117' title="bbox 1877 5592 3451 5675">
     <span class='ocr_line' id='line_1_117' title="bbox 1877 5592 3451 5675; baseline 0.011 -32"><span class='ocrx_word' id='word_1_815' title='bbox 1877 5592 2041 5644; x_wconf 78' lang='lat' dir='ltr'><strong>duces</strong></span> <span class='ocrx_word' id='word_1_816' title='bbox 2073 5592 2193 5646; x_wconf 88' lang='lat' dir='ltr'><strong>aliis</strong></span> <span class='ocrx_word' id='word_1_817' title='bbox 2228 5594 2279 5645; x_wconf 91' lang='lat' dir='ltr'><strong>in</strong></span> <span class='ocrx_word' id='word_1_818' title='bbox 2317 5594 2449 5647; x_wconf 83' lang='lat' dir='ltr'><strong>locis</strong></span> <span class='ocrx_word' id='word_1_819' title='bbox 2482 5596 2571 5647; x_wconf 85' lang='lat' dir='ltr'><strong>alii</strong></span> <span class='ocrx_word' id='word_1_820' title='bbox 2622 5597 2839 5651; x_wconf 80' lang='lat' dir='ltr'><strong>fuerant</strong></span> <span class='ocrx_word' id='word_1_821' title='bbox 2911 5601 3195 5669; x_wconf 83' lang='lat' dir='ltr'><strong>hactenus,</strong></span> <span class='ocrx_word' id='word_1_822' title='bbox 3255 5607 3451 5675; x_wconf 85' lang='lat' dir='ltr'><strong>singuli</strong></span> 
     </span>
    </p>
   </div>
   <div class='ocr_carea' id='block_1_118' title="bbox 1879 5682 3453 5760">
    <p class='ocr_par' dir='ltr' id='par_1_118' title="bbox 1879 5682 3453 5760">
     <span class='ocr_line' id='line_1_118' title="bbox 1879 5682 3453 5760; baseline 0.012 -27"><span class='ocrx_word' id='word_1_823' title='bbox 1879 5682 2150 5749; x_wconf 63' lang='lat' dir='ltr'><strong>regionem</strong></span> <span class='ocrx_word' id='word_1_824' title='bbox 2182 5686 2637 5741; x_wconf 87' lang='lat' dir='ltr'><strong>administratiOui</strong></span> <span class='ocrx_word' id='word_1_825' title='bbox 2661 5706 2772 5745; x_wconf 73' lang='lat' dir='ltr'><strong>sua:</strong></span> <span class='ocrx_word' id='word_1_826' title='bbox 2804 5695 3169 5760; x_wconf 87' lang='lat' dir='ltr'><strong>commissam,</strong></span> <span class='ocrx_word' id='word_1_827' title='bbox 3197 5712 3340 5751; x_wconf 89' lang='lat' dir='ltr'><strong>nunc</strong></span> <span class='ocrx_word' id='word_1_828' title='bbox 3368 5701 3453 5752; x_wconf 85' lang='lat' dir='ltr'><strong>sui</strong></span> 
     </span>
    </p>
   </div>
   <div class='ocr_carea' id='block_1_119' title="bbox 1876 5775 3451 5857">
    <p class='ocr_par' dir='ltr' id='par_1_119' title="bbox 1876 5775 3451 5857">
     <span class='ocr_line' id='line_1_119' title="bbox 1876 5775 3451 5857; baseline 0.011 -32"><span class='ocrx_word' id='word_1_829' title='bbox 1876 5775 2012 5841; x_wconf 81' lang='lat' dir='ltr'><strong>juris</strong></span> <span class='ocrx_word' id='word_1_830' title='bbox 2046 5775 2347 5833; x_wconf 83' lang='lat' dir='ltr'><strong>cﬂicicbant</strong></span> <span class='ocrx_word' id='word_1_831' title='bbox 2385 5800 2397 5834; x_wconf 86' lang='lat'><strong>:</strong></span> <span class='ocrx_word' id='word_1_832' title='bbox 2428 5784 2505 5837; x_wconf 87' lang='lat' dir='ltr'><strong>vel</strong></span> <span class='ocrx_word' id='word_1_833' title='bbox 2540 5785 2603 5837; x_wconf 84' lang='lat' dir='ltr'><strong>aJ</strong></span> <span class='ocrx_word' id='word_1_834' title='bbox 2645 5786 2745 5839; x_wconf 91' lang='lat' dir='ltr'><strong>hoc</strong></span> <span class='ocrx_word' id='word_1_835' title='bbox 2774 5786 2991 5854; x_wconf 88' lang='lat' dir='ltr'><strong>impulsi</strong></span> <span class='ocrx_word' id='word_1_836' title='bbox 3020 5797 3164 5841; x_wconf 90' lang='lat' dir='ltr'><strong>motu</strong></span> <span class='ocrx_word' id='word_1_837' title='bbox 3209 5791 3451 5857; x_wconf 79' lang='lat' dir='ltr'><strong>prOprio.</strong></span> 
     </span>
    </p>
   </div>
  </div>
