4198 6426
221 369 329 431 τις

1388 371 1537 432 ΡΑΝ
1551 367 1791 430 DECTE
1833 368 2029 432 lilST.
2066 369 2109 427 Τ
2118 367 2361 430 URCIC-

3375 366 3476 432 τις

213 497 383 543 ream.
425 492 759 538 commutare
783 485 974 539 solent.
1013 485 1219 551 Aspros
1247 495 1427 539 autem
1458 500 1611 548 voco,
1648 484 1793 537 Lati-
1822 487 1869 545 Α
1897 498 1961 536 ex
1991 484 2265 538 drachmai
2296 482 2555 539 vocabulo
2580 482 2768 538 Grieco
2804 480 3116 535 mutilatum
3142 490 3247 536 est.
3300 481 3475 549 Ipsith-

214 590 336 629 nam
376 590 560 627 vocent
593 574 913 630 Nummnlos
941 578 1260 645 respiciens.
1290 592 1407 646 qua:
1429 576 1797 643 subintelligi-

212 681 317 723 tor.
354 667 487 722 Nam
518 667 688 723 Graeci
724 671 937 739 quidem
986 672 1157 738 Aspra
1180 672 1388 725 dicunt.
1412 669 1478 724 Et
1526 679 1653 725 sunt
1701 670 1800 722 du-

220 764 404 827 plicia,
432 763 633 831 majoia
666 764 1003 831 min0raque.
1039 764 1239 817 Minora
1263 764 1418 832 vulgo
1448 765 1498 816 in
1520 780 1619 817 usu
1650 774 1796 827 sunt,

213 855 420 922 majora
440 867 701 909 vocamur
736 855 992 923 peculiari
1010 871 1137 909 voce
1163 854 1558 922 Siderocapsia.
1590 854 1797 925 Qmppp

212 944 576 1015 Sidvrocapsa
606 962 801 999 nomen
826 947 1124 1015 estoppidi,
1151 946 1292 1014 quod
1315 964 1341 1000 e
1359 949 1578 1015 regione
1598 947 1797 1002 Thaa~i

210 1038 377 1091 situm
421 1047 526 1100 est,
590 1054 755 1107 prOpe
828 1049 1067 1091 montem
1098 1051 1370 1102 sanctum,
1406 1042 1472 1091 de
1497 1053 1608 1108 quo
1638 1038 1797 1108 paulo

211 1138 339 1181 ante
362 1128 593 1183 dictum.
629 1129 706 1183 Eo
739 1131 859 1183 loco
896 1140 1003 1182 tam
1038 1131 1179 1195 auri,
1236 1146 1397 1199 quam
1450 1132 1661 1198 argenti
1719 1130 1795 1183 fo-

207 1220 353 1275 dinte
377 1230 503 1275 sunt
528 1222 698 1291 (unde
731 1222 1022 1276 Chrvsiten
1058 1223 1191 1277 Livii
1249 1232 1401 1292 putat
1450 1237 1570 1277 esse
1624 1221 1793 1275 Bello-

209 1313 385 1377 iiins),
408 1324 461 1369 et
485 1331 640 1384 aspra
668 1318 977 1386 signantur,
1008 1317 1216 1370 caneris
1248 1315 1476 1383 majora,
1502 1316 1702 1385 quibus
1724 1320 1792 1370 ab

207 1408 410 1473 oppido
440 1407 951 1478 Siderocapsiorum
991 1410 1187 1463 mansit
1244 1408 1509 1463 hactenus
1560 1409 1793 1478 appella-

208 1501 307 1552 tio.
344 1499 557 1569 Recipit
582 1502 696 1555 haec
730 1511 936 1569 tantum
975 1503 1225 1557 sultanus
1250 1501 1574 1562 Turcorum.
1606 1502 1792 1557 etsuis

211 1592 484 1648 thesauris
517 1593 697 1649 infert.
731 1594 930 1649 Eadem
953 1605 1142 1665 erogat
1167 1596 1218 1649 in
1247 1596 1477 1649 militum
1507 1595 1792 1649 ministro-

208 1699 441 1752 rnmque
473 1701 700 1740 suorum
736 1687 1024 1756 stipendia.
1059 1688 1269 1741 Minora
1291 1686 1449 1756 plane
1467 1703 1574 1740 non
1596 1687 1791 1740 admit-

206 1776 293 1838 tit,
323 1778 590 1846 quidquid
620 1779 833 1833 tandem
870 1780 917 1835 ei
941 1782 1256 1836 solvendum
1285 1781 1375 1834 sit.
1404 1780 1477 1835 De
1527 1780 1789 1849 iperperis

1910 576 2161 646 ponderis
2187 578 2447 629 rationem
2491 577 2542 629 in
2575 578 2752 645 aspris
2779 576 2889 645 jant
2950 574 3330 644 exposuimus.
3387 582 3470 637 An

1906 682 2036 721 vero
2070 665 2357 723 Turcicum
2389 667 2613 735 antiquo
2641 667 2864 735 ponderi
2893 667 3082 722 Graeco
3126 668 3466 737 respondeat,

1906 758 2185 826 disputare
2219 775 2364 813 nunc
2400 760 2588 822 religio
2611 770 2715 823 est,
2743 774 2809 812 ne
2834 759 3023 813 lectori
3061 759 3290 813 nimium
3324 760 3470 813 velut

1904 864 2056 907 extra
2092 863 2263 909 metas
2300 854 2543 925 vagando
2569 854 2779 908 molesti
2835 854 3026 909 simus.
3090 853 3288 909 Scachi
3352 870 3473 923 per-

1905 962 2067 1015 quam
2104 948 2414 1017 frequentes
2447 949 2497 999 in
2527 946 2725 1000 Turcia
2764 956 2889 999 sunt
2916 946 3019 1000 hoc
3055 956 3317 1015 tempore,
3350 963 3468 1000 nio-

1905 1049 2028 1092 neta
2060 1038 2259 1094 l’ersici
2294 1042 2472 1094 scachi
2506 1044 2619 1095 sive
2650 1039 2815 1107 regis,
2853 1040 2994 1092 unde
3020 1054 3216 1093 nomen
3249 1040 3467 1105 habent,

1904 1130 2208 1186 Turcorum
2243 1133 2415 1185 hostis
2457 1132 2761 1187 accerritni.
2799 1129 3006 1201 Singuli
3066 1131 3247 1185 valent
3273 1149 3468 1200 aspros

1904 1221 2173 1277 'I'urcicos
2207 1231 2350 1275 octo.
2411 1221 2678 1276 Sultanini
2734 1237 2798 1275 ex
2838 1237 2971 1274 auro
2996 1231 3142 1282 sunt,
3197 1224 3467 1289 quondam

1903 1311 2157 1378 appellati
2190 1311 2432 1364 Soldani.
2467 1311 2555 1366 Sic
2586 1314 2728 1366 enim
2768 1314 2908 1380 apud
2936 1311 3315 1369 Belvaccnsem
3352 1314 3471 1368 loco

1896 1408 2007 1470 jam
2041 1404 2277 1458 indicato
2304 1405 2887 1475 legintus,argentariar
2907 1405 3139 1461 fructum
3168 1408 3221 1462 in
3254 1407 3466 1462 Lebena

1901 1494 2031 1565 (non
2065 1498 2308 1567 procula
2340 1498 2610 1571 Sebastia)
2670 1500 2835 1555 fuisse
2893 1512 3003 1557 tres
3050 1512 3197 1556 rotas
3259 1507 3468 1571 argenti
3508 1556 3513 1562 ,

1899 1587 2165 1653 depurati,
2200 1589 2304 1643 hoc
2333 1602 2436 1646 est.
2463 1592 2563 1644 tria
2593 1591 2758 1645 millia
2792 1593 3164 1647 soldanorum.
3212 1593 3465 1662 Ejusdem

1900 1696 2022 1733 cum
2068 1682 2308 1736 soldanis
2340 1692 2495 1736 erant
2523 1692 2634 1737 tum
2666 1686 2943 1752 ponderis,
2969 1699 3080 1740 tum
3134 1690 3314 1757 pretii,
3372 1692 3465 1757 qui

1897 1774 2205 1828 Graecorum
2241 1776 2629 1844 imperatorum
2652 1780 2987 1847 temporibus
3016 1779 3254 1858 Byzantii
3291 1782 3469 1836 nomi-

202 1870 545 1923 observanda
572 1877 803 1940 primum
827 1875 1014 1928 vitiosa
1034 1874 1324 1943 scriptura.
1352 1874 1465 1926 Non
1484 1877 1627 1927 enim
1653 1875 1791 1941 iper-
1823 1877 1863 1932 Β
1896 1868 2164 1922 nabantur
2188 1910 2203 1932 ,
2235 1882 2287 1923 et
2314 1870 2593 1941 Byzantini
2635 1890 2649 1928 :
2685 1875 3019 1929 characteris
3053 1877 3316 1930 duntaxat
3375 1894 3465 1931 ra-

207 1976 340 2027 pera
366 1964 528 2017 scrihi
558 1966 774 2030 debent,
806 1967 897 2021 sed
932 1968 1252 2039 liyperpyra.
1292 1968 1586 2035 Pulologus
1614 1980 1796 2023 neater

203 2044 699 2128 hyperpyri'vocem
721 2060 897 2113 habet.
922 2059 1129 2114 Manuel
1155 2062 1202 2115 M
1210 2062 1411 2115 usicius
1423 2062 1794 2127 Atheniensis,

204 2138 579 2221 interrogatus
616 2167 644 2206 a
677 2168 762 2207 me
819 2154 1010 2222 quanti
1040 2164 1246 2223 putaret
1265 2155 1639 2209 aestimandum
1697 2154 1795 2225 hy-

204 2246 947 2314 perpyron:responbebat,
1015 2248 1408 2317 propemodum
1470 2264 1568 2317 par
1630 2250 1793 2316 hujus

206 2337 450 2404 pretium
471 2351 592 2391 esse
619 2338 860 2392 marcelli
878 2341 1117 2408 argentei
1138 2339 1321 2393 Veneti
1350 2341 1542 2409 pretio.
1562 2339 1789 2405 Quidam

207 2425 400 2481 Italico
423 2445 643 2482 nummo
680 2429 821 2483 Julio
848 2440 1032 2499 putant
1059 2438 1400 2501 aquantium.
1427 2431 1686 2500 Equidem
1705 2450 1793 2489 ac-

205 2532 399 2574 curate
418 2523 642 2591 pretium
664 2536 986 2593 suppntans,
1011 2525 1352 2598 hyperpyron
1371 2530 1587 2583 invenio
1610 2531 1790 2585 valere

208 2625 407 2665 novem
426 2615 697 2670 cruciatos
731 2631 825 2670 seu
849 2629 1237 2685 quarantanos.
1271 2618 1465 2673 incola:
1486 2620 1666 2690 Cyprii
1701 2638 1787 2674 re-

206 2705 298 2775 gni
321 2705 669 2776 prius,quam
690 2705 1047 2760 Barbarorum
1067 2708 1310 2763 subirent
1326 2710 1529 2779 jugum,
1552 2713 1605 2765 in
1627 2713 1788 2781 quin-

204 2812 318 2867 que
332 2796 542 2852 diversa
563 2798 843 2854 hominum
858 2817 1050 2870 genera
1070 2800 1561 2857 distribuebantur.
1581 2802 1783 2857 Horum

203 2889 335 2944 aliis
356 2891 595 2954 omissis,
630 2892 773 2962 quod
808 2894 931 2948 huic
980 2895 1227 2949 instituto
1277 2907 1461 2950 nostro
1531 2900 1783 2966 quadrat,

202 2997 497 3052 exponam.
530 2982 698 3036 Inlimi
720 2983 931 3053 generis
947 2985 1351 3053 appellabantur
1372 2985 1571 3049 Pariki,
1596 2990 1783 3043 eundi-

205 3074 381 3129 tionis
403 3075 652 3128 homines
681 3075 914 3139 servilis,
953 3092 1127 3146 usque
1152 3076 1289 3130 adeo
1348 3078 1587 3134 dominis
1641 3082 1783 3134 obli-

202 3166 321 3233 gati
361 3169 746 3232 propemodum
779 3176 837 3218 ut
890 3164 1010 3218 vitae
1041 3168 1296 3235 necisque
1337 3177 1655 3236 potesnttem
1726 3171 1776 3222 in

201 3275 303 3314 eos
326 3258 606 3312 haberent.
632 3256 835 3311 Nomen
867 3259 1042 3327 ipsum
1083 3256 1284 3325 Parthi,
1309 3259 1506 3315 Graece
1552 3263 1781 3330 originis

202 3362 312 3407 est.
346 3350 479 3405 Nam
515 3353 768 3419 πάροικοι
792 3351 1054 3405 dicuntur
1080 3350 1302 3415 Gracis,
1340 3354 1482 3408 sicut
1518 3365 1571 3408 et
1609 3353 1779 3408 Justi-

206 3446 380 3499 ttiano
406 3444 650 3513 Angusto
685 3444 1010 3514 παροικικδν
1040 3445 1289 3510 νόμιμον,
1321 3446 1410 3513 jus
1440 3448 1775 3500 eolonarium

202 3551 317 3594 est.
350 3539 655 3592 Secundum
688 3539 786 3591 hos
820 3538 1047 3604 proxittti
1093 3542 1429 3591 vocabantur
1456 3543 1614 3609 vulgo
1659 3538 1781 3593 Lef-

202 3628 456 3698 teri,qui
495 3629 790 3698 quidemet
815 3627 915 3697 ipsi
958 3627 1273 3681 Paricorum
1307 3644 1400 3682 seu
1457 3634 1777 3685 colonorum

200 3732 371 3779 erant
401 3737 432 3775 e
470 3735 719 3784 numero,
750 3721 843 3775 sed
864 3721 953 3790 qui
990 3720 1067 3773 vel
1095 3720 1483 3778 interveniente.
1529 3728 1776 3790 pecunia,

202 3816 290 3870 vel
349 3814 521 3885 gratia
578 3813 940 3876 dominorum,
998 3815 1203 3865 velalia
1236 3815 1465 3882 quadam
1515 3818 1599 3869 via
1644 3815 1777 3871 libe-

204 3919 413 3964 rtatem
446 3913 884 3975 impetraverant,
910 3907 1123 3958 diversa
1147 3914 1326 3960 tamen
1360 3910 1584 3961 ratione.
1607 3909 1747 3978 Quip
1766 3938 1779 3949 -

200 4020 272 4075 pe
307 4002 555 4057 nonnulli
583 4003 825 4056 absolute
855 3998 1007 4053 liberi
1032 3996 1400 4052 efﬁciebantur
1422 4037 1435 4061 ,
1487 4015 1610 4053 cum
1664 4002 1777 4065 alii,

200 4096 485 4163 personali
512 4096 778 4148 duntaxat
809 4092 1057 4146 libertate
1085 4092 1259 4159 potiti,
1285 4091 1454 4143 nihilo
1487 4092 1664 4144 minus
1691 4107 1778 4145 re-

200 4208 333 4245 rum
367 4202 586 4244 suarum
624 4189 839 4239 nomine
869 4185 1109 4239 dominis
1131 4194 1315 4237 essent
1346 4185 1600 4251 obligati;
1629 4194 1777 4252 puta,

198 4283 506 4353 quotannis
535 4291 591 4335 ut
621 4279 887 4332 solverent
914 4278 1249 4347 principibus
1278 4287 1373 4331 aut
1400 4278 1670 4332 nobilibus
1703 4282 1781 4331 vi—

202 4396 307 4437 rts,
348 4375 661 4444 quindecim
694 4373 775 4426 vel
803 4372 1101 4431 sexdecnu,
1126 4371 1245 4439 plus
1284 4381 1378 4424 aut
1402 4371 1605 4433 minus,
1660 4386 1779 4437 per-

201 4486 344 4541 pyra
382 4470 480 4538 (sic
521 4468 663 4521 enim
692 4472 945 4533 corrupte
973 4463 1257 4531 vocabant)
1282 4462 1441 4530 cujus
1462 4462 1515 4513 itt
1536 4463 1779 4537 perpyris

1902 1962 2049 2016 tione
2078 1962 2302 2021 diversi.
2333 1964 2706 2021 Consimiliter
2732 1977 2785 2021 et
2811 1969 3111 2033 serapliini,
3158 1985 3300 2039 quos
3356 1971 3465 2039 pri-

1898 2073 2020 2111 mus
2049 2074 2113 2111 ex
2148 2060 2390 2113 soldanis
2420 2059 2688 2129 AEgyptiis
2721 2060 2961 2129 signavit
2981 2061 3407 2132 Mclechseraph,
3434 2080 3463 2116 a

1897 2165 2006 2217 quo
2040 2167 2235 2206 nomen
2254 2152 2414 2206 etiam
2440 2154 2543 2209 hoc
2568 2154 2847 2208 consecuti
2882 2166 3026 2208 sunt.
3050 2155 3465 2225 CltrysiniGraa-

1896 2247 1977 2299 cis
1997 2260 2026 2297 a
2048 2246 2242 2315 chryso
2268 2246 2546 2309 dicuntur,
2568 2256 2625 2300 ut
2645 2247 2712 2300 ab
2730 2262 2867 2300 auro
2896 2248 3050 2301 nobis
3080 2251 3232 2303 aurei
3272 2268 3285 2304 :
3315 2253 3463 2319 quod

1897 2337 2087 2391 imitati
2109 2336 2293 2403 Turci,
2314 2354 2441 2393 suos
2459 2342 2571 2393 sive
2594 2342 2841 2403 ducatos,
2861 2342 3005 2410 quod
3035 2357 3231 2394 nomen
3280 2358 3309 2395 a
3360 2341 3464 2395 Ve-

1894 2438 2140 2483 netorum
2160 2431 2390 2485 ducibus
2409 2431 2709 2501 profectum
2726 2433 2986 2496 arbitror,
3002 2433 3118 2487 sive
3132 2434 3461 2499 sultnninos,

1892 2524 1961 2575 ab
1986 2523 2166 2576 Altum
2217 2533 2542 2578 vocaverunt
2579 2526 2862 2579 Altutnler.
2888 2525 3283 2597 Chrysinorum
3335 2533 3461 2599 qni-

1892 2617 2012 2668 dem
2050 2617 2101 2668 itt
2137 2617 2339 2686 aliquot
2359 2615 2561 2672 Graecis
2590 2627 2641 2671 et
2658 2618 2913 2673 Asiaticis
2932 2623 3300 2676 monumentis
3320 2627 3462 2676 anti-

1890 2707 2013 2774 quis
2034 2723 2227 2762 nomen
2248 2709 2682 2773 observavimus,
2704 2724 2824 2777 quat
2841 2709 3197 2777 aliovlectores
3221 2712 3455 2766 habituri

1890 2799 2009 2854 loco
2044 2812 2193 2854 sunt.

1959 2890 2110 2954 Quod
2148 2888 2447 2959 Egyptias,
2480 2890 2758 2954 Arabicas.
2796 2892 3159 2963 Syriacasque
3212 2907 3460 2950 monetas

1886 2981 2095 3042 attinet,
2147 2983 2336 3035 Irarum
2376 2998 2588 3051 quoque
2643 3000 2789 3039 nunc
2847 2996 3054 3039 mutata
3084 2990 3262 3044 ratio:
3320 2993 3463 3045 sicut

1883 3089 1949 3127 ex
1985 3074 2082 3126 hac
2114 3073 2524 3144 consignatione
2551 3075 2613 3130 Ι).
2644 3073 2957 3147 Hieronymi
2994 3078 3135 3134 Beck
3167 3094 3193 3133 a
3231 3080 3459 3151 Leopol-

1884 3166 2062 3219 (Μαι-ί
2092 3166 2273 3221 videre
2289 3177 2390 3242 est,
2418 3168 2511 3236 qui
2546 3170 2716 3237 pretia
2751 3168 3091 3239 singularum
3140 3176 3370 3237 notavit,
3405 3187 3461 3229 ut

1845 3265 1850 3270 '
1880 3272 2033 3313 erant
2052 3275 2198 3313 anno
2226 3260 2383 3324 1551,
2407 3276 2528 3314 cum
2553 3262 2671 3317 illas
2694 3272 2869 3318 terras
2897 3267 3272 3333 perlustraret.
3294 3269 3457 3330 Zibit.

1879 3352 2043 3425 me
2087 3354 2212 3408 δι’τεί
2255 3356 2521 3409 nuntmuli
2561 3358 2858 3426 pcrexigui,
2894 3360 3044 3427 signa
3094 3363 3272 3432 potius
3308 3379 3458 3425 sunt,

1881 3466 2044 3517 quam
2074 3448 2307 3503 moneta.
2343 3449 2458 3504 Duo
2480 3453 2655 3506 valent
2687 3469 2851 3506 unum
2888 3454 3088 3519 Direm,
3121 3457 3214 3524 qui
3248 3472 3301 3511 et
3332 3458 3448 3526 ipse

1882 3560 2139 3599 nummus
2186 3554 2269 3599 est
2316 3560 2513 3600 :creus.
2574 3546 2687 3600 Duo
2721 3546 2897 3600 Direm
2929 3548 3107 3602 valent
3146 3548 3453 3605 Nuccarnm

1883 3650 2075 3696 unttm,
2112 3635 2203 3703 qui
2236 3650 2492 3691 nummus
2522 3646 2606 3690 est
2627 3650 2802 3691 terens
2846 3639 3041 3707 major,
3082 3655 3211 3694 cum
3260 3644 3458 3696 litteris

1882 3725 2149 3781 Arabicis.
2175 3726 2405 3781 Nuccari
2425 3737 2659 3797 quatuor
2684 3730 2863 3782 valent
2888 3733 3225 3787 nummulum
3258 3750 3423 3804 argen
3444 3764 3459 3776 -

1883 3826 2051 3879 teum,
2074 3831 2235 3884 quem
2268 3816 2472 3871 Arabes
2496 3816 2855 3883 Osmannnm,
2887 3818 3050 3875 Turci
3077 3825 3243 3891 Achs,
3279 3825 3453 3880 Graeci

1880 3909 2091 3976 Asprou
2111 3910 2569 3963 vocant.Nuccari
2599 3927 2688 3964 sex
2719 3912 2926 3967 faciunt
2947 3929 3230 3970 nummum
3258 3932 3453 3987 argen-

1879 4007 2027 4051 teum
2048 4000 2600 4071 majnsculum,quetn
2622 4002 2913 4058 Maidinum
2936 4006 3015 4059 vel
3033 4005 3246 4061 Cottam
3273 4012 3449 4063 nomi-

1882 4104 2034 4147 nant.
2066 4092 2335 4149 Maidinus
2362 4095 2443 4149 vel
2466 4095 2643 4166 Caua,
2670 4095 3008 4151 Osmannutn
3029 4115 3197 4153 unum
3226 4116 3350 4155 cunt
3372 4102 3457 4155 di-

1883 4187 1953 4240 mi
1980 4189 2049 4239 lio
2069 4190 2216 4251 lacit,
2233 4198 2283 4241 et
2298 4199 2532 4256 quatuor
2558 4188 2875 4245 Marcbettts
2890 4188 3111 4247 Venetis
3126 4196 3453 4260 aestimatur,

1880 4279 1965 4332 vel
2004 4290 2129 4332 octo
2158 4279 2364 4333 Bezziis
2399 4282 2515 4335 sive
2550 4281 2719 4349 nigris
2774 4284 3072 4336 nummulis
3091 4282 3453 4349 Germanicis,

1880 4386 2112 4441 quorum
2145 4382 2256 4426 tres
2311 4373 2607 4430 coniiciunt
2644 4390 2807 4427 unum
2846 4377 3172 4432 cruciatum.
3234 4376 3450 4442 Scacht,

1881 4465 2113 4528 majores
2145 4466 2384 4533 argentei
2432 4464 2664 4528 nummi,
2704 4480 2935 4530 quorum
2968 4467 3167 4537 singuli
3216 4478 3454 4538 quatuor

201 4564 563 4618 ιιιιιιιεηιιιιω
597 4559 840 4628 pecunia:
902 4571 1089 4616 causa,
1141 4554 1466 4623 Perpyriarii
1522 4554 1777 4607 diceban-
1810 4568 1851 4622 ι)
1882 4555 2188 4616 niaidinos;
2227 4556 2415 4607 decem
2452 4570 2603 4619 vero,
2641 4553 2938 4609 Turcicnm
2969 4571 3198 4611 aureum
3247 4562 3449 4615 valent.

201 4664 324 4709 tur.
393 4653 674 4721 Agnoscit,
723 4648 937 4717 opinor,
988 4660 1147 4699 voces
1192 4646 1360 4698 lector
1430 4644 1776 4710 depravatas,

201 4764 336 4802 cum
368 4754 421 4799 et
452 4746 750 4814 ltyperpyra
785 4740 888 4794 dici
925 4738 1176 4801 debeant,
1214 4747 1268 4791 et
1320 4736 1619 4801 Eleutheri,
1686 4735 1780 4803 qui

206 4838 371 4893 liberi
403 4847 552 4900 sunt,
577 4846 631 4886 et
658 4832 1065 4903 llyperpyrarii,
1093 4830 1183 4896 qui
1212 4830 1455 4896 singulos
1496 4828 1545 4879 in
1608 4841 1779 4880 annos

207 4935 520 5001 hyperpyra
560 4928 797 4980 solvunt.
837 4925 893 4977 δι
923 4924 1046 4991 quis
1067 4924 1302 4989 deniqtte
1328 4921 1555 4988 pretium
1582 4925 1781 4988 hyper-

207 5038 475 5095 pyrorum
510 5033 843 5087 cognosCere
871 5019 1043 5083 cupit,
1099 5015 1372 5080 expendat
1428 5014 1538 5065 haec
1598 5011 1781 5064 Belva-

204 5114 397 5167 censis
435 5111 616 5169 verba,
644 5109 711 5162 de
743 5107 864 5161 libri
900 5123 1024 5169 xxx,
1047 5117 1219 5174 capite
1248 5105 1375 5157 ηδε
1418 5119 1437 5153 ι
1472 5101 1637 5154 Terra
1667 5100 1783 5154 Sol-

205 5206 342 5258 dani
368 5204 580 5255 valebat
616 5202 664 5254 ei
690 5202 929 5270 quotidie
976 5198 1186 5253 000000
1234 5198 1501 5266 iperpera,
1536 5213 1552 5242 ι
1596 5195 1647 5246 id
1700 5204 1785 5247 est

206 5295 394 5352 57000
424 5309 636 5349 marcas
667 5294 875 5361 argenti
908 5310 923 5357 ;
956 5296 1046 5346 sed
1077 5292 1228 5360 prius
1251 5291 1535 5357 scriptura:
1592 5286 1782 5340 tollent

206 5393 347 5445 dum
372 5389 583 5449 vitium,
614 5393 673 5439 ut
692 5402 789 5454 pro
810 5383 985 5439 57000
1012 5383 1209 5437 marcis
1230 5383 1459 5451 argenti.
1489 5380 1629 5433 5700
1648 5395 1786 5434 mar-

206 5497 306 5539 caa
378 5494 727 5549 reponamus.
784 5476 852 5532 Et
885 5476 1055 5530 nihilo
1114 5476 1295 5528 minus
1328 5476 1438 5527 iIEBC
1467 5474 1579 5540 ipsa
1633 5488 1783 5527 sum-

211 5591 304 5631 ma
337 5582 630 5640 proventus
652 5570 951 5639 quotidiani
1004 5577 1151 5621 tanta
1202 5568 1414 5619 videtur
1461 5581 1601 5630 esse,
1652 5580 1786 5633 pene

210 5668 380 5721 litem
424 5675 485 5716 ut
514 5664 708 5716 mereri
739 5669 989 5729 nequeat.
1029 5659 1134 5713 Sed
1159 5660 1303 5711 enim
1334 5655 1664 5726 pergendum
1715 5657 1782 5708 ad

210 5760 349 5812 alia.
382 5757 553 5821 Quam
583 5756 820 5807 diximus
863 5753 1130 5809 dramam.
1198 5765 1295 5818 pro
1342 5751 1474 5803 certi
1529 5749 1785 5817 ponderis

212 5852 364 5921 apud
392 5848 598 5903 Turcos
634 5862 851 5899 nomine
878 5847 1049 5898 lector
1079 5848 1330 5911 accipiat,
1362 5842 1505 5913 quod
1562 5842 1783 5911 quidem

548 5940 817 5998 ιἠιιυι.
848 5941 960 5997 Gtt.
1006 5937 1117 5996 CLI
1134 5934 1208 5993 Χ.

1882 4645 2085 4709 Altum,

1881 4737 2239 4807 quadraginta
2276 4739 2557 4798 maidinos,
2589 4739 2668 4793 vel
2732 4755 2920 4807 aspros
2949 4743 3249 4813 sexaginta.
3280 4745 3454 4797 Coro-

1881 4829 1993 4882 nati
2024 4830 2170 4882 aurei
2204 4829 2433 4899 pretium
2462 4842 2576 4883 erat
2650 4831 2870 4883 maidini
2915 4834 3135 4901 triginta
3184 4834 3448 4903 quinque.

1884 4918 2084 4971 Horum
2117 4934 2243 4971 vero
2274 4935 2435 4986 quam
2473 4938 2613 4973 nuttc
2646 4923 2757 4974 sint
2790 4933 2947 4975 aucta
3008 4923 3201 4991 pretia,
3260 4925 3444 4993 depte'

1886 5010 2116 5062 hendere
2146 5011 2317 5064 lector
2344 5026 2408 5063 ex
2437 5014 2687 5077 superius
2716 5012 2965 5065 indicatis
2994 5023 3190 5081 potest.

1954 5099 2142 5155 Obiter
2206 5104 2442 5173 denique
2502 5106 2629 5160 huic
2688 5107 3034 5175 explicationi
3086 5109 3155 5163 de
3210 5112 3448 5163 monetis

1886 5194 2239 5262 adjungitor,
2312 5197 2557 5250 sulianos
2631 5195 2934 5251 Turcorttnt
3001 5211 3109 5251 tant
3201 5201 3253 5251 iit
3316 5201 3450 5267 ipsis

1886 5287 2146 5355 auspiciis
2225 5290 2478 5356 imperii,
2553 5290 3008 5356 quemadmodum
3065 5290 3449 5360 Spanduginus

1887 5381 2159 5435 memoriae
2221 5383 2476 5449 prodidit,
2520 5397 2679 5450 quam
2739 5381 2983 5436 victoriis
3044 5388 3241 5450 potitos
3333 5384 3452 5437 illo-

1886 5474 2109 5536 stribus,
2142 5485 2234 5527 aut
2281 5475 2424 5528 natis
2464 5474 2772 5528 ttaeredibus
2806 5474 3058 5528 masculis
3084 5476 3445 5536 exsultantes.

1889 5567 2032 5620 sicut
2086 5569 2140 5620 in
2191 5568 2476 5621 annalibus
2544 5567 2693 5621 hisce
2746 5567 2952 5621 nostris
3032 5570 3228 5637 passim
3269 5569 3446 5620 anim-

1889 5659 2167 5713 advertere
2200 5660 2343 5718 licet.
2377 5675 2567 5726 aspros
2595 5675 2760 5714 novos
2787 5661 3006 5728 signare
3042 5660 3256 5712 solitos.
3291 5660 3447 5723 Quod

1888 5750 2101 5817 quidem
2154 5751 2240 5803 tibi
2280 5749 2480 5803 factum
2510 5762 2612 5816 est,
2648 5767 2805 5803 usum
2856 5765 3139 5819 asprorum
3204 5761 3447 5805 veterum

1894 5841 2187 5895 itilcrtiitto
2256 5841 2527 5910 publicato
2602 5843 2929 5911 prohibent.
2991 5843 3332 5911 Quapropter
3384 5845 3449 5895 ab

2986 5932 3060 5992 2's

2161 4659 2364 4699 aureus
2435 4646 2749 4712 Tureicus,
2816 4650 3026 4701 valebat
3083 4651 3135 4703 id
3190 4653 3453 4719 temporis
3546 4704 3547 4707 η
