4198 6426
771 357 871 384 ⁷⁵94⁴

780 383 864 416 t’ii

1997 364 2314 424 IOANNIS
2367 366 2815 429 LiilINLLAV‘ll

3892 384 4004 448 743

766 471 1019 524 omnibus
1087 471 1150 522 ad
1216 471 1289 523 rei
1334 471 1646 524 monetarise
1677 487 1768 539 pra
1792 472 1969 524 fertos‘
2006 474 2326 529 deferuntur
2354 487 2400 543 Α
2431 480 2539 532 lum
2564 483 2852 548 signiﬁcat.
2878 481 3017 536 Sunt
3047 495 3224 538 aulem
3250 487 3380 556 ipsis
3409 488 3527 542 loco
3555 491 4004 547 vexillorumsiie

768 576 998 623 veteres,
1065 579 1126 615 ac
1176 579 1270 629 pro
1301 562 1563 615 duodecin
1627 565 1895 617 veteribus
1941 569 2088 634 aSpri
2134 568 2319 622 decem

768 658 893 708 novi
925 657 1208 707 solvuntur
1241 670 1254 709 :
1285 655 1349 708 de
1381 670 1488 722 quo
1520 671 1648 708 sane
1675 657 1883 709 lucrum
1924 659 2153 712 sultauis
2184 659 2322 713 haud

769 748 1022 816 exiguum
1050 746 1313 815 provenit.
1339 745 1688 813 Inquisitores
1704 749 1865 800 etiam
1890 751 2323 816 constituuntur,

772 842 865 908 qui
898 856 965 893 an
996 840 1162 908 aliqui
1200 851 1406 891 veteres
1454 854 1642 906 aspros
1675 841 1960 901 retineant.
2010 845 2323 900 observent.

773 931 836 984 lli
905 931 1065 983 variis
1133 940 1356 982 utuntur
1392 929 1721 997 ,iraudibus,
1780 943 1833 985 et
1866 935 2031 987 multa
2082 937 2327 1004 nequiter

772 1023 1138 1076 committunt.
1175 1020 1302 1088 Ejus
1333 1028 1510 1071 autem
1564 1021 1696 1074 lucri
1744 1038 1908 1076 causa
1962 1025 2327 1080 Muchcmeles

771 1113 1087 1175 secundus,
1149 1113 1237 1178 qui
1290 1111 1816 1179 Constantiimpolini
1854 1115 2017 1181 cepit,
2076 1117 2326 1184 singulis,

768 1207 956 1258 decem
987 1204 1140 1255 annis
1170 1218 1360 1270 aspros
1387 1206 1631 1270 signabat
1655 1219 1844 1258 novos.
1880 1204 2128 1259 Fortasse
2149 1218 2326 1262 tamen

773 1299 876 1352 hoc
940 1299 1101 1352 etiam
1138 1296 1328 1349 iecisse
1384 1297 1549 1347 videri
1605 1298 1775 1363 possit
1833 1300 1898 1349 ad
1970 1299 2327 1354 imitationem

769 1390 1107 1456 antiquitatis
1137 1384 1410 1445 Romanae,
1454 1387 1608 1452 cujus
1669 1386 1722 1438 in
1775 1389 2116 1442 numismatis
2171 1392 2330 1446 toties

771 1492 853 1537 est
877 1482 1112 1550 reperire
1134 1490 1253 1532 vota
1279 1479 1618 1543 decennalia,
1646 1481 1968 1546 vicenualia,
1990 1483 2328 1537 tricennalia.

770 1573 884 1628 Non
915 1571 1328 1651 eninqduhium
1381 1579 1483 1636 est,
1534 1570 1925 1626 Muchemetem
2005 1575 2327 1634 semiudum,

770 1679 930 1734 quem
969 1664 1231 1728 diximus,
1285 1663 1429 1715 velut
1462 1665 1515 1714 in
1547 1662 1663 1728 ipso
1695 1677 2068 1715 successorem
2106 1664 2331 1732 imperio

768 1757 932 1810 multa
951 1756 1138 1826 priscis
1155 1757 1203 1807 in
1224 1754 1502 1822 Augustis,
1523 1768 1661 1822 quos
1679 1769 1776 1823 pro
1792 1753 2175 1809 decessoribus
2217 1756 2330 1810 suis

2424 574 2700 642 signorum
2733 575 3065 640 militarium,
3116 578 3278 646 globi,
3319 580 3447 633 terei
3481 581 3749 644 deaurari,
3784 600 4003 637 somnio

2424 665 2477 718 in
2527 666 2707 718 hastili
2757 667 2942 720 deﬁxit
2987 686 3000 721 ε
3056 672 3445 740 circump‘exis
3472 689 3533 727 ac
3566 675 4010 742 depemlentibus

2425 761 2663 827 undique
2691 776 2784 813 seu
2827 763 3056 816 crinium
3109 764 3486 834 colligatorum
3537 767 3846 834 manipulis.
3904 785 4010 821 seu

2425 854 2611 906 caudis
2652 853 2889 921 equinis.
2936 852 3130 908 Vertici
3186 872 3470 924 pomorum
3521 859 3635 912 sive
3689 860 4009 927 globnruin,

2424 960 2558 1013 quos
2603 945 2860 1010 dixi.uus,
2925 963 3314 1018 nonnunquam
3401 951 3527 1004 luna
3582 967 3838 1008 crescens
3895 957 4006 1007 im-

2429 1040 2666 1104 ponitur.
2709 1036 3027 1107 llujusmodi
3088 1042 3239 1107 signa
3300 1043 3557 1096 militaria
3600 1046 3754 1114 plura
3804 1048 4011 1114 gestari

2429 1130 2663 1183 vidimus
2708 1142 2832 1183 ante
2879 1133 3092 1186 bassam
3145 1149 3240 1186 seu
3287 1136 3662 1204 bcglcrbegum
3713 1135 4010 1190 Tenue-sxa-

2431 1237 2670 1286 renscm,
2727 1239 2850 1275 eum
2905 1225 2950 1277 is
3032 1225 3189 1278 nobis
3258 1225 3787 1296 Constantinopolim
3849 1229 4016 1280 ituris

2429 1317 2739 1365 decurreret
2776 1313 2828 1364 in
2865 1314 3105 1382 planitie,
3166 1324 3287 1382 post
3337 1319 3661 1370 desci-nsum
3713 1334 3740 1368 a
3803 1318 4014 1370 montis

2430 1397 2599 1453 Πετιιί
2639 1401 2876 1465 clisuris,
2942 1418 3046 1456 non
3121 1406 3306 1473 procul
3370 1421 3399 1458 a
3467 1404 3865 1469 Tatarbasare,
3915 1406 4012 1474 qui

2431 1491 2581 1546 locus
2610 1508 2638 1546 a
2676 1493 2796 1546 foro
2831 1495 3154 1549 'l‘ataroruin
3187 1513 3383 1551 nomen
3441 1499 3625 1562 habet,
3673 1501 3738 1552 ad
3788 1501 4011 1552 tertium

2432 1585 2842 1655 aPliilippopoli
2918 1587 3150 1656 lapidem
3210 1606 3222 1643 :
3280 1591 3372 1644 ubi
3439 1608 3540 1646 nos
3591 1603 4008 1660 praetereuntem

2433 1679 2586 1748 regio
2644 1695 2766 1733 cum
2827 1682 3109 1747 comitatu,
3172 1696 3478 1752 magnoque
3548 1686 3884 1737 camelarum
3959 1694 4013 1737 it

2433 1769 2661 1823 aliorum
2713 1770 3088 1839 jumentorum
3145 1788 3397 1835 numero,
3467 1774 3824 1844 (summaries
3885 1791 4008 1828 cor-

769 1851 1042 1913 nabcbat,
1092 1864 1154 1902 ex
1202 1846 1498 1900 ambitione
1521 1848 1752 1914 quadam
1791 1845 2034 1900 aemulari
2070 1847 2325 1903 voluisse.
2363 1842 2401 1898 Β
2428 1876 2583 1934 τηρεε
2617 1875 2771 1920 vocat
2808 1865 3174 1934 Bchacensis’
3204 1868 3296 1937 qui
3326 1867 3527 1923 amcis
3579 1869 3799 1922 εεωπη
3857 1881 4008 1929 sum.

1121 1959 1522 2029 i9.Sugutzuc,
1575 1958 1746 2022 Certe,
1814 1959 1955 2014 Boii.

842 2051 976 2105 Dicit
1008 2061 1196 2104 auctor
1221 2051 1499 2103 annalium
1535 2051 1834 2103 existimari
1857 2052 2034 2121 vulgo,
2062 2052 2328 2119 sepultum

765 2144 1056 2195 Gsmaneni
1108 2141 1173 2196 ad
1246 2137 1541 2207 Sugutzuc,
1585 2141 1675 2207 qui
1726 2142 1877 2195 locus
1930 2157 1958 2194 a
2006 2143 2193 2197 salice-
2233 2158 2331 2195 no-

769 2253 890 2290 men
929 2237 1138 2288 habeat.
1170 2234 1370 2286 Narrat
1407 2241 1585 2286 autem
1638 2233 1822 2286 Laonii
1845 2251 1929 2297 us,
1981 2251 2100 2289 esse
2151 2235 2329 2290 vicum

767 2331 916 2398 iuxta
965 2327 1211 2398 Mysiam,
1263 2340 1422 2394 quem
1463 2326 1653 2378 incola:
1695 2325 1952 2396 Sogutam
1991 2337 2202 2392 vocent,
2241 2329 2330 2382 ubi

765 2428 962 2478 llumen
1012 2421 1082 2472 sit
1113 2418 1353 2487 ejusdem
1392 2419 1646 2472 nominis.
1709 2420 1766 2474 lu
1837 2420 1942 2473 hoc
1996 2422 2114 2476 vico
2171 2423 2334 2476 tradit

769 2514 1078 2582 aliquandiu
1109 2512 1385 2566 habitasse
1415 2513 1669 2579 Oguzios,
1701 2524 1752 2564 et
1800 2512 1973 2580 ipsum
2011 2511 2330 2567 Otlnuanem

767 2608 1099 2662 domicilium
1131 2605 1332 2658 ibidem
1362 2605 1638 2660 habuisse.
1671 2605 1967 2658 Putabatur
2005 2605 2166 2672 igitur
2205 2607 2328 2660 istic

764 2702 1050 2761 conditus,
1105 2699 1193 2751 ubi
1246 2697 1562 2766 plerumque
1613 2696 1812 2767 degere
1871 2698 2061 2751 solitus
2134 2697 2329 2752 fuerat.

768 2792 931 2844 Addit
977 2791 1160 2849 etiam,
1214 2802 1374 2858 posse
1425 2787 1608 2841 locum
1649 2788 1906 2855 appellari
1961 2787 2141 2840 \‘ictlm
2172 2787 2330 2842 “222.

769 2885 860 2937 Sic
908 2883 1050 2937 enim
1101 2880 1271 2934 reddit
1323 2879 1608 2946 interpres,
1661 2895 1845 2933 secum
1897 2879 1951 2933 iu
1989 2896 2226 2934 errorem
2281 2891 2333 2933 et

767 2979 902 3030 alios
931 2973 1225 3043 abripiens.
1257 2970 1374 3025 Non
1405 2974 1546 3024 enim
1599 2971 1753 3038 lttcae,
1786 2973 1878 3025 sed
1923 2973 2104 3026 salicis
2158 2973 2331 3052 vicum

767 3071 945 3122 dicere
1002 3067 1281 3129 debuerat,
1327 3079 1445 3133 qua:
1476 3063 1677 3118 Grzecis
1724 3068 1842 3118 inea
1912 3077 2158 3120 vocatur.
2201 3065 2334 3120 Ger-

767 3160 932 3224 mani,
965 3173 1192 3228 quorum
1245 3157 1428 3226 lingua
1457 3157 1845 3231 componendis
1893 3159 2204 3213 nominibus
2237 3175 2330 3226 per
2355 3193 2397 3251 α

764 3260 849 3305 est
925 3251 1160 3310 idonea,
1229 3245 1553 3300 Falbcrdorf
1640 3249 2140 3314 interpretarentur.
2216 3250 2322 3304 Sed

764 3342 1083 3404 notandum,
1125 3354 1154 3392 a
1189 3338 1424 3392 Laonico
1447 3347 1568 3408 post
1630 3335 1844 3409 Sogutzc
1885 3356 2092 3406 vocem,
2146 3343 2322 3394 omitti

764 3435 985 3484 alteram
1041 3429 1324 3484 Turcicam
1357 3427 1482 3492 Gui,
1536 3430 1764 3482 duarum
1810 3431 2164 3500 syllabarum,
2204 3447 2323 3498 quae

767 3540 941 3577 vicum
993 3539 1088 3576 seu
1139 3537 1331 3590 pagum
1393 3521 1684 3590 signillcat.
1720 3521 1773 3573 ln
1805 3523 2091 3576 annalibus
2125 3525 2324 3576 nostris

765 3625 1039 3683 bugutzug
1068 3616 1282 3683 legitur,
1303 3627 1429 3665 voce
1461 3611 1700 3666 novellas
1735 3613 1850 3665 sive
1886 3624 2099 3665 teneras
2131 3616 2325 3666 salices

763 3708 1121 3778 signiﬁcante,
1170 3705 1253 3759 vel
1292 3703 1571 3758 saliceiuiu
1644 3703 1866 3772 potius:
1935 3707 2076 3759 sicut
2133 3705 2321 3759 iisdem

763 3803 955 3856 Turcis
988 3801 1213 3868 Belezug
1246 3808 1443 3852 tenerze
1485 3799 1598 3850 sive
1636 3798 1861 3850 ηυγ-,τηε
1903 3814 2141 3868 quercus
2176 3810 2322 3864 sunt,

761 3910 852 3949 aut
901 3904 1254 3964 quercetum:
1308 3893 1449 3959 quod
1505 3893 1682 3959 ipsum
1720 3908 1936 3961 quoque
2002 3909 2196 3946 nomen
2243 3904 2326 3949 est

759 3990 937 4057 oppidi
1005 3986 1297 4049 Anatolici,
1355 3984 1511 4054 cujus
1568 3984 1708 4037 inira
1753 3986 1994 4038 meminit
2046 3987 2322 4040 annalium

758 4094 967 4136 auctor.
1002 4079 1139 4132 Hinc
1165 4078 1327 4131 etiam
1355 4079 1473 4146 pagi
1499 4077 1828 4147 Osinanzng,
1858 4079 1937 4130 vel
1961 4076 2322 4150 Othmauzug,

760 4193 953 4230 nomen
1009 4175 1196 4228 derivo
1245 4192 1258 4226 :
1308 4173 1468 4225 veluti
1517 4189 1626 4240 quo
1686 4173 2023 4242 signiﬁcetur
2072 4174 2326 4228 Osinanis

756 4274 868 4325 sive
901 4270 1273 4328 seminarium,
1308 4269 1420 4321 sive
1462 4268 1740 4335 plantatio.
1776 4269 1928 4336 Apud
1957 4271 2323 4324 Abrahamum

755 4365 1015 4419 Ortelium
1051 4363 1103 4434 in
1140 4362 1318 4414 tabula
1364 4358 1590 4411 Natolize
1646 4360 1841 4425 legitur
1901 4357 2322 4428 Otlnnangiuch,

756 4456 896 4522 quod
950 4454 1121 4506 tribus
1180 4452 1402 4521 syllabis
1452 4449 1636 4504 italico
1689 4466 1838 4504 more
1890 4453 2322 4520 pronuntiatum,

2429 1967 2482 2011 et
2514 1959 2788 2026 sagmarii,
2817 1967 2871 2013 et
2922 1958 3258 2029 sagmatarii)
3308 1961 3565 2014 vidimus.
3614 1961 3696 2015 Ab
3729 1964 3816 2015 bis
3841 1964 4010 2032 signis

2433 2051 2753 2107 militaribus
2815 2053 3070 2107 dicuntur
3145 2053 3526 2126 Sangiacbegi,
3597 2058 4005 2125 provinciarum

2431 2142 2638 2197 scilicet
2663 2142 2822 2215 407
2857 2146 3132 2214 praesides,
3165 2147 3278 2200 sive
3321 2160 3578 2216 praetores
3609 2165 3620 2200 :
3649 2149 3742 2216 qui
3776 2165 3904 2200 cum
3941 2153 4004 2202 ad

2432 2236 2806 2305 expeditiones
2874 2238 3254 2306 suscipiendas
3312 2240 3569 2294 mandato
3619 2243 3823 2295 sultaui
3882 2258 4009 2296 evo-

2432 2342 2646 2395 cantur,
2691 2340 2886 2385 curant
2951 2341 3074 2386 aute
3129 2347 3187 2387 se
3235 2333 3453 2403 signum
3502 2336 3793 2402 ejusmodi,
3850 2337 4008 2406 quale

2431 2422 2686 2489 diximus,
2751 2439 2872 2477 cum
2933 2426 3163 2494 strepitu
3220 2438 3622 2497 tympanorum,
3667 2438 3721 2482 et
3771 2430 4005 2482 aliorum

2434 2511 2943 2582 instrumentorum,
2993 2519 3192 2585 quibus
3248 2530 3474 2574 utuntur
3526 2523 3682 2576 valde
3737 2523 4007 2583 Sli‘idﬂiis,

2432 2608 2658 2676 gestari.
2691 2607 2862 2664 Graeci
2901 2608 3192 2664 Turcicum
3228 2612 3356 2666 illud
3399 2615 3627 2682 Sanzac,
3679 2615 4005 2669 ﬂambarum

2433 2710 2488 2755 et
2532 2700 2844 2757 llaeabnioin
2893 2708 3166 2775 appellant
3219 2724 3234 2761 :
3297 2709 3573 2764 Sanzacos
3613 2721 3820 2773 autem,
3857 2713 4008 2764 thin-

2434 2795 2669 2850 bulares.
2731 2796 2840 2852 Leo
2891 2801 3139 2869 Sapiens,
3199 2800 3332 2872 Imp.
3386 2804 3621 2874 August.
3677 2806 3880 2858 librum
3937 2812 4008 2858 be

2435 2888 2774 2954 apparatibus
2831 2890 3029 2942 bellicis
3078 2893 3321 2959 scripsit,
3371 2909 3721 2959 conversum,
3779 2895 4008 2948 liberius

2436 2995 2595 3049 quam
2653 2997 2754 3050 par
2810 2994 2944 3049 erat,
2996 2983 3051 3037 in
3120 2984 3358 3054 linguam
3413 2986 3662 3040 Latinam
3711 3003 3740 3039 a
3796 2987 4006 3042 Joanne

2435 3075 2614 3129 Cheeo
2666 3076 2861 3146 Anglo,
2920 3094 3081 3146 quem
3136 3078 3384 3134 Graecum
3458 3081 3744 3136 habemus.
3813 3081 3872 3136 In
3944 3100 4006 3134 ro

2437 3167 2760 3230 Flamulum,
2817 3185 2924 3238 quo
2952 3171 3218 3225 Cedrinus
3274 3173 3436 3226 etiam
3485 3175 3673 3237 utitur,
3721 3185 3777 3228 et
3827 3175 4003 3228 forma

2429 3263 2702 3315 deminuta
2729 3260 3156 3328 Flamulisciuin,
3190 3277 3244 3319 et
3267 3264 3605 3322 Flamulares
3631 3268 3998 3336 reperiuntur,

2427 3356 2646 3408 nomina
2711 3354 2912 3410 Graecis
2962 3367 3016 3410 et
3062 3356 3313 3413 Turcicis
3363 3359 3513 3414 hisce
3583 3363 3996 3428 reSpOndentia.

2425 3446 2542 3500 Non
2603 3450 2746 3502 enim
2799 3459 3000 3504 temere
3060 3452 3264 3506 dictum
3325 3469 3355 3507 δ
3427 3454 3607 3518 nobis,
3629 3458 3822 3510 simias
3881 3473 4000 3511 esse.

2425 3539 2732 3594 GI'EBCOI'IIIII
2783 3543 3011 3604 'l'urcos,
3077 3545 3130 3598 in
3187 3545 3353 3600 rebus
3404 3547 3690 3616 plurimis:
3765 3555 4002 3604 maxime

2423 3647 2543 3699 qua:
2569 3642 2815 3699 spectant
2844 3635 2908 3684 ad
2945 3634 3115 3687 oliicia
3154 3636 3430 3698 militaria,
3482 3640 4000 3711 provinciarumque

2426 3723 2772 3792 praziecturas
2803 3740 2862 3777 ac
2885 3727 3226 3793 praesulatus,
3258 3738 3310 3782 et
3337 3745 3522 3783 earum
3558 3732 3995 3790 tiiSll'lbllliODi's.

2426 3815 2652 3868 hlessitae
2677 3832 2769 3872 seu
2842 3816 3072 3871 Meszitaa
3126 3817 3321 3876 Turcis
3385 3826 3600 3891 proprie
3655 3832 3856 3894 templa
3920 3841 3996 3878 n.-

2425 3918 2641 3966 cuutur.
2669 3923 2698 3960 e
2730 3907 2888 3976 lignis
2927 3910 3189 3964 fabricata
3218 3916 3437 3981 :qualia
3471 3915 3680 3971 scilicet
3703 3921 3773 3970 ab
3797 3922 3879 3974 eis
3902 3938 3997 3973 es-

2425 4000 2792 4064 struebantur,
2819 4017 2942 4055 cum
2981 4007 3208 4057 necdum
3262 4007 3471 4076 imperii
3507 4012 3814 4065 crevissent
3844 4030 3993 4082 opes.

2427 4089 2594 4144 Zuina
2651 4107 2776 4146 vero
2822 4093 3001 4164 (cujus
3049 4097 3298 4150 vocabuli
3355 4114 3521 4167 supra
3578 4118 3801 4169 quoque
3859 4106 3994 4158 ιιιεικ

2427 4183 2527 4238 I'uit
2584 4185 2803 4255 mentio)
2860 4186 3117 4254 templum
3163 4187 3433 4256 signiﬁcat
3491 4196 3756 4259 amplum,
3815 4202 3996 4264 operis

2425 4277 2642 4344 lapidei.
2683 4277 2953 4333 Mcdressa
2984 4280 3110 4347 quid
3159 4283 3254 4345 sit,
3304 4285 3434 4351 quid
3471 4284 3792 4350 liuaretuni,
3847 4291 3993 4344 Gau-

2427 4371 2610 4423 derius
2645 4372 2759 4438 ipso
2832 4384 3090 4426 contextu
3178 4377 3451 4444 exposuit.
3499 4377 3769 4433 Nimirum
3825 4398 3992 4437 xeno-

2426 4463 2616 4517 dochia
2647 4474 2793 4528 sunt,
2827 4474 2883 4518 ut
2911 4476 2994 4520 cst
3020 4467 3200 4522 videre
3226 4469 3366 4537 apud
3399 4469 3791 4540 Busbequium,
3848 4478 3987 4530 haud

755 4550 894 4602 idem
929 4557 1009 4599 est
1041 4561 1164 4599 cum
1214 4542 1576 4611 Otlnnauzug.
1611 4543 1667 4594 lu
1701 4543 1981 4596 itinerario
2033 4543 2318 4612 Busbequii
2357 4545 2397 4598 D

2427 4555 2756 4624 ineleganter
2785 4569 3120 4620 constructa,
3150 4561 3375 4628 suisque
3407 4563 3661 4618 distincta
3695 4570 3987 4623 cubiculis:

753 4643 948 4711 legitur
973 4639 1305 4701 Othmanlik,
1336 4642 1622 4708 depravate
1653 4647 1803 4707 puto,
1838 4656 1959 4692 cum
2003 4639 2315 4696 Otmausick

753 4739 836 4789 Vel
909 4732 1278 4788 Otiiiuansuck
1330 4731 1399 4785 ab
1458 4732 1574 4799 ipso
1624 4738 1888 4801 scriptum
1969 4733 2130 4788 fuerit
2162 4754 2204 4790 »:
2260 4747 2317 4790 ut

754 4832 1020 4897 posterius
1066 4827 1168 4880 hoc
1235 4824 1276 4878 ν
1328 4825 1593 4878 Gallicum
1644 4826 1863 4888 habe-il,
1911 4825 2104 4881 Turcis
2150 4836 2311 4884 etiam

752 4933 1031 4976 usitatum.
1089 4917 1325 4985 Longius
1376 4919 1444 4970 ab
1483 4916 1691 4982 origine
1736 4921 1880 4970 vocis
1909 4922 2187 4985 recedunt,
2219 4924 2312 4990 qui

749 5019 998 5073 Otmanic
1024 5016 1289 5069 scribunt.
1354 5010 1425 5064 De
1472 5010 1607 5075 Boli,
1683 5020 1792 5064 tam
1860 5013 2099 5082 regione,
2145 5033 2308 5084 quam

745 5111 968 5178 oppido,
1047 5120 1209 5172 supra
1294 5103 1531 5156 diximus
1591 5120 1814 5156 numero
1885 5106 1969 5156 15.
2030 5105 2307 5164 Bellenins

743 5203 997 5269 oppiduni
1023 5199 1216 5266 priscis
1263 5195 1611 5249 Ab0iiitichos
1663 5195 1866 5248 dictum
1922 5208 2095 5265 putat.
2152 5201 2307 5256 Gerle

743 5309 850 5346 nou
905 5291 1161 5360 procula
1217 5286 1332 5340 Boh
1385 5286 1586 5356 oppido
1645 5286 1833 5351 distat,
1888 5291 1982 5343 sed
2026 5293 2302 5348 inOrtelii

740 5382 950 5437 Natolta
986 5393 1116 5450 puto
1144 5396 1249 5434 non
1279 5390 1420 5433 recte
1455 5377 1619 5432 scribi
1673 5377 1902 5446 Ger-ede,
1946 5397 2045 5451 pro
2093 5384 2303 5449 uenale,

737 5476 883 5542 quod
913 5473 1047 5527 idem
1077 5483 1159 5526 cst
1191 5469 1313 5526 cuni
1346 5471 1525 5525 Gerle.

735 5588 827 5643 20,
894 5584 1142 5653 Smigiac,
1181 5583 1408 5655 Sungiac
1464 5584 1608 5654 Brg,
1649 5587 1868 5640 illest/iit
1895 5627 1910 5653 ,
1944 5587 2022 5639 vel
2079 5587 2296 5655 Meszit,

807 5658 1051 5716 Dsiumu,
1111 5658 1213 5708 sive
1265 5653 1454 5720 Zama,
1503 5653 1740 5722 l'imarel,
1779 5660 2011 5719 (Iaudrt,
2061 5653 2295 5728 Canuti,

807 5728 1126 5794 Chtangcre.

805 5844 1032 5910 Sangian:
1063 5844 1436 5912 dissyliahum,
1471 5845 1583 5897 sive
1609 5843 1836 5910 Sanznc,
1889 5843 2080 5901 Turcis
2127 5847 2290 5902 vexil-

2423 4648 2475 4700 iii
2536 4663 2656 4715 qua:
2719 4665 2826 4702 non
2890 4652 3048 4703 modo
3105 4648 3267 4705 Turci
3319 4653 3618 4719 divertnnt,
3672 4662 3768 4711 sed
3826 4665 3988 4715 etiam

2417 4739 2538 4793 aliis
2571 4740 2858 4808 quibusvis
2905 4743 3156 4798 homines
3195 4744 3396 4799 addicti
3446 4747 3512 4800 de
3555 4749 3817 4818 religione
3867 4770 3992 4807 sen-

2414 4833 2618 4886 tentiis.
2672 4833 2881 4902 Quippe
2943 4849 3041 4888 nec
3089 4836 3438 4892 Christianus
3518 4841 3840 4909 quisquam,
3893 4862 3993 4899 nec

2411 4926 2649 4986 Judteus.
2684 4943 2776 4981 seu
2829 4929 3002 4991 dives,
3053 4942 3148 4981 seu
3186 4931 3488 4998 mendicus,
3517 4934 3684 4988 abiis
3747 4949 3991 4994 arcetur.

2411 5017 2586 5072 Bassa:
2637 5035 2874 5088 quoque,
2925 5035 2989 5074 ac
3037 5021 3299 5090 sangiaci,
3361 5037 3486 5078 cum
3544 5030 3989 5097 peregrinantur,

2409 5111 2514 5166 illis
2546 5124 2790 5165 utuntur.
2837 5112 2952 5167 Mos
2987 5113 3060 5167 ita
3115 5113 3218 5168 fert
3277 5113 3608 5184 Turcorum,
3663 5133 3721 5174 ut
3753 5123 3991 5192 singulis

2407 5207 2595 5272 quieo
2650 5205 2938 5266 divertnnt,
3000 5203 3182 5257 cibum
3244 5207 3549 5274 praebeant.
3605 5209 3742 5262 Cum
3811 5229 3991 5268 caena:

2409 5307 2619 5362 tempus
2649 5295 2891 5364 appetiit.
2925 5297 3076 5350 adest
3107 5300 3353 5353 minister
3405 5317 3526 5355 cum
3566 5309 3773 5370 ingenti
3805 5308 3990 5379 lignei.

2405 5387 2580 5449 disco,
2621 5388 2737 5455 qui,
2770 5404 2970 5443 mensa:
3001 5389 3175 5444 instar
3205 5393 3378 5453 1rideri
3412 5407 3608 5461 potest.
3635 5395 3752 5451 Hoc
3780 5415 3988 5468 patina:

2405 5480 2585 5546 plures
2639 5480 3014 5545 continentur,
3067 5484 3302 5553 impletae
3356 5486 3435 5538 vel
3471 5489 3621 5542 oriza
3663 5502 3842 5554 cocta,
3906 5500 3983 5548 Vel

2403 5572 2625 5624 decocto
2665 5571 2732 5624 ad
2787 5587 3090 5627 cremorem
3131 5575 3585 5639 hordeo,raddito
3630 5585 3810 5636 carnis
3873 5591 3987 5652 ple-

2403 5680 2629 5732 rninque
2663 5665 2960 5719 vcrveciuaa
3012 5666 3209 5721 frusto.
3278 5668 3498 5734 Circum
3551 5675 3762 5740 patinas
3814 5681 3983 5744 positi

2403 5770 2566 5822 panes
2615 5766 2762 5822 sunt,
2812 5766 2865 5812 et
2911 5775 3299 5829 nonnunquam
3333 5750 3566 5834 iit-aliquid
3622 5767 3748 5822 favi.
3800 5772 3987 5825 Sumit

2403 5863 2467 5898 ex
2502 5848 2584 5902 his
2639 5850 2730 5916 qui
2787 5851 2917 5903 vult.
2974 5851 3050 5903 Ac
3106 5853 3184 5904 las
3241 5862 3322 5905 est
3375 5857 3871 5926 peregrinantibus,
3935 5863 3986 5914 hi
