4198 6426
172 388 279 452 749

1321 381 1719 442 P\NDECTE
1754 382 1951 446 IIlST.
1998 382 2297 446 TURCIC.

3307 381 3410 444 750

172 500 307 554 cibis
357 508 470 552 toto
524 494 704 552 triduo
757 492 927 563 gratis
980 490 1111 546 frui.
1158 487 1353 546 Postea
1409 492 1727 545 mutandum
1763 501 1804 556 Α
1836 510 1956 550 rum
1992 495 2302 566 appellatio,
2359 495 2697 565 principibus
2748 496 2881 567 ipsis
2941 492 3408 552 Musulman'ornm

174 592 465 662 hospitium
496 628 510 643 .
541 588 690 643 Sane
738 586 952 640 Turcici
1014 598 1269 655 proceres
1332 586 1583 638 maximis
1635 586 1736 638 im—

172 686 352 756 pensis
400 697 676 739 exstruere
703 679 1025 750 potissimun
1070 678 1284 732 Student
1331 678 1444 731 haec
1491 687 1734 747 septem:

172 777 437 837 Messitas,
491 775 742 836 lmareta,
809 771 1012 827 Griecis
1048 769 1289 832 Maratia,
1324 770 1735 835 caravansaria,

172 869 361 923 balnea
413 868 625 937 publica
658 882 672 923 :
717 865 915 934 quibus
946 865 1105 917 etiam
1135 863 1530 933 pulcherrimos
1558 860 1735 917 fontes

172 961 493 1030 adjungunt,
528 960 579 1012 in
621 958 853 1019 ceteris.
896 956 962 1011 ad
1017 971 1149 1010 usus
1188 957 1489 1017 hominum,
1523 954 1742 1022 jumen-

170 1061 352 1103 torum
384 1050 768 1119 quotidianos;
804 1050 855 1101 in
902 1046 1141 1101 messitis
1166 1049 1231 1101 ad
1271 1046 1618 1102 lustrationes
1655 1047 1737 1099 vel

170 1144 475 1196 ablutiones
496 1141 751 1210 quasdam
780 1140 1114 1211 peragendas
1146 1141 1316 1209 prius,
1356 1153 1516 1208 quam
1542 1138 1740 1208 templa

148 1251 268 1289 .sua
305 1234 418 1289 sive
450 1234 697 1287 messitas
732 1232 1127 1299 ingrediantur.
1150 1231 1243 1288 llis
1271 1233 1405 1288 adde
1453 1232 1737 1288 [luminum

170 1341 382 1399 pontes,
414 1338 467 1382 et
524 1328 637 1381 vias
686 1329 929 1403 publicas
954 1371 967 1391 ,
1028 1330 1300 1400 lapidibus
1331 1340 1531 1385 stratas
1564 1348 1578 1384 :
1621 1345 1741 1399 quae

168 1421 386 1488 quidem
472 1420 653 1471 omnia
719 1420 943 1488 perinde
1011 1421 1325 1488 spectabilia
1398 1430 1527 1475 sunt
1596 1422 1739 1491 apud

167 1512 397 1574 Turcos,
435 1522 488 1564 et
519 1511 736 1575 eximia,
780 1512 922 1565 sicut
948 1513 1087 1581 apud
1124 1512 1330 1583 Anglos
1369 1513 1495 1576 ista,
1566 1530 1733 1569 versu

167 1603 562 1671 comprehensa
594 1595 774 1655 veteri
801 1617 816 1655 :

242 1696 419 1757 Mons,
452 1707 499 1750 ct
542 1697 658 1762 fons
691 1707 738 1748 et
771 1713 897 1763 pons
925 1710 943 1747 .'
984 1695 1223 1761 ecclesia,
1259 1697 1480 1765 femina,
1520 1698 1667 1751 lana.

239 1791 748 1859 l’ropetitodumque
821 1788 1003 1843 licebit
1067 1796 1122 1843 et
1191 1787 1421 1844 Turcica
1491 1789 1739 1860 distycho

168 1880 456 1948 complecti
481 1897 512 1961 ε.

278 1994 522 2063 Messita,
560 1997 845 2049 maratittm
875 2013 890 2049 :
928 1996 1370 2059 caravansaraia,
1399 1995 1630 2048 lavatra.

273 2066 488 2131 Fames,
548 2078 597 2122 et
630 2078 810 2135 pontes
845 2068 1147 2135 ﬂuviorum,
1181 2076 1351 2119 strata
1387 2067 1613 2119 viarum.

239 2159 429 2214 Obiter
459 2162 559 2215 hoc
588 2160 748 2213 etiam
779 2159 941 2224 addo,
975 2158 1444 2228 Constantinopoli
1481 2158 1739 2223 messitis,

170 2268 291 2321 quae
321 2255 442 2306 istic
464 2268 687 2307 numero
715 2252 834 2322 plus
859 2253 1037 2306 minus
1064 2252 1479 2321 quadringentae
1496 2260 1641 2313 sunt,
1665 2260 1743 2305 tut

168 2346 483 2416 bujusrnodi
546 2347 798 2416 adjuncta
848 2361 968 2401 esse
1021 2346 1288 2399 maratia:
1333 2354 1390 2397 ut
1436 2345 1481 2399 si
1513 2344 1635 2415 quis
1689 2345 1741 2398 in

168 2453 280 2491 uno
319 2439 553 2491 triduum
590 2440 817 2502 victitet,
868 2452 931 2492 ac
984 2437 1179 2492 deinde
1215 2446 1400 2506 pergat
1448 2435 1637 2490 ordine
1677 2438 1741 2489 ad

171 2541 408 2597 caetera,
457 2533 624 2586 totius
702 2532 830 2585 anui
879 2532 1055 2601 spatio
1110 2530 1189 2584 vel
1222 2530 1457 2584 invisere
1512 2538 1745 2597 nequeat

169 2625 380 2687 omnia,
410 2625 492 2678 vel
527 2623 771 2679 omnium
808 2624 884 2676 uti
931 2622 1217 2677 beneﬁcio.
1274 2621 1533 2689 Sequitur
1581 2620 1743 2674 etiam

169 2716 337 2783 paulo
393 2727 515 2784 post
563 2717 707 2770 hunc
755 2715 932 2769 locum
982 2714 1036 2767 in
1098 2713 1384 2767 annalibus
1447 2713 1746 2781 explicatus

170 2810 522 2863 itnaretorum
557 2823 706 2873 usus,
748 2824 868 2863 cum
918 2816 1163 2870 narrant,
1217 2808 1511 2877 ipsummet
1543 2805 1744 2860 Urcha—

168 2913 296 2952 nem
328 2897 378 2949 in
412 2906 689 2951 exstructo
717 2897 785 2951 ab
821 2914 880 2952 se
930 2898 1158 2950 imareto
1189 2898 1341 2950 cibos
1367 2895 1737 2950 distribuisse.

240 2989 479 3042 Candria
544 2990 696 3057 regio
757 2988 857 3041 sita
911 2998 994 3041 est
1044 2989 1111 3041 ad
1168 2986 1397 3041 Pontum
1453 2987 1742 3054 Euxinum,

168 3066 312 3133 iuter
342 3078 671 3148 Bithyniam,
702 3088 754 3133 et
786 3079 1043 3143 Pontum,
1094 3080 1197 3134 hoc
1244 3085 1483 3145 nomine,
1527 3081 1744 3148 provin-

1844 590 2093 644 sultanos
2173 605 2233 644 se
2287 591 2734 651 nominantibus.
2789 593 2867 646 uti
2915 592 3226 662 lrcqncnter
3268 593 3408 661 apud

1842 692 2131 752 praetorem
2166 693 2406 738 nostrum
2464 684 2648 738 videre
2675 695 2798 740 est:
2855 696 3033 739 tamen
3080 686 3285 740 Grzecis
3329 688 3375 737 vi

1843 776 2002 837 cinis.
2036 783 2094 827 ut
2150 773 2497 841 Christianis,
2536 780 3008 833 eratexsecrabile
3042 795 3266 841 nomen.
3316 798 3406 852 qn.

1842 868 2007 923 verbo
2035 866 2515 923 Musulmauissare
2543 871 2609 925 de
2639 870 2884 924 omnium
2914 871 3237 942 gravissimo
3266 875 3406 941 apud

1843 962 2179 1017 Christianos
2218 960 2423 1030 ﬂagitio
2478 964 2705 1018 deserta:
2751 965 3027 1031 religionis
3080 969 3410 1025 utebantur:

1844 1052 2001 1121 cujus
2028 1054 2191 1107 etiam
2250 1057 2357 1109 vim
2412 1056 2776 1121 tleclarantes,
2834 1057 2976 1110 aliud
3014 1060 3409 1128 magarissandi

1841 1144 2007 1217 508
2036 1146 2254 1199 verbum
2282 1147 2633 1213 adhibebant,
2681 1147 2823 1217 quod
2855 1149 3124 1219 signiﬁcat
3174 1162 3417 1207 stercore

1846 1235 2055 1291 faciem
2084 1251 2469 1306 conspurcare.
2524 1238 2810 1304 Cedrinus,
2873 1240 3075 1309 aliique
3124 1243 3417 1313 scriptores

1849 1330 2116 1394 historiae,
2171 1346 2291 1384 cum
2344 1332 2409 1384 iis
2454 1331 2545 1400 qni
2601 1331 2689 1398 jus
2743 1334 3073 1387 canonicum
3125 1336 3417 1390 Orientalis

1851 1423 2107 1478 Ecclesia
2149 1433 2474 1489 tractarunt,
2558 1437 2789 1496 utroque
2824 1439 3077 1483 utuntur.
3137 1429 3418 1484 Osmanici

1845 1526 2024 1570 tamen
2105 1517 2356 1572 aﬂ'ectant
2416 1520 2556 1573 hanc
2606 1523 3044 1591 appellationem,
3105 1536 3159 1578 et
3205 1523 3416 1577 Turcos

1845 1626 1903 1663 se
1924 1610 2030 1663 dici
2066 1611 2279 1667 nolunt.
2310 1612 2426 1677 Quo
2457 1615 2523 1668 de
2545 1616 2811 1670 vocabulo
2836 1616 3143 1672 facerenon
3170 1635 3412 1684 possunt.

1844 1705 1975 1771 quin
2037 1703 2266 1776 Philippi
2314 1708 2535 1763 Μαι·ηωί
2583 1711 2906 1765 sententiam
2981 1726 3270 1781 exponam,
3346 1728 3411 1765 ex

1846 1796 1984 1850 libro
2003 1798 2122 1863 eius
2138 1797 2341 1853 Gallice
2359 1802 2581 1870 scripto,
2612 1803 2679 1857 de
2700 1806 2922 1859 veritate
2940 1807 3215 1875 religionis
3254 1806 3415 1860 Chri-

1845 1890 2032 1945 Stianae
2078 1902 2265 1945 contra
2299 1909 2554 1963 paganos,
2586 1896 2821 1961 Judzeos,
2886 1897 3319 1966 Mahumetanos,
3363 1912 3418 1955 et

1846 1983 2003 2047 alios,
2047 1984 2133 2039 cui
2179 1987 2372 2040 similis
2412 1988 2464 2041 in
2524 1989 2628 2044 hoc
2664 1993 2970 2062 argumenti
2999 2008 3195 2063 genere
3231 1995 3415 2047 nullus

1844 2080 2080 2132 antehac
2139 2081 2359 2148 prodiit.
2410 2080 2545 2135 Nam
2578 2084 2766 2139 eadem
2824 2101 2987 2153 Opera
3021 2090 3088 2141 de
3113 2086 3415 2143 TuICnrum

1843 2173 2007 2225 etiam
2066 2173 2280 2243 origine
2332 2175 2589 2243 quiddam
2651 2195 2759 2232 non
2811 2190 3013 2234 temere
3061 2182 3413 2252 rejicicndnm

1846 2264 2230 2334 intelligemus.
2278 2268 2367 2322 Ait
2394 2285 2523 2341 ergo
2579 2271 2871 2336 Montanis,
2916 2274 3192 2329 lsraelitas
3245 2274 3415 2331 fuisse

1847 2367 2263 2430 transportatos,
2286 2363 2450 2417 etiam
2482 2364 2756 2420 Herodoto
2800 2377 2955 2431 teste,
2993 2370 3127 2423 ultra
3159 2370 3414 2426 Mediam.

1844 2454 1910 2506 ad
1944 2452 2192 2522 regiones
2226 2457 2275 2508 id
2299 2457 2556 2525 temporis
2582 2458 2928 2526 inhabitatas,
2998 2466 3143 2518 etab
3168 2466 3246 2520 eis
3293 2482 3403 2535 par-

1846 2542 1941 2595 tim
1958 2542 2191 2598 Colchos
2210 2544 2471 2615 originem
2505 2547 2608 2602 dux
2622 2551 2748 2613 isse,
2768 2553 2861 2621 qui
2884 2551 3140 2609 Herodoti
3174 2570 3417 2625 tempore

1847 2633 2675 2709 circumcidebantur;partim
2711 2642 2969 2711 Tataros,
3004 2650 3097 2716 qui
3129 2652 3273 2703 circa
3321 2666 3418 2702 au-

1847 2744 1977 2783 num
2023 2728 2389 2785 Christianum
2445 2734 2583 2789 1200
2621 2736 2783 2791 ductu
2818 2738 3004 2810 Zingis
3034 2742 3239 2798 Chattis
3275 2746 3423 2800 velut

1849 2823 2210 2879 inundatione
2242 2827 2475 2895 quadam
2508 2830 2696 2885 orbem
2730 2843 2996 2888 terrarum
3028 2837 3350 2902 obruerunt,
3373 2853 3425 2891 ιιι

1848 2913 2136 2982 imperium
2169 2915 2363 2971 deinde
2404 2918 2605 2974 Chattis
2663 2922 2807 2977 illius
2845 2924 3079 2980 Chitaini
3132 2931 3427 2985 constitue-

1850 3014 1998 3060 runt.
2020 3005 2188 3062 Erant
2210 3020 2411 3076 autem,
2441 3012 2635 3083 inquit,
2652 3014 2705 3068 bi
2729 3016 3035 3073 circumcisi
3062 3021 3212 3090 prius
3233 3022 3422 3082 etiam,

1852 3109 2014 3164 quam
2037 3095 2364 3155 Mahumetis
2396 3116 2596 3157 nomen
2636 3105 2920 3160 audissent
2955 3124 2969 3161 :
3011 3124 3183 3178 eoque
3220 3114 3419 3177 procli—

167 3170 309 3223 ciam
342 3187 357 3229 :
386 3170 474 3223 ubi
511 3184 565 3224 el
597 3172 851 3239 ορβίίῖιιιη
883 3171 1115 3226 (ῖληάτίίι
1152 3174 1423 3242 "cperim"
1463 3173 1515 3226 in
1552 3174 1739 3229 θΐιειίί
1770 3182 1814 3240 C
1846 3200 2027 3241 VlOl'eS
2086 3186 2309 3243 fuerunt
2365 3190 2433 3244 ad
2462 3194 2897 3262 amplectendam
2947 3170 3114 3266 legeni
3144 3170 3426 3254 Illa-hume-

166 3262 405 3327 Natolia,
439 3263 599 3316 situm
635 3279 699 3317 eo
730 3265 886 3332 plane
935 3266 1074 3329 loco,
1108 3282 1216 3332 quo
1266 3267 1549 3320 Dedacana
1593 3280 1745 3322 vetus

167 3373 194 3408 a
263 3356 489 3410 Nicolao
533 3358 806 3426 Sophiano
867 3360 1110 3425 ponitur.
1175 3359 1461 3413 Diversum
1524 3361 1593 3413 ab
1643 3366 1747 3415 hoc

167 3450 433 3520 oppidum
462 3463 547 3505 est
572 3451 791 3522 Caugri,
817 3467 1004 3505 versus
1023 3454 1295 3506 Amasiam
1322 3453 1435 3505 sive
1463 3452 1746 3521 Cappado-

166 3538 362 3601 ciam,
416 3539 559 3607 quod
625 3540 753 3592 olim
836 3538 1049 3608 Gangra
1133 3544 1531 3602 nominabatur.
1606 3543 1746 3597 unde

166 3625 372 3681 Turcis
404 3639 459 3682 et
491 3630 635 3698 regio
660 3631 962 3700 Cliiangare
988 3634 1154 3685 dicta.

416 3722 507 3776 21.
543 3721 790 3789 Zercolaz,
821 3736 925 3776 tam
967 3726 1098 3777 alba:
1130 3742 1287 3794 quam
1311 3728 1500 3779 rubrae.

240 3813 470 3867 Zercola
517 3816 706 3884 capitis
739 3833 769 3870 c
808 3817 948 3872 ﬁltro
1004 3830 1371 3889 tegumentum
1422 3832 1524 3887 est,
1581 3822 1744 3876 latam

169 3922 397 3961 auream
431 3907 696 3962 limbriam
745 3911 971 3972 habens.
1024 3928 1131 3981 qua
1163 3924 1317 3981 parte
1364 3916 1526 3982 capiti
1575 3916 1745 3984 impo-

171 4000 374 4057 nitur;
410 3997 477 4052 tle
534 3999 745 4067 penula:
823 4002 1035 4055 manica
1084 4004 1335 4072 tegminis
1370 4004 1537 4072 ipsius
1582 4007 1743 4073 petita

169 4092 376 4153 forma,
400 4091 540 4144 sicut
575 4094 789 4159 ipsimet
819 4094 972 4147 aiunt
993 4095 1179 4148 'l'nrci.
1216 4096 1493 4164 Snperiori
1517 4096 1744 4149 zezcolze

171 4182 359 4250 parti,
420 4184 935 4251 sesquispithaniam
995 4185 1155 4246 alue,
1225 4197 1383 4254 caput
1442 4186 1740 4240 inseritur:

168 4275 408 4329 inferior
436 4291 465 4327 a
496 4277 696 4330 vertice
720 4278 913 4345 capitis
965 4277 1103 4330 infra
1133 4280 1371 4331 cervices
1404 4278 1457 4331 in
1516 4281 1739 4333 dorsum

171 4384 287 4422 non
328 4370 482 4422 aliter
519 4369 584 4422 ad
618 4379 727 4424 tres
753 4372 1051 4439 spithamas
1085 4387 1251 4441 vsque
1298 4374 1620 4435 demittitur,
1679 4391 1743 4426 ac

172 4460 512 4514 feminarum
549 4462 876 4517 Gallicarum
911 4473 1145 4533 tegmen,
1184 4466 1323 4534 quod
1349 4468 1643 4535 rlirtpperon
1675 4467 1741 4519 ab

168 4555 253 4607 eis
282 4554 510 4606 dicitur.
570 4556 614 4605 Α
677 4550 853 4609 media
905 4556 1080 4610 inmte
1113 4558 1286 4627 surgit
1326 4558 1555 4627 oblonge
1599 4574 1745 4626 quae-

168 4646 303 4700 dam
358 4646 514 4713 quasi
548 4648 628 4701 vel
674 4648 850 4702 fistula
907 4650 991 4703 vel
1036 4651 1225 4718 vagina
1260 4666 1325 4703 ex
1373 4666 1498 4712 tere,
1553 4652 1743 4719 partim

168 4739 461 4803 deaurata,
492 4741 684 4808 partim
709 4752 933 4811 argento
958 4743 1088 4797 foris
1113 4743 1367 4802 obducta.
1392 4744 1478 4796 cui
1509 4758 1749 4811 gemmas

169 4834 453 4896 inserunt,
480 4849 584 4885 non
613 4834 790 4901 magni
825 4844 1000 4887 tamen
1021 4836 1201 4904 pretii.
1233 4834 1352 4887 llaec
1374 4836 1582 4889 zercola
1602 4836 1749 4904 geni-

167 4928 324 4981 zaris
357 4926 465 4979 albi
489 4925 688 4979 coloris
717 4936 819 4989 est,
870 4927 991 4980 aliis
1026 4928 1317 4981 nonnullus
1348 4927 1517 4989 rnl'ri,
1542 4930 1605 4979 de
1626 4929 1747 4994 qni-

166 5018 274 5071 bus
319 5016 431 5069 alio
471 5016 759 5071 dicendum
789 5018 929 5071 loco.
972 5016 1173 5071 Fistula
1209 5020 1323 5071 sive
1359 5018 1578 5071 tubulus
1606 5018 1750 5070 exei-

168 5109 378 5177 piendo
410 5122 549 5161 cono
592 5109 659 5161 de
691 5108 883 5177 pennis
908 5110 1091 5163 avium
1122 5110 1261 5162 facto
1290 5114 1479 5173 servit,
1511 5110 1591 5162 vel
1627 5108 1749 5162 belli

168 5210 452 5269 tempore,
487 5204 568 5253 vel
597 5216 720 5253 cum
764 5202 1017 5255 satellitio
1047 5217 1145 5255 suo
1172 5203 1444 5255 sultanum
1469 5204 1691 5270 stipant.

247 5314 343 5367 29..
370 5312 711 5376 Husulmam’,
754 5314 1236 5376 musulmauissare,
1296 5317 1674 5383 maguriuare,

561 5384 738 5437 'I'urci.
763 5383 1024 5436 Laomcus
1053 5386 1379 5462 emendatus.

247 5475 632 5531 Ilusulmanos
682 5476 790 5529 dici
832 5491 892 5530 se
950 5476 1138 5528 volunt
1186 5476 1578 5535 Mahumetani.
1626 5488 1748 5530 tau-

167 5583 341 5639 quam
397 5576 543 5619 recte
596 5568 925 5624 credentes;
984 5577 1043 5618 ut
1092 5568 1359 5621 Arianicis
1414 5571 1748 5637 temporibus

170 5662 363 5716 cancri
392 5658 712 5721 Christiani,
745 5670 1015 5729 quotquot
1062 5660 1517 5714 abominabantnr
1559 5680 1745 5717 eorum

170 5756 420 5811 furores.
465 5752 885 5805 ortbmlosorum
944 5766 1138 5805 nomen
1195 5750 1610 5819 proﬁtebantur.
1671 5756 1746 5807 At:

176 5845 408 5901 tametsi
444 5844 836 5898 Mahumctauis
878 5845 1255 5899 honestissima
1280 5845 1349 5898 sit
1387 5844 1745 5903 Mnsulmauo-

1849 3278 1917 3331 tis
1939 3280 2083 3345 quod
2114 3296 2176 3333 es
2232 3291 2381 3349 parte
2430 3299 2553 3337 cum
2583 3284 2824 3353 ipsorum
2860 3288 3117 3354 religione
3169 3292 3423 3344 conveni-

1848 3376 1949 3420 ret.
1982 3367 2091 3422 Vox
2129 3370 2239 3437 ipsa
2264 3370 2444 3425 Tatari
2476 3373 2590 3427 sive
2608 3373 2812 3437 Totari,
2838 3377 3019 3445 lingua
3046 3379 3260 3449 Syriaca
3303 3383 3429 3435 reli-

1846 3474 2004 3526 quius
2034 3462 2145 3515 sive
2181 3465 2425 3517 residuus
2455 3466 2743 3533 signiﬁcat,
2776 3469 2869 3521 ait.
2898 3468 3043 3523 lnter
3074 3472 3268 3525 hordas
3289 3489 3427 3543 quo-

1847 3566 1952 3619 que
1978 3550 2230 3616 Tatariaz,
2252 3571 2439 3610 versus
2464 3569 2671 3625 partem
2694 3559 2810 3627 ejus
2836 3562 3006 3631 magis
3029 3564 3423 3631 aquilonarem.

1847 3647 2092 3698 nonnulli
2149 3649 2368 3702 nomina
2433 3650 2567 3717 Dan,
2631 3651 2899 3720 Zabnlon,
2958 3654 3225 3724 Nephtali,
3299 3675 3424 3713 retr-

1848 3752 2107 3795 nuerunt.
2166 3741 2319 3798 Unde
2378 3762 2484 3800 non
2552 3760 2653 3813 eat,
2687 3752 2828 3819 quod
2880 3753 3163 3819 miremur,
3216 3766 3418 3810 tantam

1848 3832 2198 3889 llebraorum
2268 3852 2390 3891 esse
2443 3840 2653 3909 capiam
2716 3843 2769 3897 in
2826 3848 3137 3914 regionibus
3188 3850 3420 3912 llussia-.

1848 3923 2151 3989 Sarmatiw,
2205 3927 2525 3984 Litliuaniae.
2560 3932 2717 3987 Putat
2752 3936 2934 4001 etiam,
2963 3954 3028 3991 eo
3062 3942 3243 4009 plures
3294 3944 3415 3997 isne

1848 4016 2101 4071 Hebraeos
2136 4021 2385 4083 inveniri,
2432 4039 2538 4092 quo
2598 4029 2818 4093 propius
2877 4029 2941 4082 ad
2988 4031 3217 4087 Tataros
3270 4050 3422 4089 acoe—

1845 4110 2022 4164 tlatnr.
2083 4111 2342 4178 Equidem
2393 4129 2450 4168 ut
2490 4119 2664 4171 obiter
2709 4122 2939 4190 aliquam
2989 4124 3055 4177 de
3102 4141 3221 4179 meo
3276 4128 3422 4180 velut

1847 4202 2148 4269 symbolam
2184 4204 2268 4258 his
2305 4206 2577 4273 adjiciam,
2647 4210 2962 4266 adolescens
3018 4216 3070 4266 in
3116 4214 3420 4275 Livoniam.

1844 4294 2074 4348 necdum
2131 4297 2356 4363 collegio
2390 4297 2810 4355 Teutonicorum
2839 4304 3101 4374 jeqnitnm
3128 4308 3419 4378 dissipato.

1844 4400 1872 4436 a
1925 4385 2179 4439 Cunrado
2229 4400 2379 4453 patre
2426 4390 2626 4445 missus
2671 4394 2736 4446 ad
2797 4395 3076 4449 Albertum
3144 4411 3421 4467 patruum,

1847 4492 1968 4529 cum
2005 4476 2107 4530 alia
2145 4478 2263 4531 istis
2287 4480 2717 4537 animadvertere
2752 4488 2969 4540 memini
3015 4505 3031 4547 ;
3080 4500 3191 4544 tum
3256 4496 3419 4546 etiam

1854 4583 2043 4622 veiSns
2105 4567 2473 4635 Litliuauiant,
2542 4575 2595 4628 in
2645 4577 2839 4632 vicinia
2902 4585 3215 4651 metropolis
3275 4584 3421 4653 Rigas

1852 4662 1997 4729 (qua:
2052 4661 2102 4714 in
2146 4664 2290 4716 edito
2336 4665 2572 4719 Laonico
2607 4670 2798 4723 vitiose
2830 4676 3174 4741 transpositis
3226 4678 3423 4733 litteris

1849 4751 2105 4805 scribitur
2141 4750 2300 4817 Ucra,
2330 4770 2428 4822 pro
2459 4756 2602 4826 liyt-a
2644 4778 2655 4812 :
2681 4761 2818 4814 sicut
2844 4763 3039 4817 ibidem
3066 4783 3162 4834 pro
3194 4768 3426 4837 Euphla-

1850 4851 1932 4894 ste
1960 4845 2324 4911 reponendum
2376 4847 2631 4903 Eillaute.
2668 4853 2758 4904 Sic
2788 4854 2931 4905 enim
2961 4854 3213 4923 Germani
3247 4871 3422 4911 Ctl'lt-tl

1852 4942 2046 4986 vocant
2101 4932 2404 5003 Livoniam,
2456 4938 2695 4994 Saxones
2745 4946 2911 4997 nostri
2943 4946 3263 5002 Lillandam.
3296 4952 3421 5004 Gal—

1850 5026 1990 5079 licus
2044 5026 2309 5095 interpres
2365 5030 2559 5085 Ucram
2639 5037 2749 5087 vult
2820 5052 2938 5090 esse
3001 5037 3418 5108 Novogradiam,

1852 5118 2046 5187 puerili
2120 5136 2350 5187 errore,
2414 5140 2536 5176 cum
2611 5126 2755 5179 dicat
2812 5142 3000 5183 auctor
3056 5133 3170 5184 suis
3236 5138 3421 5189 urbem

1852 5210 2053 5278 legibus
2078 5222 2131 5262 et
2168 5212 2410 5267 libertate
2438 5214 2562 5277 frui,
2591 5219 2659 5270 ab
2675 5222 3023 5287 optimatibus
3042 5226 3173 5294 regi,
3193 5229 3254 5277 ad
3278 5243 3425 5281 mare

1852 5301 2009 5360 sitam
2055 5319 2171 5357 esse
2201 5321 2215 5368 ;
2242 5305 2436 5371 Danos,
2488 5308 2709 5379 Anglos.
2744 5312 2927 5366 Gallos
2955 5330 3020 5368 eo
3073 5322 3423 5370 commercio-

1854 5409 1974 5444 rum
2016 5409 2178 5447 cansa
2240 5401 2488 5465 navigare
2518 5416 2532 5456 :
2567 5418 2683 5470 qua:
2714 5407 2779 5457 tle
2813 5403 3146 5475 Novogrndia
3197 5411 3419 5479 intelligi

1855 5486 2148 5554 nequeunt)
2186 5490 2234 5538 in
2286 5489 2444 5557 hujus
2475 5507 2604 5561 ergo
2667 5495 2811 5564 lligue
2864 5500 3059 5552 vicinia
3088 5542 3100 5563 ,
3148 5503 3418 5555 nationem

1852 5578 2139 5644 quamdam
2192 5596 2310 5633 esse
2385 5584 2666 5638 barbaram
2768 5588 3072 5651 Lettorttm,
3132 5609 3160 5645 a
3210 5604 3420 5648 caeteris

1852 5666 2087 5720 Livonia:
2129 5670 2371 5724 barbaris
2396 5673 2608 5737 incolis,
2647 5676 2953 5732 Curonibus
3007 5692 3060 5732 et
3110 5681 3402 5735 Estonibus

1856 5760 2032 5823 lingua
2099 5765 2254 5827 plane
2298 5764 2702 5834 discrepantem
2739 5788 2750 5820 :
2787 5775 2879 5837 qui
2920 5785 3179 5842 perpetuo
3238 5776 3291 5826 in
3326 5790 3424 5826 ore

1854 5853 2011 5917 quasi
2047 5851 2494 5909 lamentationem
2530 5860 2820 5926 quamdam
2859 5864 3077 5928 habent,
3116 5879 3279 5932 quam
3326 5878 3423 5918 vo-
