4198 6426
716 496 993 551 cileratuio
1050 512 1141 565 per
1175 512 1332 565 agros
1380 498 1597 551 aSsiduo
1648 508 1913 566 repetunt.

715 590 901 645 Μυεῡο
934 587 1069 642 Lon.
1103 589 1309 654 Quibus
1335 591 1510 643 Verbis
1537 589 1835 644 Jerusalem
1875 600 1927 645 et
1961 595 2279 645 Damascum

721 680 1019 749 intelligere
1050 680 1363 743 creduntur,
1407 689 1725 733 cactcrarum
1785 682 1836 734 in
1863 683 2078 750 antiqua
2112 684 2280 749 patria

716 787 919 836 rerum,
952 780 1026 824 tot
1055 784 1085 824 a
1118 772 1349 830 sazculis,
1383 773 1503 824 ctitt
1540 774 1914 827 remotissimis
1965 775 2032 826 ab
2062 790 2126 827 ea
2155 773 2282 826 soli-

716 864 1018 929 tudinibus,
1043 862 1218 916 obliti.
1247 864 1324 915 Ad
1362 862 1652 917 Mornamm
1690 874 1746 918 ut
1790 868 2100 929 redeamus,
2134 877 2286 935 putat

717 959 820 1011 hoc
855 956 993 1009 idem
1039 971 1145 1008 non
1203 956 1385 1008 minus
1436 971 1556 1008 csse
1609 972 1733 1010 veto
1767 958 1944 1011 simile
1975 958 2041 1011 de
2068 958 2284 1021 Turcis,

714 1064 875 1112 quant
914 1046 979 1100 de
1013 1043 1226 1098 Tataris
1282 1062 1297 1098 :
1352 1062 1472 1098 cum
1520 1061 1715 1099 nomen
1754 1050 1926 1114 ipsum
1983 1049 2284 1102 'l'urcoium

714 1138 978 1193 llebraica
1007 1136 1179 1205 lingua
1206 1139 1466 1205 signiﬁcet
1494 1139 1728 1200 exsules,
1757 1149 1807 1192 et
1837 1142 2285 1195 contnutcliosum

714 1231 854 1298 apud
886 1232 1032 1298 ipsos
1080 1230 1362 1281 habeatur.
1425 1229 1714 1299 \‘idcrique
1764 1230 2121 1285 illahumetcm
2179 1249 2285 1285 non

713 1336 810 1377 aus
863 1338 939 1385 re.
999 1336 1065 1375 ne
1136 1321 1366 1389 populos
1420 1321 1543 1374 illos
1596 1325 1751 1389 longe
1810 1326 2289 1380 numerosissimos

713 1415 1050 1477 offunderet,
1136 1414 1227 1483 qui
1296 1425 1407 1467 tum
1481 1419 1737 1484 temporis
1800 1416 2132 1485 incipiebattt
2231 1436 2291 1476 se

714 1525 1077 1573 commovere,
1164 1510 1449 1563 retinuisse
1514 1510 2035 1573 circtuucisioncut,
2081 1512 2294 1566 lustra-

717 1611 914 1663 tiones,
944 1598 1145 1651 etalias
1170 1597 1433 1666 quasdam
1465 1597 1601 1666 legis
1633 1596 1882 1652 Mosaicae
1913 1598 2288 1653 etet-intentas.

712 1756 799 1809 εὖ.
841 1754 1211 1821 Cenischeher,
1249 1754 1466 1817 Goiimc,
1516 1751 1722 1810 Carasi.
1764 1752 1936 1817 (ἔθει-ἰ,
1997 1750 2291 1823 Bergama,

1216 1825 1474 1889 Edretuit,
1511 1823 1757 1891 Gehpolt'.

794 1962 1001 2031 Oppida
1064 1970 1194 2016 sunt
1259 1959 1445 2015 lsnica:
1518 1960 1729 2020 vicina.
1805 1958 2175 2014 Genischeher
2245 1968 2298 2014 et

716 2056 949 2119 Goiuur,
986 2055 1067 2107 vel
1103 2051 1314 2107 Guinuc
1350 2052 1711 2123 trisyllabum,
1738 2064 1793 2106 ut
1815 2051 1901 2106 hic
1926 2053 1979 2106 in
2009 2053 2297 2123 archetypo

721 2150 993 2204 scribitur.
1044 2145 1178 2200 Illud
1215 2161 1409 2198 novam
1462 2144 1735 2198 eivuatem
1796 2142 2086 2213 signiﬁcat,
2120 2154 2174 2197 et
2236 2145 2294 2197 in

721 2241 911 2295 Urtclii
940 2239 1174 2303 Natalia,
1204 2239 1344 2294 sicut
1370 2249 1424 2291 et
1456 2235 1782 2305 Busbequio,
1816 2234 2021 2289 lenisar
2050 2246 2295 2302 vocatur,

723 2344 779 2386 ut
826 2348 988 2401 supra
1036 2332 1239 2385 dictum
1297 2345 1524 2384 numero
1589 2330 1674 2382 Π.
1745 2327 1956 2381 Goiuuc
2001 2327 2053 2381 in
2106 2328 2297 2382 eadem

721 2426 907 2480 Oi'leiii
968 2423 1176 2479 Natolia
1224 2424 1491 2494 reperitur
1523 2460 1537 2475 .
1600 2420 1673 2475 De
1709 2420 1895 2475 Carasi
1947 2421 2299 2490 exposuimus

724 2530 881 2572 antea
917 2534 1143 2572 numero
1181 2519 1266 2571 15.
1296 2515 1458 2570 Cosri
1492 2530 1613 2568 cum
1673 2512 1885 2567 Caristo
1920 2512 2143 2567 Natolia-
2169 2523 2299 2584 puto

723 2613 911 2666 eadem
970 2622 1086 2666 est.
1136 2610 1398 2681 Bergama
1444 2618 1607 2663 'vetus
1656 2619 1738 2662 est
1798 2608 1908 2671 illa,
1963 2607 2299 2677 celebrisque
2356 2654 2359 2657 .

727 2706 1163 2759 membranarum
1222 2708 1443 2757 nomine
1493 2702 1809 2771 Pergamus,
1856 2699 2043 2754 Caleni
2098 2700 2294 2754 medici

728 2798 918 2867 patria.
952 2798 1086 2863 Quae
1148 2796 1341 2850 'l'urcis
1390 2795 1477 2848 hic
1532 2794 1796 2858 Edremit,
1845 2792 1973 2846 olim
2006 2792 2291 2845 dicebatur

724 2892 1130 2957 Atramytttum,
1168 2884 1330 2940 Leoni
1364 2890 1605 2954 Augusto
1637 2884 1984 2952 episcoliatns
2016 2880 2299 2951 Ephesium

727 2980 1013 3049 metropoli
1048 2980 1320 3033 subditus.
1350 2977 1534 3031 Nauta:
1572 2976 1742 3030 u05tri
1778 2974 2043 3029 vocabant
2081 2976 2300 3029 nomine

728 3073 901 3142 magis
962 3082 1241 3141 corrupto,
1316 3068 1662 3128 Landemiti;
1734 3066 1881 3137 quod
1960 3066 2180 3135 propius
2230 3064 2296 3118 ad

726 3168 991 3233 originem
1050 3180 1202 3220 suam
1257 3163 1555 3225 accederet,
1588 3160 1633 3214 si
1670 3159 1851 3227 lingua
1895 3174 2012 3221 sua,
2067 3158 2166 3211 hoc
2216 3166 2295 3210 cst
2324 3189 2368 3245 ε

729 3261 946 3322 Italica,
996 3259 1261 3312 dixissent
1318 3254 1659 3308 L‘Adremiti.
1715 3252 1879 3307 Nobis
1941 3252 2161 3320 quidem
2213 3265 2300 3304 ar-

730 3353 876 3407 ticuli
904 3368 1023 3405 cum
1054 3352 1172 3421 ipso
1208 3350 1421 3402 nomine
1473 3344 1725 3401 conlusio
1768 3344 2129 3413 perdiliieilem
2178 3345 2299 3399 red-

729 3446 891 3498 debat
957 3444 1023 3496 de
1076 3440 1439 3511 appellatione
1484 3438 1650 3492 veteri
1702 3437 2099 3506 conjecturam.
2160 3436 2301 3491 Sunt

729 3551 907 3595 autem
968 3541 1080 3594 haec
1135 3537 1364 3592 Troadis
1413 3537 1636 3605 oppida.
1681 3532 1754 3589 De
1788 3532 1987 3587 Ulubat
2048 3534 2298 3602 superius

738 3635 982 3703 quaedam
1010 3648 1236 3686 numero
1269 3631 1333 3685 16
1368 3630 1692 3694 notavimus,
1743 3626 1883 3681 infra
1912 3627 2093 3681 daturi
2120 3626 2297 3696 plura.

732 3725 899 3778 Paulo
953 3734 1072 3794 post
1115 3705 1418 3792 Callipolim
1470 3720 1603 3785 dixi,
1670 3734 1819 3773 more
1860 3728 2146 3771 nautarum
2199 3734 2303 3772 uo-

731 3829 994 3881 strorum;
1030 3831 1151 3869 cum
1208 3812 1401 3867 Turcis
1430 3810 1659 3881 Gelipoii
1692 3809 2025 3868 nominetur.
2055 3808 2302 3864 Ridicula

734 3921 862 3964 sunt
920 3908 1129 3963 somnia
1184 3905 1388 3960 Nicolai
1457 3901 1750 3958 Nicolaidis
1820 3901 2177 3971 Delphiuatis,
2235 3901 2305 3958 de

733 4001 953 4055 nomine
983 4010 1147 4069 atque
1174 3996 1381 4066 origine
1426 3995 1590 4061 hujus
1631 3994 1815 4053 urbis;
1864 4008 1986 4046 cum
2015 4008 2044 4045 a
2077 3994 2136 4047 C.
2164 3994 2305 4047 Cali-

733 4094 852 4162 gula
887 4090 1186 4155 conditam,
1215 4091 1282 4142 ah
1329 4088 1519 4142 eodem
1573 4102 1765 4140 nomen
1801 4085 2074 4151 accepisse
2117 4086 2302 4149 tradit.

737 4183 853 4235 Mox
901 4180 1157 4249 opinione
1213 4185 1441 4241 mutata,
1496 4176 1640 4246 quod
1694 4174 1857 4229 fuerit
1906 4190 1933 4228 a
1986 4172 2153 4228 Gaiiis
2214 4191 2304 4229 ex.-

733 4284 960 4335 Structa,
1017 4271 1325 4341 Callipolim
1388 4269 1503 4323 vult
1551 4268 1811 4332 dictam,
1872 4281 1973 4321 ceu
2025 4264 2301 4319 Gallorum

733 4364 1044 4422 civitatem;
1096 4361 1318 4429 perinde
1377 4373 1441 4413 ac
1495 4356 1885 4427 Philippopolis
1937 4357 2008 4411 sit
2072 4354 2303 4424 Philippi

735 4455 949 4515 civitas,
975 4442 1246 4523 Nicopolis
1276 4454 1429 4521 quasi
1456 4448 1807 4519 Nicolopolis,
1835 4446 2042 4502 Nicolai
2068 4447 2259 4503 civitas
2286 4464 2300 4502 :

735 4544 992 4612 perbelle,
1025 4557 1093 4596 ne
1126 4542 1253 4596 dum
1300 4540 1482 4596 Gallos
1517 4556 1645 4595 suos
1690 4548 1871 4601 ornat,
1922 4541 2124 4593 suimet
2168 4538 2303 4593 obli-
2336 4523 2381 4581 υ

733 4640 998 4692 viscatur.
1063 4632 1178 4687 Non
1222 4633 1364 4687 enim
1420 4630 1579 4685 aliam
1644 4631 1696 4684 in
1746 4629 1951 4684 Graecia
2004 4630 2303 4699 reperimus

735 4734 898 4787 ullam
924 4729 1246 4799 Nicopolim,
1291 4744 1452 4798 quam
1483 4728 1656 4781 hanc:
1695 4726 1872 4795 cujus.
1896 4733 1953 4779 ut
1996 4734 2185 4779 auctor
2224 4735 2307 4779 est

736 4821 990 4874 Nicotaus
1018 4819 1346 4883 Nicolaides,
1382 4818 1455 4871 ita
1509 4820 1701 4870 merito
1751 4831 1947 4870 nomen
1989 4816 2093 4870 hoc
2122 4817 2168 4869 ei
2221 4832 2303 4869 re—

738 4914 1070 4981 linquamus,
1120 4918 1177 4965 ut
1238 4926 1267 4963 a
1321 4907 1522 4978 duplici
1573 4905 1796 4961 Nicolao
1836 4903 2167 4975 Nicolopolis
2209 4920 2303 4973 ap-

734 5006 986 5075 pelletur.
1022 5002 1126 5057 Sed
1153 5002 1374 5057 omissis
1418 5000 1577 5068 jocis.
1625 4999 1856 5067 amplius
1893 4997 2307 5066 quadringentis

735 5098 895 5152 anuis
973 5106 1096 5149 ante
1171 5095 1235 5147 (Σ.
1317 5093 1613 5161 Caligulam
1677 5092 1818 5160 apud
1886 5088 2299 5159 Xenophontem

735 5200 981 5244 nostrum
1024 5186 1258 5241 civitatis
1306 5187 1467 5253 hujus
1517 5183 1576 5236 ﬁt
1611 5182 1837 5235 mentio.
1898 5179 2007 5235 Nec
2073 5196 2100 5234 a
2137 5180 2305 5237 Gallis

733 5282 893 5335 etiam
923 5278 1137 5331 condita
1166 5276 1284 5340 fuit,
1326 5277 1417 5329 sed
1454 5278 1520 5327 ab
1576 5273 1995 5326 Atheniensibus
2028 5290 2041 5326 :
2073 5287 2298 5341 quorum

735 5377 843 5426 dux
872 5372 1089 5432 Callias,
1121 5371 1277 5423 initio
1303 5368 1572 5422 struendae
1600 5366 1749 5427 dato,
1787 5365 2105 5432 promeruit,
2138 5374 2195 5417 ut
2236 5363 2301 5416 ab

737 5468 854 5533 ipso
899 5463 1234 5531 Callinpolis,
1280 5458 1656 5531 '(Calliopoiim
1732 5457 1895 5529 409
1946 5456 2060 5510 fere
2108 5456 2298 5507 Latina

738 5558 1133 5610 consuetudine
1162 5550 1437 5623 vocamus)
1487 5568 1585 5605 ceu
1624 5552 1804 5605 Callia:
1842 5550 2051 5611 cititas,
2098 5549 2306 5601 dicere-

740 5663 846 5704 tur.
884 5649 1264 5718 Episcopatum
1325 5647 1483 5715 hujus
1520 5647 1582 5699 ad
1614 5643 2012 5697 Heraclieusem
2058 5642 2301 5693 Thracia:

737 5742 1076 5810 tnetropoiim
1110 5740 1217 5795 Leo
1248 5743 1536 5808 imperator
1568 5738 1617 5788 in
1645 5735 1881 5789 Throuis
1907 5734 2087 5787 refert.

1542 5902 1602 5915 ρ.

1927 382 2248 446 ΙΟᾹΝΝΙΞ
2296 384 2748 443 LEUNCLAVII

1988 500 2103 553 ierit
2155 502 2271 552 leru
2301 500 2347 556 Α
2374 498 2464 552 2'0.
2496 498 2569 551 De
2620 501 2785 565 primo
2835 498 3121 551 Turcorum
3178 500 3227 551 iu
3289 499 3556 566 Europam
3600 504 3851 556 lrcnsitu.
3892 503 3978 554 De

3846 386 3979 450 752

2542 569 2772 622 castellis
2799 612 2813 635 ,
2847 569 3109 632 Zettaeuic,
3162 571 3574 635 (.Itiridocaitro,
3622 569 3806 623 Maito.

2456 716 2807 785 I’rius.qnam
2841 716 2907 769 de
2938 726 3119 770 castro
3151 715 3450 774 Zcmenico
3480 717 3718 779 dicatur,
3752 719 3974 768 reeita-

2387 807 2567 860 bitnus
2597 808 2682 859 hic
2703 808 2866 860 verba
2892 806 3114 861 Laonici
3143 810 3207 861 de
3231 808 3399 877 prima
3436 806 3632 861 Tureoi
3651 826 3736 861 um
3765 809 3816 859 in
3852 809 3941 857 En
3960 832 3977 842 -

2389 913 2620 967 rupaeam
2671 899 3075 966 transjectione,
3136 914 3258 953 cum
3309 899 3504 964 quibus
3550 899 3967 953 deindelnctm

2400 992 2545 1043 hunc
2562 992 2839 1044 annalium
2864 992 3231 1045 conferemus.
3252 991 3447 1061 Capto,
3467 992 3636 1059 inquit
3660 991 3907 1045 laeniru
3921 1012 3970 1047 ε.

2393 1082 2644 1150 praesidio
2669 1082 3015 1150 Cherronesi,
3039 1095 3091 1138 et
3112 1084 3346 1155 Madyto,
3373 1086 3425 1138 in
3460 1084 3746 1139 Thraciam
3788 1083 3969 1138 Turci

2394 1177 2660 1245 progressi
2704 1188 2831 1231 sunt
2861 1194 3030 1244 usque
3088 1180 3152 1232 ad
3203 1180 3422 1233 fluvium
3452 1178 3759 1233 Taenarum.
3795 1178 3971 1231 Nate-

2396 1277 2482 1320 tur
2533 1270 2584 1321 in
2617 1270 2698 1323 his
2729 1272 2908 1324 verbis
2941 1272 3253 1339 interpretis
3305 1272 3615 1328 oscitantis.
3644 1272 3736 1339 q‘ui
3770 1287 3862 1337 pra
3885 1273 3970 1321 si-

2395 1360 2543 1411 dium
2595 1358 2915 1414 CherrOnesi
2946 1362 3105 1423 dixit,
3139 1377 3236 1429 pro
3270 1361 3589 1414 Cherronesi
3646 1370 3848 1413 castra.
3907 1361 3965 1412 ιιι

2396 1465 2635 1510 Castrum
2664 1457 2833 1525 accipi
2865 1472 2969 1508 non
3013 1468 3185 1526 potest
3217 1459 3281 1509 de
3315 1457 3667 1510 Dardani-llis.
3706 1456 3835 1507 Nam
3867 1473 3968 1505 ης

2398 1563 2570 1611 arces,
2608 1563 2728 1615 quae
2750 1548 2868 1601 dua:
2902 1558 3046 1612 sunt,
3084 1564 3189 1601 non
3217 1564 3344 1609 una.
3370 1547 3733 1601 Muchemctes
3760 1563 3959 1599 arcuat—

2398 1642 2500 1696 dus
2548 1642 2815 1696 exstruxit
2852 1649 2974 1710 post
3024 1651 3235 1711 captam
3289 1638 3842 1707 Constantinopolim.
3880 1639 3967 1690 rei

2403 1734 2520 1800 ipso
2550 1742 2688 1787 teste
2710 1732 3168 1802 Chalcocoudyla.
3195 1732 3332 1800 Ergo
3354 1732 3596 1783 Cherrnn
3622 1730 3680 1784 -si
3717 1742 3963 1783 castrum

2329 1851 2372 1907 Β
2405 1827 2533 1879 illud
2567 1826 2904 1895 intelligitur,
2931 1826 3076 1895 quod
3107 1842 3290 1878 versus
3312 1824 3553 1892 Aiga'utn
3576 1839 3724 1876 mare
3747 1824 3966 1875 duobus

2402 1919 2553 1974 abest
2583 1919 2906 1973 tnilliaribus
2939 1918 3143 1972 Graecis
3175 1917 3255 1970 vel
3284 1916 3525 1969 ltalicisa
3557 1914 3743 1973 Maito.
3774 1930 3967 1966 versus

2400 2010 2784 2081 Propontidem
2813 2025 2941 2064 vero
2969 2011 3185 2064 duobus
3219 2018 3273 2063 et
3299 2009 3483 2078 viginti
3512 2023 3542 2061 a
3564 2008 3875 2076 Callinpoli.
3905 2006 3969 2059 Et

2399 2103 2589 2157 Maitos
2620 2104 2779 2157 hodie
2810 2102 3010 2156 dicitur
3042 2102 3287 2171 ejusdem
3320 2101 3649 2156 Cherronesi
3674 2101 3963 2168 oppidum.

2402 2212 2468 2249 ne
2513 2195 2859 2264 Xenophonti
2890 2195 3109 2265 quidem
3160 2194 3426 2264 ignotum.
3469 2197 3555 2250 cui
3584 2196 3841 2267 Madytus
3876 2213 3969 2265 ap-

2404 2288 2657 2357 pellatur,
2694 2288 2837 2341 sicut
2866 2297 2919 2341 et
2965 2285 3222 2351 Laonico,
3253 2289 3427 2341 tribus
3471 2288 3732 2343 duntaxat
3770 2306 3799 2342 a
3837 2290 3968 2342 Dar-

2400 2378 2849 2433 danellis-versus
2872 2378 3113 2448 Aigtnum
3143 2380 3355 2435 distans
3379 2380 3729 2435 tnilliaribus.
3758 2382 3969 2435 Pra-tor

2403 2471 2622 2525 Grrccia:
2645 2483 2829 2525 noster
2845 2474 2976 2542 Asty
3005 2473 3085 2525 vel
3113 2475 3301 2526 urbem
3334 2474 3667 2545 Madytorum
3698 2476 3967 2532 nominat.

2402 2568 2546 2620 sicut
2570 2577 2623 2620 et
2653 2565 2851 2620 Leoais
2882 2568 3109 2633 Augusti
3145 2566 3355 2619 novella
3385 2567 3452 2621 de
3485 2567 3725 2621 Throuis
3760 2568 3967 2637 Madyta

2401 2662 2620 2730 pariter,
2652 2667 2704 2713 et
2737 2659 3004 2729 Madytum
3038 2658 3192 2713 dixit.
3227 2658 3419 2714 Castro
3477 2674 3681 2724 autem,
3740 2676 3855 2729 quo
3910 2662 3971 2713 de

2400 2753 2630 2822 agimus,
2671 2769 2866 2806 nomen
2920 2762 3003 2806 est
3033 2753 3171 2821 apttd
3231 2752 3450 2806 Graecos
3495 2753 3967 2807 Chiridocastron.

2403 2845 2779 2912 Hellespontus
2810 2845 2930 2898 istic
2957 2860 3133 2913 usque
3160 2846 3293 2898 adeo
3329 2846 3381 2899 in
3415 2858 3699 2915 angustum
3732 2850 3968 2913 cogitur,

2402 2948 2457 2990 ut
2485 2951 2513 2987 a
2549 2939 2730 2990 littore
2758 2938 2998 2992 Asiatico
3025 2938 3521 2993 Cherronesiacum
3568 2940 3799 3008 Europa:
3855 2951 3970 2990 tan-

2403 3040 2513 3081 tum
2548 3043 2655 3082 uno
2707 3030 2926 3082 milliari
2978 3028 3165 3084 Graeco
3221 3031 3584 3101 disjnngatur.
3629 3032 3747 3085 Hoc
3804 3032 3970 3100 igitur

2402 3120 2454 3172 in
2489 3120 2605 3173 loco
2635 3119 2798 3174 Turci
2851 3121 3084 3191 primum
3152 3138 3215 3175 ex
3268 3122 3393 3176 Asia
3449 3121 3877 3175 transmiserunt
3919 3125 3968 3174 in

2403 3212 2693 3282 Europam,
2715 3224 2765 3266 et
2798 3213 3062 3267 industria
3097 3216 3331 3282 quadam
3367 3212 3744 3272 Zemenicnm.
3783 3225 3840 3267 ut
3871 3216 3966 3283 ipsi

2404 3311 2647 3369 narrant,
2721 3303 3182 3368 Chridecastron,
3254 3315 3312 3357 ut
3365 3304 3581 3379 Graeci,
3651 3322 3679 3359 a
3756 3319 3968 3373 captivo

2402 3397 2635 3465 quodam
2693 3396 3003 3451 Christiano
3040 3396 3185 3451 ducti
3232 3410 3588 3461 occuparunt.
3627 3398 3755 3452 lude
3804 3399 3971 3451 disst~

2406 3500 2513 3544 tam
2554 3488 2619 3544 ad
2644 3490 2872 3544 alterum
2900 3490 3132 3559 lapidem
3165 3492 3338 3545 adorti
3368 3492 3659 3560 Madytum,
3688 3509 3855 3562 quam
3894 3495 3969 3544 in-

2404 3582 2642 3637 colarum
2684 3582 2990 3651 frequentia
3043 3584 3218 3637 territi
3253 3593 3462 3638 tentare
3508 3586 3660 3653 prius
3688 3586 3814 3638 ausi
3868 3604 3968 3638 tn-n

2405 3674 2639 3739 fuerant,
2669 3690 2795 3729 cum
2837 3676 3104 3744 hodieque
3147 3692 3310 3745 supra
3345 3687 3615 3731 trecentas
3652 3677 3968 3732 Gratiarum

2404 3768 2594 3820 domos
2628 3767 2837 3833 habeat,
2864 3776 2916 3821 et
2940 3768 3108 3836 ipsam
3130 3768 3180 3821 in
3206 3779 3525 3838 potestatem
3557 3771 3833 3836 redegere.
3864 3770 3970 3823 Nos

2405 3851 2529 3906 istic
2575 3853 2626 3906 in
2658 3854 2848 3908 itinere
2881 3861 3071 3908 nostro
3108 3858 3290 3910 vinum
3327 3860 3526 3912 coloris
3560 3860 3709 3911 rubri
3744 3875 3966 3929 compa-

2406 3944 2678 4010 rabamus,
2706 3947 2848 4015 quod
2885 3947 3168 4001 mensibus
3223 3950 3429 4017 aliquot
3459 3949 3693 4004 durante
3753 3952 3971 4020 naviga-

2409 4037 2573 4101 tione,
2599 4038 2730 4090 varii
2757 4037 2807 4089 in
2848 4039 3026 4100 malis,
3060 4050 3113 4093 et
3145 4054 3344 4093 nausea
3383 4053 3668 4109 perpetua,
3699 4044 3973 4111 praecipue

2408 4141 2505 4178 nos
2540 4128 2836 4181 recreabat.
2874 4128 3197 4194 Nicolaidcs,
3230 4131 3298 4186 de
3327 4147 3438 4201 quo
3465 4132 3626 4201 paulo
3678 4143 3805 4185 ante
3836 4133 3971 4186 dixi-

2409 4232 2551 4280 mus,
2585 4216 2794 4273 fabulas
2817 4230 2874 4273 ut
2901 4221 2968 4275 de
2999 4219 3308 4290 Galliopoli,
3336 4223 3418 4277 sic
3443 4223 3605 4277 etiam
3637 4228 3701 4277 de
3734 4226 3845 4282 hoc
3885 4241 3973 4278 ca—

2408 4315 2543 4373 stro,
2578 4310 2733 4364 nobis
2756 4312 3019 4368 obtrudit.
3050 4312 3241 4379 Narrat
3268 4316 3438 4379 enim,
3464 4315 3570 4368 dici
3604 4326 3851 4369 castrum
3885 4316 3974 4369 Vi-

2408 4399 2660 4461 duarum,
2691 4415 2756 4454 ex
2783 4400 3088 4469 hujusmodi
3119 4405 3431 4460 occasione.
3486 4406 3619 4459 Cum
3643 4404 3838 4471 Turci,
3872 4410 3969 4469 ait,

2409 4503 2512 4557 ope
2537 4490 2765 4544 duorum
2819 4504 3189 4548 mercatorum
3236 4494 3611 4551 Genuensiqu
3646 4496 3976 4569 Hellespon-

2410 4593 2520 4635 tum
2551 4586 3112 4654 transmisissent,pro
3136 4587 3363 4657 singulis
3392 4589 3667 4659 capitibus
3696 4602 3976 4653 "animor-

2412 4676 2701 4728 tandorum
2754 4677 2947 4731 solutis
2991 4678 3206 4733 duobus
3256 4683 3517 4736 ducatis:
3568 4683 3812 4751 primum
3856 4703 3969 4735 om-

2412 4767 2560 4820 nium
2593 4768 2645 4821 in
2675 4767 2884 4838 Europa
2917 4779 3158 4824 castrum
3190 4775 3291 4826 hoc
3316 4784 3601 4842 ceperunt,
3642 4774 3697 4827 in
3726 4793 3845 4844 quo
3870 4793 3977 4827 ma-

2414 4875 2500 4915 res
2550 4876 2742 4915 omnes
2796 4862 3023 4917 immani
3085 4865 3291 4920 saevitie
3320 4868 3799 4931 contrucidarunt,
3871 4870 3974 4923 vita

2409 4954 2626 5007 {euullis
2655 4955 3028 5010 tantummodo
3062 4958 3385 5011 condonata.
3418 4957 3535 5024 Qua
3564 4959 3632 5013 de
3664 4974 3832 5014 causa
3874 4978 3971 5013 no-

2411 5060 2531 5100 men
2562 5046 2611 5098 ei
2642 5046 2895 5116 deinceps
2927 5047 3145 5113 mansit,
3188 5058 3247 5102 ut
3280 5059 3522 5103 castrum
3551 5047 3855 5104 viduarum
3880 5068 3974 5120 ap-

2409 5139 2657 5207 pelletur.
2711 5137 2821 5191 Hoc
2851 5138 2896 5191 si
2952 5154 3138 5194 verum
3186 5153 3354 5207 esset,
3408 5142 3796 5210 appellandum
3855 5153 3975 5194 erat

2407 5226 2590 5282 Cra-ce
2620 5227 2822 5282 Chiron
2866 5241 3108 5296 castron,
3140 5233 3224 5285 vel
3253 5232 3663 5292 Chirocastron.
3691 5235 3838 5301 quod
3869 5246 3972 5285 no-

2408 5333 2529 5372 men
2570 5319 2682 5386 ipse
2711 5334 2816 5371 non
2847 5321 3048 5387 posuit.
3084 5320 3190 5377 Sed
3224 5324 3358 5377 satis
3398 5324 3783 5377 animadvertit
3824 5326 3975 5392 peri-

2406 5418 2493 5464 tus
2516 5412 2757 5465 historia:
2788 5412 2978 5474 lector,
3003 5414 3057 5467 iu
3089 5413 3208 5481 ipso
3248 5414 3443 5467 fabulae
3472 5427 3752 5484 peccaturo
3793 5418 3973 5469 initia.

2407 5502 2523 5555 Non
2548 5504 2690 5555 enim
2722 5503 2787 5555 ad
2812 5505 3045 5571 primurn
3077 5506 3129 5558 in
3153 5506 3424 5575 Europam
3451 5505 3755 5562 Turcorum
3793 5520 3974 5561 tran-

2409 5597 2541 5648 itum
2600 5598 2832 5663 pertinet
2863 5598 2949 5649 illa
2980 5599 3047 5651 de
3077 5598 3457 5653 Genuensibus
3486 5599 3735 5663 historia,
3777 5602 3871 5653 sed
3904 5602 3971 5652 ad

2409 5690 2746 5755 insequentia
2777 5699 3038 5757 tempora.
3064 5694 3207 5743 sicut
3250 5707 3348 5745 suo
3399 5692 3520 5745 loco
3559 5692 3813 5761 deinceps
3862 5709 3975 5744 nu-

2415 5798 2562 5835 mero
2592 5781 2659 5834 87
2700 5783 3046 5835 iudicabitur.
3086 5782 3285 5837 Deinde
3337 5784 3730 5839 Chiridocastri
3770 5801 3971 5840 nomen

2410 5876 2680 5931 exstitisse
2721 5886 2939 5929 constat
2971 5878 3132 5930 etiam
3182 5881 3516 5947 priusquam
3550 5881 3734 5941 Turri,
3788 5892 3975 5934 trans-
