4198 6426
213 356 319 415 753

1352 353 1743 415 PANDECTE
1775 357 1978 417 HIST.
2027 357 2327 417 'I‘UIlClC.

3310 348 3412 409 75$

209 478 376 517 misso
432 462 774 529 Hellesponto
799 506 811 526 ,
859 471 1094 515 casti-nm
1148 463 1323 530 ipsum
1374 474 1753 534 occupassent.
1784 468 1830 524 Α
1859 470 2083 538 gnacula
2116 488 2127 523 ς
2164 485 2267 523 non
2330 468 2672 536 Calbupoies,
2707 476 2799 519 aut
2831 464 3117 532 amphoras
3152 462 3283 519 viui,
3319 458 3411 511 ςυιι

208 557 336 605 Lrat
372 554 422 603 in
452 553 570 603 navi
601 563 780 604 nostra
810 568 970 604 senes
1003 552 1292 604 multarum
1324 568 1502 605 rerum
1533 556 1759 621 peritus,

208 644 475 695 Antenius
509 641 801 703 Melicnsis,
831 641 1017 694 Cra-co
1060 652 1209 708 patre
1243 653 1404 696 natus
1433 644 1484 697 in
1516 643 1650 698 Melo
1680 645 1763 697 in-

208 734 328 785 sitla
369 733 552 800 (Milon
611 732 783 786 Graeci
823 732 1201 800 pronuntiant)
1269 733 1570 787 conductus
1606 750 1633 786 a
1673 751 1765 788 na-

209 826 431 881 varcbo.
468 834 522 875 ut
558 823 718 876 index
753 823 963 876 itineris
1022 823 1258 877 interdiu
1297 834 1565 893 noctuque
1614 826 1767 880 nobis

208 924 373 973 esset.
406 930 563 978 quem
595 914 848 967 l’odotam
890 915 1059 970 Crteci
1114 930 1257 969 nunc
1290 916 1475 970 dicunt
1510 918 1766 972 vocabulo

210 1008 493 1074 peculiari.
525 1009 666 1075 quod
702 1010 752 1061 in
786 1010 1043 1076 Pulologo
1102 1010 1386 1076 reperitur.
1422 1011 1615 1079 vulgus
1634 1028 1767 1065 nau-

211 1112 387 1153 tarum
410 1101 645 1153 Pelatam
665 1114 837 1155 vocat.
865 1102 915 1155 ls
941 1101 1094 1160 mihi.
1113 1118 1233 1154 cum
1258 1101 1541 1169 Callinpoli
1562 1105 1769 1165 relicta.

210 1191 317 1259 jam
352 1191 538 1259 viginti
598 1193 809 1246 duobus
866 1192 1193 1246 milliaribus
1232 1194 1489 1254 emensis.
1520 1192 1767 1247 Chirido-

219 1293 461 1335 castt-uni
496 1284 1097 1353 praternavigaramus,
1131 1294 1183 1337 et
1229 1284 1437 1338 ruinosi
1470 1286 1631 1339 castri
1677 1299 1769 1337 no-

214 1385 335 1423 men
385 1372 746 1439 signiﬁcabat.
780 1382 832 1425 et
865 1374 1147 1427 historiam
1183 1389 1289 1427 non
1315 1373 1525 1428 frivolis
1556 1374 1622 1429 de
1645 1391 1773 1429 cau-

211 1462 284 1515 sis
308 1463 697 1517 observandam
734 1466 1211 1519 commemorabat.
1237 1466 1377 1533 Quo,
1407 1467 1608 1535 inquit,
1642 1476 1773 1520 tem-

213 1566 341 1620 pore
371 1553 529 1608 Turci
565 1555 801 1620 primum
824 1556 984 1611 hasce
1023 1556 1141 1611 freti
1175 1556 1558 1626 Hellespontici
1600 1568 1774 1611 trans-

214 1648 479 1699 miserunt
519 1648 818 1714 angustias,
865 1658 920 1700 ut
959 1649 1082 1702 Asia
1134 1648 1310 1715 potiti,
1338 1647 1570 1719 Europa“:
1598 1652 1774 1716 regio-

224 1753 322 1791 nes
394 1738 711 1791 invaderent
742 1756 755 1792 :
795 1742 897 1793 hoc
932 1739 1050 1805 ipso
1092 1750 1294 1802 castro.
1338 1741 1479 1810 quod
1516 1740 1687 1805 vides,
1720 1740 1774 1794 in

1868 560 2191 621 PannOnias,
2216 560 2305 613 sed
2333 558 2559 628 Cypros,
2578 557 2780 623 integra
2815 570 2976 619 regna
3001 553 3225 609 scilicrt.
3262 551 3414 602 atnit«

1869 652 2052 704 timus.
2092 652 2193 703 Sed
2224 652 2453 718 reprimo
2481 665 2583 702 me.
2615 647 2745 701 Nam
2792 648 2944 716 plura
2979 652 3123 699 vetat
3157 642 3335 705 dolor,
3366 651 3419 695 et

1869 741 2064 795 ominis
2097 742 2317 795 infausti
2350 751 2544 795 metus.

1869 881 1957 933 2‘3.
1983 879 2292 933 Triturandi
2328 896 2434 931 mos
2467 880 2602 948 apud
2632 877 2859 936 Crmcos.
2899 884 2946 925 et
2986 873 3264 932 Asiaticos,
3323 868 3424 921 Bo-

2372 950 2493 1017 lair,
2533 949 2937 1013 Asprolimiona.

1942 1092 2201 1144 Arearum
2232 1089 2283 1141 in
2312 1104 2446 1157 quas
2472 1087 2669 1141 messis
2708 1095 2950 1153 tempore
2983 1088 3192 1148 segetes
3222 1085 3331 1129 tam
3371 1075 3425 1127 iu

1874 1184 2097 1243 Grtecia.
2138 1199 2297 1252 quant
2334 1182 2386 1235 in
2429 1180 2574 1242 Asia,
2629 1178 2995 1244 colliguntur;
3033 1182 3086 1224 et
3121 1171 3234 1237 ipsa
3269 1167 3429 1221 tritu-

1874 1279 2029 1331 rantli
2088 1277 2245 1335 ratio.
2283 1273 2588 1342 huiusmodi
2620 1279 2722 1326 est.
2755 1270 2944 1323 Solent
3002 1267 3213 1321 illarum
3250 1261 3429 1331 regio-

1876 1387 2002 1424 num
2052 1368 2259 1429 incolac.
2296 1379 2578 1436 postquam
2614 1366 2872 1419 demessa:
2901 1362 3083 1428 fruges
3138 1368 3285 1420 sunt,
3322 1371 3426 1409 non

1876 1463 2089 1516 domum
2126 1477 2217 1515 eas
2248 1476 2311 1513 ex
2337 1460 2500 1528 agris.
2535 1473 2686 1510 more
2720 1468 2926 1516 noStro,
2966 1453 3150 1523 granis
3185 1450 3423 1504 necdum

1876 1556 2135 1617 excttssis,
2162 1554 2217 1605 in
2243 1554 2434 1606 horrea
2458 1551 2762 1605 convehere
2791 1566 2805 1603 :
2838 1546 2930 1602 sed
2959 1547 3010 1599 in
3032 1560 3212 1599 aream
3245 1558 3431 1611 quani-

1878 1646 1999 1699 dam
2031 1645 2132 1697 sub
2162 1643 2249 1696 ilio
2276 1649 2639 1710 comportare.
2674 1639 2873 1692 Deinde
2896 1638 3100 1706 sparsis
3128 1650 3222 1705 per
3249 1648 3430 1687 aream

1882 1737 2166 1806 manipulis
2187 1737 2397 1806 frugum
2428 1737 2591 1788 boves
2620 1744 2673 1788 et
2713 1733 2938 1786 bnbalos
2980 1729 3303 1788 immittunt.
3338 1726 3432 1795 qui

215 1836 529 1891 potestatem
557 1826 797 1893 redacto,
818 1828 1051 1896 primum
1088 1828 1140 1881 in
1169 1808 1375 1898 Europa
1412 1830 1598 1911 pedem
1641 1831 1774 1883 llxe-
1808 1808 1850 1867 Β
1878 1829 2002 1883 dum
2046 1829 2269 1896 pedibus
2326 1826 2597 1894 subjectus
2652 1831 2955 1892 preterunt,
3019 1819 3204 1874 aristis
3267 1833 3434 1911 grana

216 1927 358 1969 runt.
418 1918 543 1983 Iijtis
583 1917 657 1972 rei
699 1922 908 1979 nuntio.
942 1936 1149 1974 summa
1178 1923 1479 1984 celeritate.
1508 1922 1769 1979 Constan-

215 2009 496 2076 tinOpolim
524 2010 728 2077 perlato
766 2030 779 2063 :
822 2020 967 2066 tanta
1012 2012 1344 2080 Grmcorum,
1380 2016 1647 2083 majorum
1676 2034 1775 2072 no-

216 2094 456 2153 strorum
484 2102 969 2171 arrogantia,tanta
1001 2106 1266 2161 securitas
1290 2105 1397 2160 fuit
1426 2125 1439 2162 :
1469 2120 1527 2163 ut
1556 2111 1775 2164 minime

215 2194 513 2261 cogitarent
544 2193 609 2245 de
641 2205 818 2247 castro
848 2211 969 2250 mox
998 2200 1389 2267 recuperando,
1417 2211 1468 2254 et
1494 2202 1774 2271 ejiciendis

220 2286 365 2351 prius
402 2301 463 2337 ex
497 2284 707 2355 Europa
733 2286 949 2351 Turcis.
997 2306 1156 2358 quam
1192 2293 1426 2361 majores
1458 2294 1509 2347 in
1544 2311 1602 2348 ea
1630 2296 1773 2349 vires

178 2374 654 2460 ἰςιιυίδὶνίεεειιι,
678 2377 946 2447 altiusque
980 2396 1106 2434 suas
1128 2382 1364 2451 egissent
1390 2364 1601 2437 radices
1632 2403 1645 2438 :
1678 2386 1771 2440 sed

217 2468 423 2534 accrpti
460 2470 642 2522 damni
677 2474 995 2538 gravitatem
1026 2474 1203 2529 verbis
1222 2476 1480 2531 elevando
1508 2478 1770 2545 dicerent,

217 2572 338 2608 osse
377 2558 639 2612 duntaxat
663 2561 919 2615 amissmn
954 2564 1222 2618 stabulum
1252 2581 1557 2635 porcorum.
1594 2568 1773 2623 Lude-

220 2648 346 2698 bant
372 2650 535 2712 enim,
568 2662 618 2702 ut
647 2651 970 2709 Nazianzeni
1011 2658 1179 2711 nostri
1210 2660 1391 2715 verbis
1438 2673 1578 2725 utar,
1611 2663 1661 2715 in
1688 2678 1771 2715 re-

220 2738 325 2789 bus
384 2741 603 2793 minime
635 2743 853 2798 ludicris
893 2766 903 2799 :
949 2748 1215 2814 ridebant,
1250 2751 1302 2804 in
1337 2754 1496 2805 rebus
1557 2755 1774 2807 minime

219 2834 484 2901 ridiculis,
530 2840 623 2892 sed
681 2839 1026 2909 deplorandis
1085 2843 1283 2910 potius,
1336 2842 1462 2896 dum
1526 2860 1590 2897 ex
1648 2845 1774 2898 (ΣΙιί-

218 2928 519 2983 iiduCastro
584 2946 677 2998 per
731 2933 915 3002 jocum
974 2935 1247 2987 stabulum
1334 2949 1623 3002 porcorum.
1691 2935 1772 2987 fa-

216 3019 455 3071 ciebant.
518 3019 717 3075 ϐιηθεὶς
776 3023 919 3076 enim
980 3022 1219 3078 Cbiridia
1285 3025 1544 3079 dicuntur
1600 3027 1769 3095 porci.

218 3108 326 3161 ειειι
367 3112 626 3166 risusiste
653 3115 868 3169 tandem
903 3116 954 3169 in
992 3132 1206 3171 amaras
1231 3133 1528 3174 conversus
1563 3121 1661 3173 fuit
1691 3122 1768 3173 la-

216 3217 451 3270 C‘lylllas.
486 3201 780 3257 Audiamus
819 3204 1079 3274 majorem
1109 3223 1251 3262 nunc
1286 3223 1349 3261 ex
1396 3210 1636 3275 ejusdem
1667 3213 1772 3264 An-

217 3293 355 3344 tonii
396 3296 708 3350 narratione
748 3295 1058 3351 Graecorum
1110 3289 1397 3354 insaniam.
1435 3302 1594 3356 Venit
1626 3304 1771 3368 inde,

218 3401 327 3436 non
355 3400 547 3455 magno
575 3390 830 3454 temporis
860 3391 1137 3460 interjecto
1157 3393 1354 3460 spatio,
1380 3393 1680 3449 Turcorum
1718 3396 1773 3453 in

222 3489 543 3544 potestatem
574 3490 623 3533 et
654 3479 989 3547 Calliupolis,
1025 3492 1081 3537 ut
1114 3484 1163 3536 in
1199 3486 1281 3539 bis
1308 3488 1613 3543 Annalibus
1639 3506 1773 3558 quo-

215 3585 327 3638 que
362 3573 649 3623 recitatur:
684 3570 883 3626 ϐιηθεὶς
909 3574 1121 3626 interim
1150 3576 1315 3630 altum
1349 3577 1772 3643 dormientibus,

136 3692 140 3695 η
217 3674 319 3712 nec
346 3660 409 3711 de
439 3661 738 3715 rationibus
759 3665 1078 3718 occurrendi
1106 3666 1391 3721 conatibus
1418 3669 1654 3724 hostium
1690 3673 1772 3724 vel

216 3752 491 3804 tantillum
556 3754 820 3808 sollicitis.
857 3754 994 3820 Quid
1058 3756 1163 3810 fit?
1197 3756 1366 3825 Hujus
1412 3760 1574 3813 etiam
1610 3762 1777 3815 detri-

217 3844 387 3895 menti
427 3845 626 3911 accepti
649 3849 867 3901 nuntius
892 3846 1414 3919 Constantinopolim
1442 3852 1606 3905 venit.
1636 3852 1774 3906 Tum

215 3939 393 4002 magis
426 3947 481 3989 ut
525 3935 739 3991 Gr:ecos
770 3939 1046 3995 dementes
1094 3955 1366 4007 cerneres,
1410 3947 1666 3998 amissam
1701 3945 1776 3998 illi

214 4029 559 4096 Callinpolixn
588 4030 738 4085 ﬂocci
763 4030 960 4096 facere,
993 4034 1259 4101 jacturam
1299 4035 1565 4105 publicam
1590 4052 1778 4105 reapse

217 4133 493 4185 magnam.
551 4120 726 4173 verbis
775 4123 1033 4175 secordis:
1091 4122 1266 4193 plenis
1318 4135 1629 4189 extenuare,
1669 4141 1776 4180 non

217 4212 323 4265 nisi
363 4213 676 4274 amphoram
726 4214 830 4266 vini
892 4230 920 4268 a
962 4216 1153 4268 'l‘urcis
1184 4214 1347 4286 410
1392 4228 1628 4286 ereptam
1673 4219 1778 4273 sibi

218 4303 428 4355 dicere.
463 4300 567 4355 Sed
599 4317 693 4356 eos
727 4301 890 4357 Turci
940 4306 1131 4373 paucis
1162 4306 1318 4359 annis
1358 4309 1408 4360 in
1447 4307 1675 4362 Thracia
1707 4308 1783 4362 fe-

216 4409 347 4446 cere
400 4408 736 4462 progressus,
797 4407 854 4449 ut
891 4397 1049 4465 hujus
1090 4397 1410 4453 Soleimanis
1460 4401 1649 4463 bassae,
1686 4402 1777 4470 qui

1877 1920 2026 1973 nullo
2068 1918 2286 1987 negotio
2329 1916 2699 1970 excutiuntur.
2733 1914 2795 1968 Et
2832 1914 3008 1967 solent
3044 1914 3156 1965 haec
3198 1908 3299 1964 sub
3346 1908 3437 1963 dio

1879 2013 2011 2075 fieri,
2056 2020 2207 2065 extra
2254 2024 2417 2080 pagos
2450 2018 2502 2062 et
2533 2009 2748 2079 oppida.
2812 2007 3039 2074 Semper
3094 2015 3275 2057 autem
3318 2019 3438 2056 mos

1877 2106 1965 2159 hic
1988 2104 2127 2174 apud
2160 2104 2461 2157 Orientales
2495 2101 2781 2157 triturandi
2830 2100 2949 2163 luit,
2977 2098 3100 2151 inde
3148 2113 3321 2166 usque
3370 2097 3437 2149 ab

1878 2194 2271 2262 antiquissimis
2310 2196 2666 2264 temporibus.
2694 2194 2835 2247 sicut
2876 2200 2930 2245 et
2973 2195 3025 2243 in
3079 2191 3245 2243 sacris
3288 2189 3437 2242 libris

1879 2290 2223 2343 interdictum
2269 2297 2421 2342 vetus
2455 2288 2715 2356 reperitur
2759 2283 2871 2342 :05
2911 2284 3024 2335 bovi
3071 2282 3345 2341 tritttranti
3376 2297 3439 2332 nc

1876 2382 2152 2451 obligatur.
2190 2380 2501 2435 Secundum
2552 2379 2666 2433 bare
2717 2377 2920 2432 mentio
2987 2376 3041 2427 lit
3077 2375 3437 2443 expeditionis

1875 2474 2196 2536 TurCorttm,
2256 2472 2488 2540 primum
2531 2471 2690 2531 mari.
2750 2469 2977 2536 navigiis
3018 2483 3167 2521 cram
3205 2468 3437 2520 Chter-

1876 2569 1987 2623 nesi
2010 2583 2196 2621 versus
2219 2566 2461 2637 A‘Igaeum
2496 2564 2817 2634 legentibus,
2850 2572 2903 2615 et
2934 2562 3207 2631 pranerito
3233 2562 3439 2614 Rumo-

1876 2661 1960 2713 lire
2008 2662 2090 2713 vel
2124 2659 2349 2729 EurOpa:
2402 2659 2800 2728 promontorio,
2857 2656 3035 2712 sinum
3091 2655 3432 2723 Magarisinau

1878 2751 1979 2821 (sic
2015 2768 2042 2805 a
2074 2750 2231 2806 fmdis
2281 2751 2692 2821 tempestatibus
2721 2764 2783 2803 ac
2832 2748 3025 2815 pluviis
3058 2748 3282 2808 dictum,
3317 2761 3437 2814 qua:

1876 2843 1982 2898 illis
2012 2844 2066 2896 in
2090 2843 2403 2912 regionibus
2433 2843 2695 2895 exsistere
2731 2841 2911 2895 boreis
2944 2839 3202 2893 flantibus
3238 2838 3434 2899 solent.

1876 2951 1993 2991 eum
2031 2935 2167 3005 apud
2207 2951 2306 2989 nos
2359 2934 2538 3004 aquilo
2570 2935 2918 2987 serenitatem
2978 2934 3117 2987 aeris
3172 2931 3325 2999 lerat)
3362 2932 3442 2982 in-

1875 3032 2166 3092 trantibus,
2200 3028 2288 3081 ubi
2314 3015 2641 3081 Cherronesi
2669 3026 2809 3080 latus
2839 3025 3094 3089 alterum,
3140 3025 3301 3093 longo
3328 3034 3439 3076 tra-

1876 3133 1989 3183 ctu,
2016 3122 2068 3175 in
2102 3136 2250 3175 mare
2278 3136 2332 3175 sc
2364 3120 2591 3188 porrigit
2618 3138 2630 3173 :
2660 3118 2854 3172 deinde
2890 3128 3055 3179 terra,
3084 3118 3265 3170 missrs
3290 3116 3449 3185 cquis

1876 3214 2039 3278 tibus,
2061 3213 2151 3281 qui
2179 3229 2300 3267 cum
2328 3211 2608 3281 Edzebego
2633 3211 2911 3281 planitiem
2958 3210 3286 3279 Cherroncsi
3325 3225 3443 3262 ver-

1874 3321 1966 3360 sus
2001 3322 2215 3359 amnem
2246 3305 2529 3358 Maritzam
2576 3313 3015 3373 pervagarentur,
3053 3312 3105 3356 et
3132 3302 3325 3356 Album
3370 3302 3437 3355 ad

1874 3397 2094 3464 Portum
2152 3398 2431 3451 navalibus
2463 3412 2521 3451 se
2569 3411 2690 3449 cum
2721 3395 2892 3463 copiis
2939 3394 3349 3465 conjungerent.
3382 3393 3440 3445 lu

1875 3490 1959 3544 his
1999 3490 2177 3545 verbis
2210 3489 2608 3544 observandum
2670 3488 2813 3543 illam
2867 3488 3096 3542 Bolairis
3160 3486 3441 3557 planitiem

1874 3581 2068 3636 Turcis
2094 3582 2316 3645 dictam,
2346 3582 2565 3635 Praetori
2600 3580 2820 3635 Grmcite
2851 3589 3038 3635 nostro
3068 3580 3252 3634 vocari
3289 3578 3440 3632 Boluo

1878 3687 2018 3732 rum.
2046 3688 2147 3739 qua
2168 3672 2377 3726 scilicet
2403 3688 2497 3739 per
2526 3674 2696 3741 ipsam
2724 3672 3180 3733 Cherrrooesum,
3206 3672 3440 3726 Hadria-

1878 3763 2056 3832 nopoli
2081 3764 2265 3832 procul
2291 3763 2355 3817 ad
2380 3765 2623 3817 dextram
2660 3766 2865 3825 relicta.
2887 3779 3004 3816 cum
3039 3764 3437 3832 Didymoticho,

1876 3872 2065 3912 versus
2092 3854 2291 3909 Ennm
2318 3856 2595 3924 oppidum,
2619 3866 2669 3908 et
2689 3854 2963 3908 Maritzam
2994 3855 3237 3919 ﬂuvium,
3265 3872 3441 3923 quon-

1877 3949 1997 4002 dam
2029 3946 2263 4002 Hebrum
2314 3948 2537 4004 dictum.
2572 3961 2633 4000 ac
2681 3948 2892 4015 longius
2943 3948 3067 4001 inde
3097 3947 3439 4002 Thessaliam

1877 4057 2068 4097 versus
2129 4042 2254 4096 itur.
2322 4041 2453 4096 Nam
2487 4057 2514 4095 a
2548 4040 2955 4097 Chiridocastro
2984 4044 3097 4098 sive
3128 4041 3439 4107 Zemenico,

1882 4149 1975 4204 per
2007 4124 2344 4189 excurrentis
2370 4134 2423 4186 in
2446 4148 2594 4187 mare
2621 4131 2948 4189 Cberronesi
2977 4149 3217 4204 campos,
3241 4134 3305 4188 ad
3336 4134 3446 4189 Ma-

1883 4226 2073 4279 ritzam
2110 4224 2356 4289 ﬂuvium,
2397 4234 2451 4278 et
2480 4226 2630 4277 illum
2665 4225 2830 4279 maris
2866 4226 3067 4287 sinum.
3108 4227 3159 4279 in
3193 4242 3352 4293 quem
3386 4242 3445 4281 se

1884 4316 2103 4371 Maritza
2138 4317 2250 4370 sive
2283 4315 2564 4380 Tarnarus,
2592 4328 2649 4370 ut
2680 4316 2950 4370 Laonicus
2994 4318 3060 4371 de
3098 4332 3262 4371 causa
3294 4317 3447 4370 dein-

1884 4422 2009 4471 ceps
2065 4407 2381 4476 exponenda
2433 4417 2612 4468 vocat.
2672 4419 2892 4475 propter
2938 4408 3136 4461 Aﬁuum
3169 4410 3444 4462 civitatem

216 4486 561 4552 llalliupolim
610 4495 737 4539 tunc
773 4488 851 4541 eis
888 4489 1104 4557 eripuit,
1147 4488 1330 4544 fratris
1390 4490 1529 4544 filius
1570 4491 1780 4559 Bajazi-
1814 4508 1856 4562 ι)
1886 4497 2133 4561 ell'undit,
2173 4499 2433 4551 directum
2479 4498 2576 4552 iter
2611 4514 2714 4550 non
2776 4514 3028 4567 magnum
3083 4508 3190 4554 est.
3237 4500 3448 4567 Quippe

215 4585 321 4634 tes.
358 4576 636 4641 occupatis
663 4578 823 4628 etiam
844 4577 1173 4631 suburbanis
1206 4577 1372 4646 agris.
1397 4578 1781 4632 Constantino-

216 4666 384 4732 polim
424 4665 670 4731 pluribus
699 4667 855 4719 annis
884 4666 1199 4721 obsideret:
1228 4683 1388 4736 quam
1427 4669 1641 4736 quidem
1667 4685 1781 4722 om-

216 4758 352 4810 nino
392 4759 709 4810 redactnrus
744 4768 859 4811 erat
891 4760 941 4811 in
974 4748 1331 4828 potestatem,
1387 4761 1439 4814 ni
1473 4759 1650 4814 Tatari
1678 4762 1781 4814 Tc-

214 4850 380 4902 tniris
426 4849 804 4904 intervenisset
838 4852 1110 4919 expeditio
1148 4850 1369 4920 Bajaziti
1408 4852 1587 4906 fatalis
1624 4872 1635 4907 :
1675 4871 1779 4921 qua

215 4942 573 5012 prosperrimi
598 4943 897 4995 'l‘urcorum
936 4958 1218 4998 successus
1258 4944 1566 5013 aliquandiu
1602 4946 1785 4999 divino

218 5033 457 5086 consilio
491 5034 705 5086 fuerunt
742 5035 978 5100 inbibiti,
1010 5052 1073 5087 ne
1103 5046 1225 5089 ante
1255 5048 1466 5105 tempus
1497 5053 1524 5090 a
1554 5037 1660 5091 Deo
1690 5040 1783 5089 tle-

218 5127 505 5187 stinatum,
542 5126 748 5193 imperii
788 5126 959 5181 Graeci
986 5128 1241 5198 reliquias
1271 5130 1613 5183 dcvorarent.
1656 5132 1783 5185 Ηλεο

218 5219 466 5273 narratio
491 5219 615 5271 licet
638 5218 689 5273 in
718 5220 958 5275 historiis
987 5220 1190 5276 Grascis
1214 5237 1318 5276 non
1346 5232 1539 5285 exstet,
1564 5223 1781 5290 dignam

220 5325 407 5365 tamen
437 5312 644 5375 censui,
679 5329 797 5381 qua:
828 5315 1102 5368 memoriae
1142 5316 1461 5383 proderetur
1494 5334 1506 5370 :
1543 5328 1601 5368 ut
1628 5332 1689 5369 ex
1722 5332 1780 5370 ea

222 5404 399 5457 nostri
444 5404 689 5458 homines
730 5406 1034 5474 exemplum
1094 5408 1327 5475 capiant,
1370 5409 1524 5461 nobis
1550 5409 1691 5476 quod
1719 5424 1784 5461 ex

224 5512 328 5549 usu
372 5495 460 5546 sit.
500 5495 710 5548 Utinam
733 5512 799 5549 ne
824 5512 924 5550 nos
951 5499 1112 5550 etiam
1153 5499 1310 5552 modo
1338 5510 1441 5553 tam
1472 5500 1659 5561 altum,
1698 5516 1786 5553 ve-

225 5600 384 5641 terno
405 5587 709 5641 Grtrcorum
740 5590 969 5657 correpti
1005 5600 1378 5652 sterteremus,
1402 5592 1487 5643 vix
1516 5601 1568 5644 ut
1594 5606 1785 5659 exper-

224 5679 357 5750 gisri
379 5680 686 5747 possimus:
714 5682 838 5733 dum
861 5698 963 5735 non
986 5683 1787 5751 (Ibit-odocastra.porcorutnvu

225 5774 464 5829 stahn’a.
496 5775 584 5825 sed
620 5774 880 5831 hactenus
912 5775 1107 5830 imirta
1139 5774 1569 5830 Chris:ianorunt
1591 5792 1785 5842 propu-

1884 4588 2147 4643 Thracica
2180 4588 2555 4644 Cherronesus
2584 4590 2753 4642 instar
2802 4590 2999 4655 lingua:
3031 4606 3088 4643 se
3114 4591 3344 4659 porrigit
3393 4590 3447 4643 in

1886 4681 2128 4751 JEgaaum
2159 4697 2328 4740 mare.
2359 4692 2465 4735 tam
2510 4692 2739 4751 angusto
2766 4690 2924 4735 terras
2956 4682 3289 4735 continentis
3323 4698 3445 4751 spa-

1883 4771 1957 4823 tio
1981 4809 1995 4833 ,
2022 4785 2114 4823 sex
2148 4780 2352 4823 tantum
2388 4781 2445 4823 ut
2476 4771 2794 4827 milliaribus
2827 4769 3027 4824 Graecis
3058 4772 3219 4824 distet
3250 4769 3448 4825 Helles-

1885 4872 2082 4930 pontus
2133 4876 2161 4914 a
2199 4863 2317 4916 sinu
2346 4860 2659 4928 Magarisio,
2710 4863 2802 4931 qui
2858 4872 2939 4916 est
2979 4863 3045 4915 ab
3082 4865 3249 4915 altera
3283 4864 3449 4915 Cher-

1887 4954 2062 5008 ronesi
2091 4966 2242 5024 parte
2271 4972 2282 5008 :
2316 4956 2509 5023 quibus
2541 4972 2568 5009 a
2590 4971 2680 5009 sex
2711 4955 3034 5017 milliaribus
3056 4958 3214 5009 etiam
3242 4958 3446 5011 dictum

1886 5056 1968 5102 est
2002 5046 2360 5101 llexamilium
2398 5049 2741 5112 Cberronesi,
2786 5064 2878 5102 sex
2912 5050 3285 5102 tantummodo
3328 5051 3446 5102 mil-

1887 5140 2117 5193 liarihus
2153 5140 2353 5194 Graecis
2381 5155 2407 5192 a
2457 5141 2738 5209 Calliupoli
2772 5142 3027 5195 dissitum
3057 5159 3070 5194 :
3120 5150 3175 5193 ut
3211 5142 3443 5195 alterum

1887 5233 2153 5287 celebrius
2192 5233 2323 5286 illud
2355 5232 2711 5287 llexamilium
2748 5234 2929 5286 Isthmi
2964 5234 3295 5288 Corinthiaci
3322 5237 3447 5288 toti-

1888 5326 2006 5379 dem
2040 5325 2257 5392 patetin
2307 5325 2650 5378 latitudinem
2706 5326 3053 5387 milliaribus.
3096 5337 3149 5380 et
3189 5328 3446 5395 utrinque

1886 5416 2102 5485 gemino
2135 5418 2386 5471 similiter
2420 5432 2448 5470 a
2488 5418 2621 5470 mari
2648 5418 2886 5472 alluitur.
2926 5418 3048 5487 Βαιςί
3098 5419 3443 5481 vocabulum,

1887 5505 2028 5569 quod
2068 5503 2154 5555 hic
2186 5504 2312 5556 Edzi
2345 5504 2557 5557 cuidam
2594 5520 2657 5558 ex
2692 5507 3011 5573 proceribus
3065 5506 3311 5560 anricis
3352 5508 3448 5559 tri-

1886 5592 2091 5657 buitur,
2147 5593 2479 5661 interpretati
2511 5594 2619 5660 jam
2681 5606 3036 5650 antesumus.
3093 5594 3204 5649 Hoc
3237 5606 3445 5650 tantum

1891 5687 2055 5739 lector
2089 5686 2365 5750 observet.
2424 5688 2703 5757 planitiem
2767 5688 3157 5753 Bolairensem,
3198 5689 3311 5743 sive
3346 5688 3450 5745 Bo-

1897 5778 2182 5840 lercnscm,
2222 5786 2277 5831 ut
2312 5788 2505 5843 praetor
2538 5794 2709 5843 vocat,
2740 5781 2990 5849 deinceps
3030 5780 3168 5849 apud
3236 5778 3445 5836 Ttueos
