4198 6426
780 346 886 399 7ζι5

2000 360 2319 421 ΙΟΛΝΝΙΞ
2366 367 2829 428 ῙΑΖΣΞΪῨΛΣΙΑῊΙ

3896 372 4027 433 756

780 452 968 507 Edzere
1000 457 1258 523 plauitiei,
1300 460 1379 509 vcl
1414 458 1567 516 Ezcm
1591 478 1784 519 nomen
1812 466 1880 522 ab
1910 468 2010 524 hoc
2039 472 2178 527 Edze
2203 476 2339 547 bego
2368 498 2412 554 Α
2514 480 2551 531 Α
2584 480 2754 534 Ponte
2776 480 2967 547 grandi
2997 480 3061 533 ad
3091 479 3311 534 Pontetn
3341 497 3588 551 parvum,
3624 499 3696 539 ιιι.
3719 484 3797 538 l0.

780 558 1150 607 mnsccntam.
1188 559 1244 601 ut
1281 550 1442 618 infra,
1478 558 1640 611 certis
1665 574 1729 613 ex
1759 561 1893 615 locis
1924 562 2116 617 horum
2171 582 2342 622 anna-

782 640 933 698 lium.
982 646 1205 710 patebit.
1251 642 1446 702 Portus
1477 648 1645 705 Albus
1701 655 1934 725 denique
1987 657 2191 717 Grzecis
2253 670 2339 717 est

779 734 1195 800 Asprolimiona.

778 848 869 901 9.6.
904 849 978 902 De
1013 854 1229 928 _oppid§
1290 856 1559 926 Clterepoli
1592 872 1642 915 et
1692 863 1862 928 Zorli,
1905 870 2139 923 civitates
2173 871 2335 925 Char.

851 923 1043 981 ranesi,
1072 926 1135 977 ab
1174 924 1398 1006 Europa-
1418 923 1794 1011 .promoutorio
1825 923 2334 1011 Constantinopolim

846 1007 1030 1060 usque,
1059 1009 1177 1047 cum
1207 996 1497 1053 intervallis
1529 1004 1680 1056 unius
1712 1006 1774 1056 ab
1816 1010 2006 1063 altera.

847 1107 977 1169 Quae
1000 1111 1195 1178 oppida
1225 1111 1470 1170 Thracia:
1498 1116 1837 1190 Cherepolim
1862 1135 1913 1177 ct
1933 1124 2150 1181 Zorluui
2172 1129 2339 1186 Tui-ci

778 1210 998 1265 vocant,
1036 1200 1206 1259 αναξρί
1259 1206 1445 1265 dixere
1486 1211 1852 1285 Chariupolim
1901 1228 1955 1275 et
2013 1221 2328 1280 Tzurulutn.

779 1296 1122 1365 Chariopolis
1156 1301 1269 1357 sive
1304 1303 1664 1375 Chariopolis,
1697 1312 1921 1379 perinde
1975 1330 2040 1370 ac
2071 1333 2232 1386 supra
2264 1320 2333 1373 de

778 1385 1060 1457 tialliopoli
1121 1391 1352 1461 dictum,
1387 1397 1456 1451 ab
1476 1400 1789 1456 Atheniensi
1820 1402 2014 1459 Charia
2048 1385 2331 1466 conditore

779 1480 878 1533 fuit
903 1485 1187 1552 appellata.
1221 1488 1352 1542 Nam
1398 1503 1699 1560 prmpotens
1731 1500 1865 1551 mari
1906 1501 2138 1568 populus
2167 1502 2335 1556 Athe-

780 1572 983 1629 nicnsis
1014 1587 1138 1632 ante
1178 1579 1374 1635 bellum
1396 1583 1934 1653 Peloponnesiacum,
1966 1602 2184 1661 propter
2216 1608 2336 1647 amo

782 1666 1097 1729 piitudinetn
1123 1669 1338 1735 classis.
1366 1685 1417 1727 et
1448 1692 1601 1729 usum
1630 1694 1809 1731 rerum
1844 1681 2134 1743 navalium,
2166 1682 2337 1737 Cber-

786 1774 1032 1811 innesuiu
1085 1775 1207 1814 cum
1247 1765 1434 1832 majori
1472 1777 1623 1836 parte
1658 1770 1942 1826 maritimae
1960 1771 2209 1829 Thraciae
2268 1790 2332 1831 at:

2526 572 2565 624 Λ
2596 570 2760 624 Ponte
2784 586 2951 642 parvo
2974 571 3037 625 ad
3069 570 3126 626 S.
3160 571 3518 642 Stephanum,
3549 591 3623 629 m.
3646 577 3727 631 lO.

2520 665 2565 716 Α
2594 664 2647 718 S.
2679 664 2952 734 Stephano
2984 665 3048 719 ad
3084 665 3528 739 ilcptapyrgium,
3551 669 3666 724 sive
3689 668 4033 737 Jadiculam,

2444 754 2528 807 vel
2555 769 2735 808 arcem
2765 765 2969 825 septem
3002 756 3261 821 turrium,
3285 757 3443 812 sitam
3476 758 3528 812 in
3575 768 3819 814 extremo
3861 762 4035 817 urliis

2440 843 3010 916 ConstantinOpoleos,
3040 846 3106 902 ad
3141 847 3523 919 Propontidem
3559 850 3782 920 angulo,
3814 868 3891 905 m.
3920 853 3986 906 5.

2512 935 2593 990 Ah
2626 933 2986 1009 Heptapyrgio
3009 939 3074 991 ad
3099 938 3298 994 suitani
3332 941 3600 1007 saraium,
3646 943 3734 997 ubi
3767 944 3906 998 alter
3929 955 4031 999 est

2443 1026 2595 1081 urbis
2646 1027 2875 1098 angulus
2934 1030 2999 1082 ad
3058 1025 3420 1100 Bosphorum,
3476 1031 3790 1101 Propontidi
3839 1045 4029 1091 semet

2442 1118 2846 1181 infundentem.
2876 1137 2951 1175 m.
2988 1122 3039 1177 7.

2513 1210 2780 1267 Tzurulus
2817 1213 3106 1283 (Castaldo
3132 1213 3359 1278 Chiorli,
3396 1215 3708 1287 Busbequio
3735 1215 3944 1272 Chiurli
3971 1217 4026 1283 ),

2440 1318 2603 1371 quam
2633 1302 2740 1357 Leo
2772 1304 3062 1373 imperator
3105 1306 3429 1363 Tzurolloén
3456 1318 3643 1373 vocat,
3685 1308 3934 1362 nonnihil
3988 1325 4023 1363 ιι

2443 1395 2776 1465 Propontide
2801 1410 2995 1451 versus
3035 1399 3431 1454 mediterranea
3477 1401 3662 1464 distat,
3699 1415 3728 1454 a
3768 1390 4021 1472 Selybria

2438 1487 2709 1541 maritima
2766 1502 2860 1542 sex
2913 1489 3036 1559 plus
3097 1491 3279 1547 minus
3328 1492 3588 1547 horarum
3632 1494 3850 1549 itinere.
3900 1491 4023 1547 Nos

2438 1577 2565 1633 istic
2598 1579 2730 1633 satis
2762 1580 3051 1635 commode
3084 1582 3228 1636 diem
3279 1598 3343 1638 ac
3378 1595 3593 1639 noctem
3624 1585 3857 1655 egimus.
3889 1584 4020 1639 Fal-

2439 1667 2569 1723 litur
2603 1671 2655 1723 in
2689 1670 2888 1726 Selime
2915 1673 3089 1742 primo
3127 1672 3352 1743 Jovius,-
3393 1687 3447 1733 et
3496 1688 3689 1732 auctor
3727 1679 4015 1732 annalium

2444 1759 2650 1816 Silesize
2673 1760 2906 1827 Cureus,
2934 1768 3027 1833 qui
3062 1781 3258 1837 pagum
3292 1770 3585 1839 ignobilem
3622 1781 3675 1825 et
3704 1771 4008 1825 obscurum

783 1850 1125 1917 Haecdonize,
1155 1872 1280 1910 cttm
1336 1856 1594 1915 Perintho
1647 1860 1814 1931 (nunc
1869 1866 2155 1929 Arach‘ea,
2194 1869 2336 1933 quod
2373 1872 2441 1940 η

2373 1884 2411 1940 Β
2440 1863 2640 1906 vocant
2673 1871 2686 1908 :
2722 1869 2847 1909 cum
2891 1856 3159 1930 hodieque
3203 1862 3275 1915 sit
3309 1860 3588 1931 oppidum.
3629 1872 3683 1916 et
3713 1879 3741 1914 a
3778 1872 4011 1931 praetore

785 1944 924 1995 idem
958 1956 1040 2000 cst
1100 1962 1223 2003 cum
1258 1950 1560 2022 lleraclca),
1597 1971 1718 2009 cum
1753 1954 2021 2028 Selybria,
2055 1976 2174 2014 cum
2215 1960 2336 2032 ipso

783 2036 1056 2103 ligzantio,
1094 2040 1407 2109 possidebat
1441 2063 1453 2098 :
1482 2046 1535 2100 in
1578 2061 1750 2116 eaque
1790 2050 1927 2114 ioca,
1968 2054 2133 2107 semel
2172 2069 2333 2109 occu-

783 2137 924 2194 pata.
952 2130 1193 2186 colonias
1221 2132 1517 2190 deducebat
1545 2155 1561 2191 ι
1596 2134 1928 2210 Thucydide,
1953 2140 2331 2211 Xenophonte,

781 2234 939 2289 atque
970 2222 1089 2277 aliis
1144 2227 1394 2281 testibus.
1431 2229 1633 2284 Prii-tor
1657 2230 1878 2288 Graeciae
1902 2244 2085 2290 noster
2107 2236 2331 2292 Chario-

783 2313 943 2381 polim
975 2330 1385 2383 commemorat,
1420 2330 1474 2376 et
1506 2339 1617 2392 quo
1648 2326 1750 2379 sita
1786 2326 1905 2381 loco
1956 2326 2045 2392 sit,
2083 2328 2286 2383 indicat
2315 2348 2329 2384 :

781 2407 907 2460 dum
937 2409 1125 2463 ordine
1156 2411 1402 2468 civitates
1450 2416 1547 2471 has
1604 2418 1656 2470 in
1688 2418 2030 2475 Cherroncso
2064 2403 2328 2491 recenset,

780 2497 1114 2565 llcracleam.
1134 2502 1385 2569 Panium,
1410 2508 1778 2576 lilnedestum,
1804 2512 2193 2583 Chariopolim.
2220 2514 2330 2569 lle-

783 2592 933 2646 ntinit
963 2603 1018 2647 et
1048 2593 1314 2651 Cedrinus
1346 2597 1398 2651 in
1424 2598 1783 2656 Constantino
1803 2601 2159 2661 Monomacho
2190 2607 2328 2677 Aug.

783 2682 870 2735 tibi
923 2683 989 2739 de
1021 2681 1323 2741 Patzinacis
1351 2688 1402 2742 iu
1454 2688 1825 2747 Macedoniam
1857 2692 2184 2763 proiecturis
2234 2713 2331 2751 ex-

776 2774 958 2841 plicat.
994 2775 1100 2831 Lea
1117 2777 1343 2848 Sapiens
1365 2781 1501 2852 Aug.
1520 2783 1575 2836 in
1606 2782 1824 2839 Novella
1853 2786 1918 2840 de
1948 2786 2200 2851 Thronis,
2229 2787 2331 2843 He-

776 2863 969 2917 racicae
1017 2868 1319 2936 tnetmpoli,
1368 2885 1528 2939 quam
1580 2869 1824 2926 Thraciae
1897 2871 2331 2945 Macedoniaque

776 2957 939 3010 simul
972 2958 1237 3025 attribuit,
1280 2960 1437 3034 41],
1470 2963 1617 3017 velut
1643 2964 1695 3017 in
1719 2963 1954 3019 conﬁnio
1978 2967 2160 3032 sitam,
2191 2965 2331 3021 inter

778 3049 913 3103 alios
942 3051 1309 3119 episcopatus,
1350 3054 1447 3107 hos
1483 3053 1745 3121 subjicit:
1789 3053 2091 3126 Madytum,
2128 3056 2195 3111 de
2225 3071 2328 3126 qua

777 3140 1037 3196 dixitnus.
1074 3143 1419 3199 Rhaadcstum
1456 3147 1624 3209 (nunc
1668 3147 2025 3213 Rbodostum)
2077 3146 2327 3212 Panium,

2443 1938 2655 1997 dicatur
2672 1942 2822 2015 Asty,
2856 1946 2997 2014 quod
3034 1948 3303 2003 civitatem
3340 1950 3641 2019 significat;
3677 1967 3741 2006 ac
3775 1952 3828 2006 in
3853 1951 4011 2007 Grae-

2441 2046 2631 2088 corum
2668 2035 2912 2094 historiis
2965 2040 3127 2095 etiam
3179 2041 3425 2100 Mauricii
3468 2045 3693 2114 Augusti
3746 2047 4013 2115 tempori-

2441 2125 2565 2191 lms,
2602 2135 2727 2183 ante
2758 2130 2902 2185 mille
2933 2133 3142 2189 scilicet
3177 2150 3373 2199 annos,
3408 2138 3614 2193 mentio
3643 2137 3868 2194 Tzuruli
3896 2140 4008 2204 ﬁat,

2441 2221 2529 2275 ubi
2556 2223 2777 2289 dicitur,
2800 2224 3056 2296 Chagano
3085 2242 3206 2282 cum
3231 2227 3440 2284 inlinita
3461 2230 3809 2287 multitudine
3836 2230 4011 2286 Thra-

2438 2314 2577 2369 ciam
2633 2316 2900 2385 ingresso,
2957 2316 3326 2375 Romanorum
3386 2321 3578 2377 ducem
3612 2323 3891 2386 territum,
3951 2325 4009 2378 in

2439 2407 2666 2463 castello
2689 2406 2936 2474 Tzuruli,
2972 2420 3227 2481 tanquam
3259 2413 3378 2469 loco
3408 2414 3641 2479 munito,
3667 2430 3725 2469 se
3778 2416 4008 2470 conclu-

2443 2497 2603 2555 sisse.
2624 2498 2755 2554 Nam
2782 2503 2893 2556 haec
2918 2502 3031 2571 ipsa
3061 2503 3311 2576 leguntur
3331 2506 3474 2574 apud
3511 2505 3781 2560 Zonaram
3812 2508 4023 2563 verba:

2434 2613 2529 2669 27;
2571 2612 2824 2678 Eurenos,
2858 2625 2907 2670 et
2939 2619 3113 2672 ceteri
3166 2629 3268 2673 tres
3302 2619 3442 2687 apud
3480 2619 3677 2674 Turcos
3709 2621 4006 2677 illustrium

2776 2697 3005 2756 quatuor
3036 2689 3363 2759 familiarum
3396 2701 3653 2745 auctores.

2506 2793 2750 2863 Tradunt
2795 2799 2991 2864 nostri,
3038 2800 3168 2855 etin
3228 2801 3313 2855 bis
3357 2800 3662 2869 Geufrazus,
3700 2804 4002 2860 Osmanetn

2438 2887 2541 2942 sibi
2574 2899 2683 2943 tres
2712 2888 3003 2946 fmderalos
3041 2882 3325 2958 ascivisse,
3361 2908 3593 2962 quorum
3624 2894 3850 2964 adjutus
3879 2911 4003 2967 ope,

2437 2977 2806 3049 compluribus
2859 2980 3072 3051 oppidis
3122 2981 3399 3045 subactis,
3457 2984 3841 3039 auctoritatem
3896 2986 4002 3043 sibi

2435 3070 2838 3143 potentiamque
2896 3072 3311 3143 comparaverit.
3371 3071 3574 3129 Horum
3631 3077 3770 3131 duos
3832 3077 4001 3133 fuisse

2437 3160 2673 3227 Graecos,
2717 3162 2994 3233 religionis
3046 3162 3368 3221 Christiana:
3408 3167 3737 3233 desertores,
3771 3169 3995 3224 tertium

781 3231 1137 3287 ﬂexamilium
1187 3234 1354 3305 (nunc
1393 3235 1654 3306 Xanttlii),
1710 3239 2065 3308 Calliopolim.
2093 3238 2331 3295 Perista-
2354 3242 2399 3301 (Ξ
2434 3268 2561 3307 νει-ο
2585 3231 2842 3311 Tui-cum,
2872 3254 3182 3312 amcorum
3220 3274 3382 3324 unus,
3416 3258 3641 3316 Μίειηει
3678 3231 4002 3317 "minam-

776 3323 904 3386 sim,
981 3324 1373 3395 Cliariopolim,
1436 3325 1758 3382 'l‘zurolloén
1822 3329 1994 3400 (nunc
2058 3328 2232 3401 Zorli)
2278 3340 2331 3385 et

777 3417 1001 3486 Athyra.
1041 3418 1131 3485 qui
1164 3434 1306 3473 nunc
1329 3419 1472 3475 Pons
1534 3421 1753 3489 grandis
1804 3420 2137 3476 nominatur.
2175 3420 2327 3488 Quod

780 3510 825 3559 si
858 3508 1007 3561 lubet
1062 3510 1532 3577 intelligendarum
1585 3512 1935 3566 historiarum
1965 3528 2128 3568 causa
2165 3528 2327 3569 nosse

780 3601 1054 3653 intervaila
1103 3602 1294 3654 horum
1349 3603 1692 3671 oppidorum,
1743 3613 1802 3658 ut
1842 3605 2034 3660 ordine
2063 3605 2167 3661 sita
2196 3614 2327 3659 sunt

778 3711 804 3743 .ι
830 3694 841 3743 l
881 3694 1031 3745 littus
1062 3690 1391 3762 Hellesponti
1421 3712 1485 3751 ac
1509 3696 1872 3766 Pr0pontidis,
1906 3696 2033 3751 inde
2062 3712 2094 3751 a
2126 3696 2329 3752 Darda-

781 3783 958 3847 nellis,
1019 3784 1105 3835 ubi
1153 3785 1339 3840 fauces
1384 3784 1713 3858 Hellesponti
1771 3797 1919 3851 sunt,
1977 3789 2033 3842 in
2084 3785 2328 3858 Egazum

776 3893 940 3929 cursu
978 3878 1172 3945 rapido
1228 3886 1401 3933 semet
1427 3881 1799 3947 exonerantis,
1841 3880 1909 3935 ad
1956 3880 2130 3949 ipsam
2160 3896 2332 3948 usque

781 3970 978 4037 regiam
1000 3970 1186 4022 urbem
1210 3968 1776 4040 Constantinopolim:
1812 3972 1926 4027 hac
1981 3982 2330 4040 peraccurate

777 4072 1085 4128 cmnputata
1123 4061 1289 4127 illius,
1327 4079 1491 4132 quem
1528 4064 1639 4119 disi
1668 4065 1942 4121 Meliensis
1973 4065 2189 4121 Antonii
2215 4077 2332 4122 stu-

776 4154 885 4215 dio,
922 4153 1150 4207 notabis.

846 4245 887 4297 A
918 4240 1199 4310 ancliae,
1224 4245 1303 4300 vel
1333 4245 1634 4313 Romaniae,
1668 4246 1957 4305 Grzeciaere
2009 4259 2331 4320 promonto-

785 4338 889 4395 rio.
923 4338 1068 4404 quod
1103 4346 1408 4393 extremum
1431 4350 1516 4393 est
1553 4341 1606 4393 iu
1642 4339 1855 4411 Europa
1885 4352 2103 4412 propter
2126 4342 2326 4399 Helles-

777 4429 929 4496 ponti
968 4432 1265 4495 :engustias,
1297 4433 1363 4487 ad
1388 4447 1543 4486 arces
1573 4432 1836 4497 fattcium,
1884 4436 1999 4489 sive
2046 4433 2331 4489 Dardauel-

778 4523 882 4583 los,
918 4522 1165 4576 milliaria
1188 4523 1373 4577 Graeca
1408 4537 1536 4578 sunt
1568 4527 1650 4579 l8.

847 4617 888 4665 A
918 4614 1251 4669 Dardanellis
1279 4614 1499 4670 Maitum
1536 4633 1731 4686 usque,
1765 4637 1835 4674 ιιι.
1864 4621 1914 4672 5.

846 4706 1006 4758 Μ.ιίίο
1032 4707 1513 4774 Chit'idocastrutn,
1544 4726 1616 4764 tn.
1648 4710 1701 4765 2.

842 4797 1256 4852 Chiridocastro
1283 4801 1647 4869 Calliupoliut,
1678 4818 1747 4857 m.
1783 4805 1874 4858 2‘2.

844 4892 1130 4959 (lilliupoli
1160 4891 1536 4955 Hexamilium,
1578 4911 1649 4947 tu.
1682 4895 1734 4949 6.

847 4982 1143 5035 ilexatnilio
1160 4983 1225 5035 ad
1249 4981 1430 5036 Sancti
1454 4983 1670 5054 Georgii
1693 4993 2144 5054 promontorium,
2173 5008 2244 5045 tu.
2266 4994 2320 5047 ϐ.

848 5083 886 5128 Α
922 5078 977 5129 S.
1007 5076 1240 5143 (ἔθυιείο
1272 5077 1586 5141 l’cristasin,
1615 5096 1689 5133 m.
1721 5082 1781 5135 6.

848 5171 1103 5223 l'eristasi
1128 5169 1488 5235 Arachlizam,
1523 5188 1593 5225 tu.
1625 5172 1674 5227 7.

846 5260 1120 5314 .-\rachliza
1155 5260 1566 5332 Myriophytum,
1604 5281 1675 5316 tn.
1698 5265 1747 5320 7.
1822 5320 1823 5325 η

844 5352 1181 5421 Myrinphyto
1212 5351 1426 5413 Coram,
1463 5369 1533 5406 m.
1562 5353 1613 5408 6.

843 5446 979 5497 Cora
1010 5443 1263 5507 Gainum,
1296 5460 1369 5498 ιιι.
1406 5443 1457 5497 4.

842 5537 1013 5589 Gaino
1038 5534 1399 5597 Rhodostum,
1433 5551 1505 5589 ιη.
1537 5536 1627 5590 25.

839 5628 1116 5678 Hhtnlosto
1153 5626 1489 5690 Arachleam,
1534 5645 1605 5681 tu.
1638 5628 1723 5681 50.

844 5717 1103 5770 Aruchlca
1136 5718 1465 5787 Silyurenm,
1503 5738 1570 5773 ιιι.
1604 5721 1694 5775 9.0.

852 5814 1093 5882 Silyut‘ca
1122 5812 1185 5865 ad
1222 5812 1442 5866 Pontetn
1476 5815 1753 5884 grandem,
1796 5833 1866 5870 nt.
1908 5817 1983 5870 iii.

2434 3350 2523 3396 tur
2554 3360 2568 3397 :
2598 3343 2760 3409 alter,
2790 3342 3024 3402 Marcus.
3066 3345 3248 3404 Turco
3295 3364 3493 3406 nomen
3549 3350 3773 3405 Aurami
3829 3351 4001 3409 fuisse

2433 3434 2644 3489 scribit.
2672 3436 2753 3490 Ab
2781 3436 2865 3491 bis
2906 3450 3230 3510 propagatae
3266 3455 3386 3496 esse
3436 3450 3545 3496 tres
3583 3441 3822 3499 familias
3852 3445 3999 3515 apud

2431 3522 2644 3581 Turcos
2696 3527 2908 3585 caeteris
2962 3530 3239 3599 omnibus,
3293 3534 3587 3588 secundum
3641 3533 3997 3601 Osmanidas,

2431 3615 2769 3670 nobiliores:
2800 3634 2829 3673 a
2859 3617 3140 3688 Michaele,
3184 3622 3276 3691 qui
3314 3622 3643 3695 Micbalogli,
3682 3626 3842 3696 quasi
3894 3626 4000 3681 li-

2432 3708 2690 3773 chalides,
2720 3710 3007 3780 dicantur;
3032 3728 3062 3769 a
3085 3712 3285 3779 Marco,
3319 3715 3411 3786 qui
3449 3714 3799 3790 Marcozogli,
3833 3719 3997 3789 quasi

2430 3799 2767 3858 Horcozides
2794 3819 2811 3869 ;
2839 3804 2908 3858 ab
2938 3806 3187 3870 Aurami,
3216 3805 3311 3878 qui
3342 3807 3996 3877 AuramoglietAuranti-

2430 3892 2545 3948 des.
2566 3892 2675 3948 Nos
2698 3896 2959 3951 hactenus
2981 3896 3174 3953 borum
3200 3898 3254 3953 in
3285 3900 3572 3956 annalibus
3596 3902 3747 3956 hisce
3762 3901 4000 3957 mentio-

2432 4000 2556 4039 nem
2575 3985 2776 4040 nullam
2796 3987 3111 4044 habuimus.
3130 3988 3424 4046 Eurenosis
3441 4007 3634 4047 nomen
3652 3992 3741 4047 hic
3758 3994 3998 4063 primum

2431 4094 2574 4134 anno
2596 4078 2909 4135 Christiano
2960 4080 3099 4135 1357
3123 4082 3372 4153 legimus,
3403 4099 3563 4153 quem
3608 4100 3674 4140 ex
3703 4100 3997 4155 procerum

2433 4186 2660 4225 numero
2693 4170 2858 4228 fuisse
2885 4189 2992 4227 non
3016 4173 3240 4229 dubium
3261 4186 3367 4240 est,
3393 4192 3515 4230 cum
3557 4176 3726 4247 begus
3757 4179 4005 4247 appelle-

2432 4270 2536 4316 tur.
2569 4261 2633 4316 Et
2653 4261 2859 4318 Turcos
2879 4264 2965 4318 hic
2999 4266 3217 4332 quidem
3246 4267 3399 4337 sequi
3424 4268 3584 4332 malo,
3608 4269 3814 4338 quibus
3835 4268 4006 4323 Eure-

2433 4370 2570 4420 nos;
2603 4370 2764 4424 quam
2791 4354 3121 4423 Genii-acum,
3167 4359 3251 4412 cui
3285 4359 3507 4413 Aurami
3556 4367 3809 4415 vocatur.
3844 4359 4004 4416 Unde

2433 4446 2634 4512 posteri
2653 4461 2865 4515 quoque
2879 4463 2986 4501 non
3001 4448 3309 4518 Auramogli
3327 4465 3451 4503 cum
3471 4447 3741 4511 Geufraeo.
3762 4452 3858 4504 sed
3874 4467 3998 4505 cum

2435 4537 2629 4593 Turcis
2665 4537 3037 4608 Eurenosogli,
3072 4540 3219 4594 velut
3251 4541 3631 4601 EurenOsides.
3655 4544 4002 4611 suntappel-

2438 4627 2604 4681 laudi.
2626 4626 2923 4699 Micltalogli
2943 4631 3116 4684 serius
3136 4630 3217 4683 his
3232 4640 3730 4685 commemorantur
3749 4631 3802 4685 in
3823 4647 4005 4686 anna-

2431 4717 2592 4785 libus,
2642 4728 2696 4771 et
2727 4720 3042 4774 nominatim
3070 4720 3370 4777 Mecbemet
3392 4722 3493 4791 beg
3526 4722 3861 4792 Michalogli,
3892 4726 4003 4781 dux

2430 4812 2813 4876 Acanziorum,
2853 4813 2956 4866 sub
3000 4813 3213 4868 initium
3250 4813 3603 4869 Muehemetis
3634 4815 3818 4884 primi.
3853 4832 4003 4871 anno

2431 4900 2740 4955 Christiano
2770 4902 2907 4957 HM
2933 4921 2947 4968 ;
2976 4902 3290 4975 Malcozogli
3321 4907 3476 4975 longe
3526 4916 3647 4975 post
3672 4904 3795 4973 bos,
3850 4923 4004 4963 anno

2430 4991 2741 5047 Christiano
2780 4993 2933 5058 H80,
2973 5011 3079 5064 quo
3121 5004 3361 5065 tempore
3397 4996 3510 5051 Bali
3542 4999 3644 5068 beg
3670 4996 3999 5068 Halcozogli

2429 5090 2759 5151 naminatur.
2785 5093 2885 5145 sub
2906 5091 3237 5148 Mucltcmete
3254 5097 3509 5150 secundo.
3540 5095 3756 5161 Quartae
3771 5096 4002 5154 familia

2429 5196 2535 5233 non
2562 5180 2617 5234 ﬁt
2637 5184 2777 5249 apud
2796 5184 3098 5238 Geufra'uut
3124 5187 3345 5248 mentio,
3364 5202 3524 5255 quam
3543 5185 3796 5242 Turcban
3818 5190 4000 5260 begus

2428 5274 2763 5342 propagavit.
2818 5273 2930 5329 Hoc
2983 5292 3179 5331 nomen
3212 5279 3264 5330 in
3298 5278 3383 5332 bis
3409 5280 3695 5333 annalibus
3722 5283 4000 5343 reperitur

2430 5364 2531 5417 sub
2551 5363 2758 5419 Murate
2792 5370 3051 5425 secundo.
3073 5383 3216 5422 anno
3234 5369 3540 5425 ChriSIiano
3564 5372 3716 5426 MSS.
3747 5371 3998 5430 Eureno-

2427 5472 2514 5510 scs
2528 5460 2665 5523 apud
2686 5457 2976 5514 Laonicum
2994 5460 3253 5515 Brenczes
3267 5464 3542 5527 scribitur,
3566 5480 3660 5533 pro
3678 5464 4001 5524 Eureneses

2430 5547 2834 5605 antUrenezes.
2876 5550 3021 5605 Idem
3059 5554 3426 5623 Michaloglios
3462 5558 3624 5610 etiam
3668 5557 4000 5617 Illrhaliues

2425 5640 2621 5693 alicubi
2678 5652 2851 5698 vocat.
2918 5642 3273 5701 Malcozzides
3328 5657 3382 5701 et
3431 5646 3741 5718 Malcozogli
3790 5666 3903 5705 cur
3965 5670 3995 5704 a

2426 5729 2617 5787 Turcis
2660 5750 2756 5803 pro
2806 5736 3117 5791 Marcouiis
3170 5749 3222 5791 et
3275 5737 3654 5809 Marcuzogliis
3706 5741 3993 5807 dicantur.

2426 5828 2572 5884 scio:
2609 5844 2704 5881 cur
2736 5843 2767 5882 a
2803 5824 3090 5884 Reinoccio
3129 5830 3430 5897 .llalacunii,
3495 5835 3695 5889 neuio.
3736 5832 3993 5893 Eurcno~
