4198 6426
741 369 845 432 759

1941 378 2265 437 JOANNIS
2293 379 2756 439 LEUNCLAVH

3871 375 3985 436 760

738 503 901 553 gmw,
929 494 977 537 et
1005 485 1317 553 oppidulum
1355 486 1405 539 iu
1449 503 1512 539 eo
1534 488 1772 542 condidit
1814 510 1824 540 :
1859 506 1968 555 quo
2019 490 2299 545 Nicolaum
2335 502 2372 551 Α
2408 491 2584 557 panis,
2621 490 2712 556 qui
2758 490 2793 542 ἦ
2858 488 3121 547 scribunt,
3159 487 3431 541 familiari.
3464 486 3604 539 inter
3654 486 3983 555 metropoles

737 582 1023 635 (Io'ertzen
1057 581 1345 643 ablegavit,
1376 591 1433 632 ιιι
1467 582 1727 637 etrnbias
1766 584 1961 635 ibidem
1994 596 2195 649 ageret,
2249 595 2303 637 et

744 671 949 723 Latinis
977 673 1114 723 intra
1147 671 1442 725 Tznrulutn
1466 674 1785 740 degentibus
1808 677 2020 741 negotia
2072 676 2303 730 lacesse-

743 772 853 817 wt:
889 767 1029 825 quod
1058 767 1275 831 quidem
1298 768 1553 833 Oppidum
1575 767 1795 820 Tzuruli
1827 786 1932 821 non
1956 785 2150 839 magno
2173 781 2303 822 temo

742 871 870 918 porr:
901 856 1180 922 interiecto
1203 856 1461 910 Romanis
1487 875 1515 910 a
1538 863 1708 927 copiis
1729 862 1780 913 in
1799 870 2117 928 potestatem
2145 863 2304 915 reda-

742 956 884 997 etum
914 945 1033 1000 luit.
1070 945 1278 1011 Quibus
1308 950 1358 1001 in
1390 949 1568 1000 verbis
1596 950 1770 1003 obiter
1786 961 1837 1003 et
1862 951 2097 1006 Maritza-
2123 952 2301 1005 ﬂumi-

742 1038 825 1089 nis
850 1040 1053 1091 mentio
1093 1040 1169 1097 lit,
1208 1041 1348 1108 quod
1377 1041 1557 1092 statim
1591 1042 1675 1093 hic
1729 1043 1780 1094 in
1810 1043 2110 1099 Annalibus
2142 1046 2301 1098 etiam

742 1131 1027 1197 reperitur,
1091 1143 1143 1185 et
1194 1148 1222 1186 a
1279 1131 1473 1186 Turcis
1540 1134 1754 1187 Neritia
1797 1138 2124 1189 nominatur.
2198 1137 2301 1191 Sed

742 1233 938 1281 prmtor
963 1225 1123 1291 paulo
1152 1233 1291 1292 post,
1318 1225 1431 1279 lucc
1471 1227 1536 1279 de
1592 1224 1816 1280 Maritza
1869 1230 2122 1297 subiicit:
2171 1232 2301 1285 «Alii

740 1315 897 1368 sedes
946 1318 1350 1373 constituebant
1402 1335 1592 1374 versus
1650 1319 1932 1376 inferiores
2002 1335 2200 1391 partes,
2252 1334 2304 1377 et

738 1423 864 1460 etim
894 1406 1138 1472 ﬂuvium,
1163 1427 1321 1481 quem
1346 1413 1523 1481 lingua
1552 1413 1812 1483 vulgaris,
1842 1424 1897 1468 ιιι
1923 1427 2077 1470 antea
2097 1418 2299 1469 tlietum

740 1512 843 1557 est.
902 1500 1180 1557 Maritzam
1226 1515 1399 1559 vocat.
1442 1525 1461 1556 ι
1494 1506 1702 1574 Reapse
1730 1507 1943 1577 quidem
1993 1508 2039 1559 is
2098 1506 2304 1562 llebrus

742 1597 937 1657 estqui
970 1611 1155 1648 versus
1178 1593 1377 1650 Eoum
1431 1598 1690 1666 oppidum
1750 1614 2068 1663 excurrens,
2104 1600 2300 1654 ibidem

742 1684 795 1734 in
835 1682 1078 1752 Aigrum
1112 1700 1171 1738 se
1208 1688 1429 1755 pelagus
1459 1688 1704 1741 ellundit.
1752 1688 1855 1742 Sed
1883 1690 2007 1757 quia
2039 1706 2162 1742 cum
2203 1692 2303 1745 hoc

744 1784 793 1821 ρι
827 1773 914 1825 alii
940 1789 998 1827 se
1021 1775 1356 1843 coniungunt
1385 1791 1593 1835 amnes.
1647 1793 1710 1831 ac
1744 1778 2001 1848 majorem
2042 1777 2301 1843 eﬂiciunt.

746 1866 955 1921 ideirco
988 1885 1183 1923 nomen
1229 1872 1387 1925 etiam
1421 1872 1561 1940 apud
1599 1872 1813 1926 accolas
1860 1881 2050 1926 mutat.
2106 1872 2308 1939 Flumi-
2340 1860 2378 1915 Π

749 1976 815 2013 na
850 1976 998 2022 vero,
1034 1978 1151 2029 qua:
1186 1972 1382 2031 ιιι-αξιοι·
1403 1964 1471 2017 ab
1500 1964 1676 2017 llebro
1712 1965 1825 2019 sive
1860 1964 2081 2019 Maritza
2137 1965 2302 2033 recipi

748 2066 1165 2121 commemorat,
1192 2058 1293 2111 alia
1326 2072 1429 2111 non
1458 2068 1539 2112 est
1595 2073 1817 2133 necesse
1847 2059 2140 2120 recenseri,
2163 2059 2305 2127 quod

747 2148 993 2204 Tttreicis
1024 2152 1221 2205 IIOSlrlS
1246 2151 1583 2205 illustrandis
1612 2169 1715 2206 non
1750 2140 2028 2216 serviant;
2070 2154 2162 2205 sed
2199 2154 2307 2207 duo

749 2252 959 2296 tantum
992 2248 1262 2313 prati-r're
1294 2246 1509 2299 silentio
1535 2262 1639 2298 non
1681 2260 1920 2313 possum,
1945 2260 2064 2313 quae
2082 2242 2302 2297 Iladria-

749 2337 928 2404 ucpoli
960 2352 1015 2389 se
1040 2338 1091 2390 in
1128 2338 1364 2389 Hebrum
1402 2346 1722 2391 exonerant.
1750 2335 1924 2391 Unius
1970 2337 2174 2391 ﬂuvioli
2206 2352 2306 2390 no-

751 2444 871 2481 men
893 2436 975 2482 cst
1007 2427 1203 2491 lizrda,
1241 2444 1339 2481 nec
1372 2431 1521 2490 olim,
1557 2445 1656 2483 nec
1688 2429 1849 2485 hodie
1877 2430 2141 2485 celebris:
2177 2430 2306 2484 alte-

751 2522 863 2575 rius
930 2521 1131 2589 Tnnsa,
1186 2522 1343 2590 cujus
1410 2520 1660 2575 faciunda
1720 2521 1821 2575 fuit
1883 2522 2105 2585 mentio,
2163 2521 2303 2589 quod

751 2612 1215 2689 (lhzdcoeondylcs
1257 2627 1399 2680 saepe
1424 2613 1711 2667 Tzenarum
1754 2614 2016 2671 nominet.
2049 2614 2189 2667 sicut
2238 2629 2301 2666 es

746 2708 855 2759 vita
899 2705 1253 2760 Mucltemetis
1312 2704 1375 2769 ll,
1437 2721 1594 2775 quem
1656 2705 2039 2774 lladrianopoli
2106 2705 2305 2775 regiam

750 2801 933 2853 sedem
972 2801 1107 2853 ultra
1142 2800 1447 2860 Taenarum.
1480 2816 1585 2868 qua
1620 2798 1858 2854 llebrum
1900 2800 2160 2861 illabitur,
2192 2816 2308 2852 tnu-

752 2892 957 2943 niiisse
982 2890 1364 2955 seribit;etes
1399 2891 1638 2959 allegatis
1693 2905 1883 2959 supra,
1910 2906 2060 2945 num.
2084 2890 2177 2953 ει.
2232 2891 2311 2943 vi-

751 2984 876 3036 dere
906 2992 1007 3037 est.
1044 2982 1252 3053 Ouippe
1298 2983 1558 3038 Ta-narns
1614 2982 1808 3038 ﬂuvius
1858 2984 1997 3037 idem
2054 2994 2137 3037 est
2184 2998 2306 3038 cum

753 3075 955 3137 'i‘unsa,
1013 3076 1328 3144 videturque
1386 3092 1774 3145 nonnunquam
1846 3076 2055 3131 Taenari
2113 3091 2307 3129 nomen

757 3183 974 3223 manere
992 3168 1222 3228 ﬂumini.
1239 3170 1439 3223 abolita
1462 3170 1620 3225 llebri
1647 3170 2029 3238 appellatione.
2048 3170 2112 3226 ad
2139 3170 2307 3239 ipsam

754 3262 954 3316 Ainum
982 3278 1156 3328 usque
1183 3263 1481 3329 civitatem,
1514 3264 1602 3317 ubi
1633 3264 1767 3316 mari
1795 3258 1979 3332 (Egeo
2027 3262 2308 3316 miscetur.

758 3355 994 3408 llehrtnu
1011 3355 1245 3422 denique
1271 3355 1506 3409 Valizam
1530 3371 1688 3409 nemo
1700 3364 1879 3418 vocat,
1900 3370 1997 3409 nec
2018 3352 2308 3415 Mazeram,

755 3457 814 3500 ut
838 3446 1223 3499 existimarunt
1251 3445 1503 3499 Nicolans
1527 3445 1854 3510 Nieolaides,
1880 3456 1930 3499 et
1974 3445 2264 3499 Otivarins.

1093 3578 1182 3631 5i.
1222 3576 1415 3643 l'psnla
1458 3577 1696 3633 Thracia:
1726 3581 1991 3649 oppidum.

830 3696 955 3750 Post
1012 3705 1223 3763 captam
1290 3695 1725 3766 Didymotichum
1789 3697 2009 3751 tradunt
2054 3698 2311 3758 Annales,

762 3789 985 3841 Cltazim
1035 3788 1171 3841 Elim
1236 3789 1428 3857 begum
1464 3803 1656 3842 versus
1687 3787 1938 3855 Ypsalam
1987 3804 2109 3843 cum
2145 3790 2316 3857 copiis

761 3881 1083 3944 porrexisse.
1124 3880 1258 3935 lluic
1312 3882 1516 3933 nomini
1569 3881 1905 3934 simillimum
1955 3892 2037 3936 est
2068 3882 2316 3953 Cypsala,

758 3974 899 4038 quod
931 3976 1183 4044 oppidum
1216 3975 1285 4028 ab
1317 3975 1587 4027 Antonino
1612 3974 1662 4025 in
1678 3972 1907 4027 Thracia
1930 3989 2319 4029 commemora-

758 4077 866 4125 tur.
907 4068 1006 4119 Alii
1033 4068 1265 4138 eypsi-lla
1291 4067 1555 4124 scribunt,
1599 4067 1671 4118 uti
1709 4066 1905 4134 legitur
1933 4068 2092 4120 etiam
2122 4068 2175 4121 in
2213 4068 2318 4120 No-

759 4161 893 4217 vella
917 4161 1112 4214 Leonis
1134 4162 1358 4231 Augusu
1379 4160 1442 4213 de
1463 4159 1717 4212 Thronis.
1739 4157 1855 4211 Non
1884 4161 2067 4227 procul
2092 4161 2161 4215 ab
2181 4160 2320 4215 Aine

761 4254 981 4307 civitate
1005 4255 1322 4312 collocatur,
1348 4252 1414 4304 de
1442 4265 1547 4319 qua
1580 4266 1700 4303 mox
1723 4251 1916 4304 dicturi
1944 4266 2153 4304 sumus.
2178 4252 2323 4321 Clly-

761 4346 907 4410 psala
962 4345 1239 4413 Sopltianu
1285 4344 1504 4405 dicitur,
1559 4342 1843 4413 Chapsilar
1906 4343 2165 4405 Bellonio.
2227 4346 2321 4413 qtti

770 4438 914 4491 haud
985 4438 1099 4491 scio
1138 4452 1205 4490 an
1269 4452 1376 4491 non
1447 4445 1613 4494 irret.
1668 4435 2028 4489 similitudine
2086 4436 2321 4492 nominis

758 4532 969 4596 Chapse
990 4532 1072 4586 vel
1110 4530 1363 4599 Cbaphse
1414 4531 1695 4597 deceptus.
1758 4530 1847 4597 qui
1890 4529 2038 4585 vicus
2095 4530 2322 4599 exiguus

761 4636 846 4676 est
876 4630 925 4677 in
964 4625 1298 4684 itinere,quo
1351 4622 1815 4690 Constantinopoli
1876 4620 2308 4690 Didymotiebum
2351 4599 2395 4653 θ

766 4720 892 4776 itur,
932 4727 984 4767 ut
1015 4716 1151 4767 intra
1187 4715 1392 4780 parebit
1430 4716 1481 4767 in
1524 4722 1769 4767 extremo
1797 4712 2029 4780 Bajazite
2059 4714 2319 4768 secundo.

764 4812 931 4863 histat
950 4812 1107 4864 etiam
1128 4810 1194 4863 ab
1213 4808 1611 4874 lladriauopoli,
1630 4823 1733 4877 qua
1754 4807 2048 4877 Selybriam
2067 4806 2324 4872 tenditur,

764 4920 868 4957 non
910 4918 1103 4968 magno
1130 4903 1320 4955 itinere
1354 4901 1550 4953 diurno
1578 4901 1845 4968 quoddam
1872 4898 2210 4968 oppidulum,
2235 4898 2325 4951 cui

763 5012 958 5049 nomen
985 4994 1233 5062 llapsala,
1286 4992 1628 5045 nobilitatum
1665 4991 1883 5044 messita
1921 5002 1976 5044 et
2004 5004 2325 5045 caravansa-

765 5092 877 5145 l'nlﬂ
909 5085 1258 5139 illechetnetis
1288 5085 1478 5161 bassre,
1519 5083 1781 5136 ambobus
1834 5096 1964 5134 sane
1996 5080 2325 5149 pulclterrri-

766 5181 865 5231 mis
893 5190 945 5229 et
979 5178 1335 5244 sumptuosis.
1358 5175 1432 5227 Eo
1461 5192 1560 5227 nos
1588 5176 1639 5227 in
1685 5175 1803 5228 loco
1848 5175 2321 5239 pernoctabamus.

766 5272 868 5322 Sed
906 5271 978 5321 uti
1018 5269 1265 5321 diversus
1324 5276 1405 5317 est
1443 5267 1510 5317 ab
1567 5265 1780 5330 Ypsala.
1815 5268 1893 5318 sic
1921 5280 2043 5315 eum
2074 5262 2327 5317 Castaldo

760 5362 1009 5415 υιιιιιάριιι
1043 5374 1163 5412 eSse
1184 5373 1305 5429 οιιιιι
1334 5348 1529 5424 Capsa,
1549 5368 1783 5409 statuere
1800 5402 1801 5405 η
1816 5373 1919 5409 ιιοη
1939 5370 2181 5424 ιιοςδιιιη.

942 5498 1030 5552 32.
1069 5496 1256 5565 l'gnos,
1288 5496 1357 5547 ad
1385 5494 1619 5547 Moritur
1644 5494 1879 5561 ﬂuminis
1900 5495 2117 5547 ostium.

834 5615 955 5668 ll:ee
980 5616 1055 5665 (οἰκ
1072 5614 1171 5664 itas
1189 5597 1386 5665 Graecis
1402 5610 1603 5663 dicitur
1624 5608 1791 5661 diuos
1814 5618 1864 5662 ct
1880 5608 2078 5668 ()ltluos,
2098 5624 2325 5675 quorum

765 5725 937 5773 pasret
956 5709 1039 5759 ius
1061 5707 1158 5772 ipsi
1184 5704 1537 5773 pronuntiant
1562 5701 1705 5762 lnos,
1738 5702 1878 5753 unde
1908 5715 2101 5752 nomen
2125 5698 2327 5768 anos,

762 5800 906 5865 quod
932 5802 1015 5851 hic
1046 5799 1096 5849 in
1131 5794 1427 5848 Annalibus
1464 5791 1678 5856 legitur.
1710 5792 1853 5844 melli
1889 5791 2329 5858 pronuntiatimte

759 5906 817 5959 ιιι
886 5910 950 5943 ne
984 5888 1021 5941 Ν
1055 5904 1141 5951 per
1171 5887 1272 5947 Gn,
1305 5884 1524 5949 Graecis,
1555 5897 1605 5937 ct
1631 5882 1839 5949 Turris,
1862 5893 1913 5936 et
1952 5882 2110 5947 Italis,
2139 5893 2187 5934 et
2212 5880 2327 5936 Ilis-

2407 584 2487 635 vel
2520 582 3027 649 archiepiscopatus
3069 580 3311 633 Thracia:
3361 579 3593 631 rciertnr
3646 579 3716 631 ab
3746 580 3983 645 impera-

2406 687 2524 729 tore
2549 673 2727 729 Leore
2756 675 2807 727 in
2828 673 3041 725 Novella
3085 672 3152 726 de
3184 673 3439 727 Tltronis.
3478 668 3728 739 Virgilius
3779 680 3835 723 et
3886 671 3980 722 alii

2407 767 2606 821 .Eunm
2627 768 2693 821 ab
2720 766 2893 820 A-Znoa
2955 775 3075 835 post
3099 766 3369 818 excidium
3418 764 3597 832 Trojte
3621 762 3896 816 conditam
3926 762 3979 813 iu

2408 858 2660 920 Thracia.
2684 860 2869 925 sicque
2909 860 3237 911 nominatam
3258 857 3326 908 ab
3343 856 3530 908 eodem
3578 864 3827 907 narrant.
3847 852 3983 905 Pro-

2405 951 2736 1021 pter/Eoum
2755 951 2950 1005 ﬂuvius
2974 951 3189 1003 llleritza
3215 949 3295 1002 vel
3324 947 3531 1002 llebrns
3555 948 3608 1001 in
3633 962 3783 1000 mare
3807 956 3982 1000 semet

2407 1055 2687 1108 exonerat,
2720 1045 2796 1098 uti
2831 1044 2988 1113 paulo
3010 1052 3134 1097 ante
3163 1044 3367 1095 dictum
3410 1057 3472 1094 ex
3501 1051 3733 1110 prmtore
3766 1049 3977 1093 nostro.

2411 1136 2687 1205 Principes
2718 1136 3013 1199 aliquando
3073 1134 3381 1188 Catelusios
3431 1133 3706 1187 Genuates
3762 1130 3977 1190 habuit,

2408 1232 2549 1285 sicut
2574 1244 2622 1283 et
2652 1231 2857 1284 Lesbos
2883 1230 3057 1283 insula
3084 1230 3172 1298 (de
3192 1230 3392 1298 quibus
3420 1226 3559 1281 infra
3583 1226 3828 1280 dicemus
3851 1239 3974 1293 cap.

2408 1324 2557 1389 1'58),
2585 1339 2707 1378 cum
2734 1324 2805 1375 illi
2844 1337 2871 1375 a
2905 1323 3115 1376 civibus
3162 1320 3409 1374 arcessiti
3447 1318 3783 1386 temporibus
3809 1316 3980 1383 impe-

2409 1428 2649 1470 ratorum
2682 1416 2992 1471 Grazcorum
3020 1415 3163 1468 inter
3192 1430 3250 1466 se
3297 1412 3652 1472 discordium,
3709 1409 3859 1462 urbis
3884 1408 3915 1457 d
3936 1423 3977 1455 ε-

2410 1509 2711 1561 lensionem
2744 1508 3133 1576 suscepissent,
3165 1506 3307 1560 sicut
3330 1505 3471 1573 apud
3528 1502 3828 1557 Laonicum
3850 1499 3977 1567 legi—

2408 1611 2516 1655 tur.
2548 1601 2834 1657 Castaldus
2862 1600 2996 1653 Enio
3028 1600 3271 1666 scripsit,
3327 1598 3468 1667 quod
3510 1597 3721 1649 duabus
3749 1596 3833 1661 (ut
3863 1591 3977 1661 opi—

2408 1694 2554 1761 nor),
2580 1693 2801 1764 syllabis
2837 1694 3254 1746 enun'iandum.
3294 1691 3561 1746 Antonius
3590 1686 3873 1741 Bonlinius
3922 1686 3974 1737 in

2410 1786 2652 1839 historiis
2686 1786 2962 1848 nngaricis
2987 1784 3301 1852 corruptius
3337 1784 3529 1837 Eniam
3588 1780 3826 1841 vocavit,
3856 1793 3975 1830 eum

2410 1891 2555 1930 anno
2593 1875 2728 1931 H69
2758 1875 3038 1929 Nicolaum
3097 1875 3352 1928 Canalem
3404 1871 3717 1942 pragl'ectu'u
3760 1869 3975 1923 Venetae

2412 1972 2601 2026 classis
2625 1972 2814 2026 Euinm
2839 1971 3086 2026 Thraciae
3123 1973 3311 2025 urbem
3351 1970 3619 2040 direptam
3669 1966 3977 2020 incendisse

2410 2065 2592 2119 tradit.

2749 2180 2838 2233 55.
2873 2178 3099 2249 Zugora,
3138 2180 3401 2241 Debeltus,
3437 2178 3654 2232 I‘Icilibe.

2479 2295 2681 2362 Zagora
2754 2294 2999 2351 Thraciae
3059 2298 3206 2361 prius
3234 2297 3600 2365 appellabatur
3625 2298 3979 2355 Debeltus.nt

2406 2400 2488 2443 est
2519 2390 2657 2457 apud
2680 2388 2973 2442 Cedrinutn
3008 2398 3061 2440 et
3092 2388 3377 2442 Zonaram.
3433 2389 3635 2442 Debelti
3690 2390 3977 2454 episean-

2411 2494 2521 2537 tum
2550 2482 2659 2535 Ι,θο
2692 2481 2920 2551 Sapiens
2954 2484 3247 2550 imperator
3290 2483 3341 2534 in
3385 2481 3602 2536 Novella
3650 2484 3715 2533 de
3747 2481 3982 2535 Tltronis

2411 2576 3246 2643 metropolillaalrianopolitatm
3283 2576 3481 2628 montis
3526 2575 3689 2628 llztmi
3728 2574 3976 2639 subiicit.

2409 2668 2467 2721 ιιι
2502 2649 2792 2721 Ἰιὶδιιινὶτιηι
2842 2668 3113 2722 Simeonis
3146 2669 3385 2732 magistri
3452 2666 3750 2720 oﬂiciorutn
3796 2682 3985 2719 manu-

2408 2761 2604 2828 scripta
2684 2759 2909 2825 legitur,
2972 2757 3335 2812 Iustinianum
3396 2756 3760 2811 Rinotmrtum
3820 2756 3988 2822 impe-

2410 2860 2644 2906 ratorem
2728 2850 3036 2903 restitutum
3104 2865 3267 2915 opera
3340 2848 3580 2902 Terbelis
3629 2847 3984 2913 llulgarorttm

2408 2942 2686 3009 principis.
2720 2941 2767 2992 ei
2799 2958 2920 2994 cum
2942 2943 3043 2994 alia
3072 2941 3209 2993 dona
3250 2940 3483 2998 dedisse.
3518 2948 3629 2993 tum
3662 2938 3984 2991 «ltelaleatam

2410 3037 2477 3086 ab
2514 3032 2741 3101 imperio
2773 3030 3020 3085 Romano
3060 3033 3355 3100 regionem,
3379 3047 3498 3100 qum
3562 3041 3747 3097 postea
3809 3029 3986 3097 Ζηθ-

2413 3132 2492 3183 ria
2532 3132 2673 3183 dicta
2728 3130 2913 3189 fuerit.
2944 3128 3323 3196 possidendam
3366 3128 3734 3180 concessisse.
3800 3126 3986 3177 D--vel-

2342 3244 2386 3303 ε
2419 3232 2718 3288 tus.quam
2771 3223 2949 3275 adhuc
3003 3223 3074 3274 ita
3134 3220 3302 3273 Cra-ci
3346 3228 3563 3282 vocant,
3592 3221 3704 3272 sive
3754 3218 3985 3281 Zagora.

2414 3318 2557 3384 quod
2596 3319 2644 3370 ei
2684 3333 2873 3369 nomen
2898 3316 3112 3381 Bulgari
3174 3315 3501 3378 tribuerunt,
3544 3313 3802 3364 milliario
3832 3327 3986 3365 sexa-

2414 3411 2621 3478 gesimo
2656 3409 2724 3461 ab
2759 3407 3139 3475 llailt'ianopoli
3188 3407 3371 3461 distat.
3400 3406 3607 3458 Pltilibe
3638 3418 3767 3457 vero
3791 3401 3989 3457 Turcis

2413 3512 2491 3555 cst
2532 3500 2921 3568 Philippopolis
2951 3498 3216 3557 Thraciae,
3269 3494 3491 3550 Debelto
3544 3494 3629 3547 vel
3653 3492 3883 3561 Zagorae
3915 3493 3990 3545 vi-

2418 3592 2543 3645 cina
2575 3609 2588 3643 :
2620 3607 2779 3658 quam
2810 3590 2995 3643 urbem
3023 3589 3114 3658 qui
3144 3605 3172 3641 τι
3226 3587 3473 3657 Philippo
3522 3585 3838 3647 Macedone,
3877 3580 3986 3637 Ha-

2420 3684 2509 3753 gui
2547 3683 2835 3737 Alexandri
2865 3691 3038 3751 patre,
3088 3680 3363 3734 conditam
3410 3696 3531 3734 cum
3596 3679 3762 3745 vulgo
3800 3675 3989 3731 existi-

2417 3784 2587 3838 mant,
2622 3774 2900 3827 falluntur.
2946 3772 3077 3825 Nam
3104 3771 3333 3840 Philippi
3388 3771 3615 3825 Cu’saris
3638 3785 3775 3837 opus
3805 3776 3911 3829 est,
3932 3775 3990 3818 ut

2418 3867 2535 3920 alia:
2564 3864 2870 3933 complures
2890 3866 2940 3916 in
2966 3862 3195 3916 Thracia
3218 3863 3461 3917 civitates
3482 3863 3548 3915 ab
3566 3859 3991 3929 imperatoribus

2421 3959 2571 4012 fuere
2593 3957 2842 4017 ronilitze,
2862 3954 3000 4022 quod
3026 3955 3138 4023 ipsa
3180 3969 3395 4022 quoque
3423 3954 3637 4026 nomina
3691 3961 3989 4013 testantur,

2421 4060 2480 4103 ut
2515 4047 2892 4117 Trajanopolis
2931 4048 3128 4099 montis
3151 4046 3461 4113 Rhodopes,
3492 4042 3993 4111 ut’lladrianopolis

2422 4142 2587 4195 llaemi
2638 4141 2857 4202 montis,
2889 4148 2947 4191 ut
2994 4139 3387 4206 Arcadiopolis,
3430 4136 3988 4206 ntgAnastasiopolis.

2420 4232 2585 4305 414
2603 4231 2675 4287 De
2694 4231 3048 4300 Philippopoli
3069 4246 3196 4284 vero
3217 4246 3470 4299 expresse
3488 4230 3748 4296 scriptum
3771 4230 3859 4284 bis
3879 4246 3994 4282 ver-

2423 4325 2506 4379 bis
2530 4325 2703 4393 reperi
2724 4324 2953 4393 quodam
2988 4323 3041 4375 iu
3079 4322 3319 4377 historia:
3342 4319 3541 4375 Graeca:
3566 4321 3728 4385 libro,
3748 4322 3910 4389 cujus
3938 4331 3993 4374 et

2434 4416 2788 4486 principium,
2829 4426 2883 4469 et
2912 4429 3107 4467 nomen
3143 4414 3382 4467 auctoris
3433 4413 3685 4479 perierat,
3719 4427 3847 4465 cum
3892 4429 3994 4467 erc-

2425 4506 2641 4574 teroqui
2669 4504 2832 4558 multa
2860 4504 2999 4557 scitu
3037 4504 3199 4570 digna
3263 4504 3565 4555 contineret
3629 4519 3643 4555 :
3709 4502 3994 4569 Philippus

2426 4601 2718 4666 imperator
2747 4597 2933 4649 urbem
2972 4598 3022 4647 in
3084 4595 3295 4662 Europa
3353 4594 3615 4658 condidit,
3671 4610 3840 4663 quam
3867 4594 3992 4648 Phi-

2428 4689 2744 4757 lippopolim
2777 4687 3084 4756 appellavit.
3113 4685 3169 4739 ln
3198 4686 3299 4739 bac
3363 4687 3495 4738 urbe
3522 4695 3693 4737 totum
3768 4701 3873 4740 nos
3899 4685 3996 4739 tri-

2427 4784 2593 4835 duum
2627 4780 3114 4838 comtnorabamur,
3168 4778 3295 4831 dum
3344 4776 3503 4830 Turei
3563 4778 3795 4830 comites
3818 4777 3995 4830 nostri

2430 4889 2589 4929 suum
2614 4871 2823 4925 Bairam
2854 4872 3053 4939 majus,
3073 4881 3263 4924 exacto
3286 4871 3487 4937 jejunio
3511 4869 3729 4938 triginta
3756 4870 3993 4927 dierum.

2429 4966 2619 5018 diebus
2649 4963 2850 5017 mensis
2913 4961 3165 5016 Octobris
3202 4962 3411 5028 quinto,
3469 4969 3646 5023 sexto,
3708 4961 3947 5030 septimo
3978 5002 3993 5022 ,

2428 5055 2782 5107 celebrarent.
2818 5052 2911 5107 list
2935 5053 3110 5105 adhuc
3162 5052 3680 5118 archiepiscopatus,
3716 5051 3799 5102 cui
3865 5061 3997 5103 tunc

2428 5158 2656 5217 praeerat
2691 5145 2736 5197 is
2760 5145 2852 5213 qui
2887 5156 3068 5212 postea
3122 5144 3294 5198 laetus
3338 5152 3422 5195 est
3489 5142 3797 5209 patriarcha
3834 5144 3997 5194 nobis

2429 5234 2898 5301 Constantinopoli
2919 5233 3262 5301 degentibus.
3286 5232 3600 5298 'l‘hcoliptus
3626 5250 3640 5284 :
3678 5230 3744 5284 tle
3767 5244 3995 5285 senten-

2430 5330 2501 5379 tia
2562 5326 2752 5397 synodi
2814 5323 3128 5377 Graeorum
3189 5323 3437 5375 abdicato
3490 5321 3803 5379 POt‘llollllO,
3882 5324 3999 5374 viro

2434 5418 2679 5486 profano,
2712 5429 2763 5471 et
2797 5418 3102 5471 litterarum
3135 5416 3292 5483 plane
3319 5415 3572 5482 τιιιΙί,ψιί
3609 5414 4000 5481 largitionibus

2429 5517 2485 5561 et
2520 5508 2638 5559 aliis
2659 5508 2814 5560 malis
2839 5507 3048 5559 artibus
3074 5506 3390 5573 dignitatem
3426 5502 3653 5572 adeptus
3681 5503 3892 5557 fuerat.

2432 5623 2522 5674 54.
2553 5618 2904 5686 (ἷιίιιίιιεξιρῃὶε
2936 5616 3316 5669 Μηῖινπιριηηιτ
3360 5621 3641 5681 peritorum
3680 5617 3821 5679 apud
3860 5614 4002 5668 Tur.

2765 5706 2871 5742 cos.
2901 5700 2948 5740 et
2982 5690 3069 5753 qui
3100 5688 3361 5739 lalismaui
3411 5687 3676 5737 dicuntur.

2507 5785 2567 5838 Ul
2607 5783 2899 5837 Talisinzini
2934 5786 3022 5849 qui
3077 5782 3183 5832 sint
3236 5782 3571 5831 commodius
3605 5779 3950 5845 ἰιιιρῐῐῑεειιηεο
3986 5802 3993 5829 ξ

2435 5881 2732 5941 sciendum,
2753 5887 2925 5931 certos
2946 5891 3066 5928 esx'e
3125 5874 3323 5945 gradus
3379 5870 3769 5925 Mallumctanis
3796 5887 3998 5925 eorum
