4198 6426
218 347 314 410 761

1363 362 1756 420 PANDECI'E
1791 365 1988 424 iilS'l‘.
2035 363 2340 421 TUi’u'LiC.

3317 354 3425 417 76?.

213 462 300 524 qui
328 462 497 530 legum
523 467 661 530 apud
696 466 836 530 ipsos
902 473 1053 531 petiti
1107 485 1250 535 sunt,
1279 485 1330 524 et
1361 478 1551 542 partim
1587 478 1668 536 ins
1691 477 1772 527 di-
1811 494 1841 543 Α
1879 475 2060 534 citavi;
2091 474 2156 528 de
2175 474 2288 526 Seri
2315 488 2469 541 pago.
2505 489 2661 536 quem
2698 472 2858 525 Delus
2904 471 2990 524 ille
3013 471 3232 536 ceperit.
3261 487 3286 524 a
3314 488 3425 538 quo

213 566 359 613 cunt.
382 558 588 621 partim
633 560 799 626 legent
840 565 1278 634 interpretantur.
1302 570 1604 624 Ludovicus
1637 572 1762 624 lius-

218 661 382 698 sanzts
435 646 706 705 ladrensis
727 654 777 705 in
809 656 950 708 hunc,
979 660 1190 712 modum
1226 673 1497 729 comparat
1527 680 1619 716 eos
1638 681 1759 717 cum

220 741 424 791 nostris
450 744 855 800 ecclesiasticis.
884 748 1120 804 Primum
1153 755 1414 819 muphtim
1453 757 1584 809 dicit
1643 772 1766 809 esse

221 841 360 882 inter
404 834 548 899 ipsos
579 835 748 890 instar
775 841 852 892 vel
903 858 1052 909 papa:
1100 857 1292 906 nostri,
1321 848 1399 899 vel
1443 851 1765 911 patriarchae

221 923 556 982 timcnrunt.
589 928 951 999 Quippejuris
1005 941 1183 992 omnis
1237 951 1291 992 et
1347 955 1623 994 sacrorum
1676 959 1771 997 re:

219 1029 324 1074 est.
362 1019 434 1068 nti
494 1035 702 1074 veteres
743 1027 903 1078 etiam
953 1029 1179 1083 Romani
1227 1034 1603 1102 loquebantur.
1640 1035 1772 1091 Huic

219 1107 449 1168 proximi
487 1123 612 1162 sunt
639 1113 984 1172 cadilesv-beri
1031 1123 1097 1172 de
1153 1125 1346 1191 quibus
1409 1128 1610 1191 dictum
1670 1146 1772 1182 nu-

221 1213 369 1249 lltt‘l‘O
405 1198 492 1252 ‘29.
539 1201 804 1258 Bassanits
866 1210 960 1262 bos
1015 1227 1134 1265 cum
1192 1189 1612 1287 archiepiscopis
1680 1237 1778 1274 no-

220 1301 246 1336 s
280 1305 350 1337 ris
401 1297 1014 1366 mmparat.Sequuntur
1052 1305 1210 1367 cadii,
1269 1308 1427 1361 veluti
1472 1313 1774 1376 proximum

222 1390 340 1439 post
374 1382 815 1454 archiepiscopos
857 1387 1031 1444 locum
1080 1396 1320 1451 obtinent
1364 1401 1619 1468 episcopi.
1686 1405 1778 1456 Se-

221 1473 456 1524 cnnilum
494 1476 589 1529 tios
618 1483 845 1536 suuteis
880 1484 1105 1554 Itoggiae.
1143 1491 1234 1558 qui
1294 1494 1536 1549 seniores
1590 1498 1782 1550 dicuno

224 1573 410 1621 ιιιτ.ιιι
448 1564 647 1622 Graecis
664 1581 716 1623 et
736 1578 935 1629 nostris
967 1581 1280 1651 presbyteri.
1335 1585 1616 1654 Excipiunt
1655 1592 1780 1654 Iret:-

219 1654 336 1714 cias
386 1656 701 1726 Talismani,
759 1680 853 1718 seu
931 1673 1271 1742 presbyteros
1324 1676 1556 1733 diaconi.
1601 1678 1779 1733 Ultimi

222 1757 355 1799 sunt
377 1749 736 1824 dervisii,qui
781 1758 1043 1828 calogctis
1103 1763 1435 1832 Graecorum,
1503 1775 1783 1828 monachis

1865 567 2190 620 fueritnrtus
2212 565 2433 618 Osman.
2463 563 2531 614 Ea
2552 564 2725 616 locem
2751 565 2949 617 habere
2973 562 3177 631 nequit.
3204 562 3425 614 Rcinec-

1866 663 1982 713 cius
2005 659 2286 723 aliquoties
2315 657 2520 724 repetit.
2542 654 2910 708 Jauizarorum
2942 671 3134 707 nomen
3163 656 3225 706 ad
3251 656 3428 707 notio-

1870 769 1989 804 nem
2021 761 2348 810 revocatum.
2374 767 2400 801 a
2426 749 2598 802 Janna
2633 748 2819 801 deduci
2849 791 2863 813 ,
2916 765 3038 802 cum
3094 748 3286 801 Turcis
3335 749 3428 814 jn-

1871 864 2024 898 nuam
2058 845 2232 898 aulam
2282 846 2386 897 dici
2435 855 2664 899 Constet.
2687 842 2795 908 Ego
2818 861 2942 896 vero
2969 844 3160 904 lateor.
3188 844 3428 908 adeoque.

1875 942 2030 1005 vulgo
2050 951 2229 993 notmn
2249 948 2352 1001 est,
2377 940 2551 992 aulam
2586 939 2784 992 sultaui
2811 937 3057 1005 (Romani
3098 950 3303 990 veteres
3338 950 3433 985 eo-

1876 1036 2118 1088 mitatum
2152 1034 2412 1101 principis
2441 1033 2801 1099 appellabant)
2829 1047 2856 1084 a
2877 1030 3067 1086 Turcis
3087 1031 3266 1085 vocari
3298 1029 3429 1082 Por—

1876 1140 1980 1180 tam
2011 1126 2381 1187 Osmanicam.
2411 1127 2552 1192 quod
2599 1126 2770 1179 Porta!
2806 1140 3000 1177 nomen
3039 1123 3181 1176 idem
3209 1135 3290 1175 est
3320 1122 3431 1174 fere

1875 1234 1995 1273 cum
2011 1220 2181 1274 Janua
2200 1236 2213 1272 :
2230 1220 2319 1272 sed
2339 1222 2504 1286 (quod
2523 1219 2691 1287 ipsius
2713 1217 3000 1286 pace,citra
3023 1217 3428 1270 insectationem

1877 1317 2037 1368 ullam
2063 1314 2262 1366 dictum
2290 1313 2430 1383 esto)
2452 1313 2686 1381 cogitare
2716 1312 2973 1375 debebat.
2993 1309 3187 1363 Turcis
3209 1307 3428 1369 Portam

1879 1410 1979 1461 diei
2010 1424 2105 1460 sua
2126 1408 2329 1478 lingua.
2355 1407 2471 1474 capi
2495 1422 2513 1459 :
2546 1406 2736 1473 dequo
2757 1405 3017 1458 vocalmlo
3062 1401 3289 1455 derivari
3327 1417 3431 1453 non

1875 1502 2239 1567 janizarorum
2301 1499 2385 1554 vel
2415 1561 2418 1564 λ
2446 1497 2818 1568 genizarorum
2877 1512 3068 1549 nomen
3121 1505 3313 1562 potest.
3341 1493 3432 1545 sed

1881 1593 2316 1659 capisilarorum,
2353 1589 2419 1642 de
2443 1590 2638 1658 quibus
2711 1589 2857 1640 alibi.
2916 1588 3106 1640 Paucis
3141 1596 3195 1638 nt
3247 1601 3432 1638 verum

1880 1696 2092 1749 etvmon
2128 1683 2380 1744 indicetn.
2413 1697 2602 1734 nomen
2627 1680 2857 1749 genizeri
2901 1678 3092 1733 Turcis
3149 1694 3315 1731 novos
3343 1681 3438 1729 lin-

1885 1777 2076 1838 mines,
2109 1792 2202 1829 seu
2239 1774 2432 1829 milites
2464 1790 2627 1826 novos
2651 1772 2941 1835 signiﬁcat.
2997 1788 3089 1824 seu
3121 1768 3306 1822 Latina
3345 1788 3437 1822 vn-

219 1851 446 1935 iiosms
482 1847 826 1911 respondent.
903 1849 1193 1908 Talismani
1259 1857 1663 1916 Malmmetauos
1713 1867 1776 1917 ad
1811 1873 1853 1926 Β
1884 1886 1943 1922 ce
1977 1871 2140 1923 veteri
2172 1869 2400 1922 Tirones
2432 1885 2445 1919 ε
2480 1868 2632 1935 cuius
2667 1865 2826 1935 etymi
2864 1865 2998 1916 ratio
3062 1875 3204 1932 patet
3255 1881 3316 1917 ex
3372 1866 3438 1915 iis

217 1945 406 1991 tiri-ovs
437 1933 666 1989 interdiu
693 1948 744 1992 et
795 1951 957 1996 noctu
1006 1949 1292 2014 quinquies
1339 1951 1595 2009 dicendas
1625 1957 1774 2011 exci-

215 2029 354 2079 Ianl.
396 2024 706 2092 tle-quibus
757 2033 889 2086 alias
949 2051 1187 2104 agemus.
1244 2041 1554 2115 Clepsydris
1613 2050 1774 2103 veteri

215 2128 368 2166 more
393 2116 700 2175 Grarcorum
723 2138 948 2182 utuntur
983 2133 1046 2185 ad
1077 2135 1454 2202 distinguenda
1496 2149 1602 2195 tam
1623 2146 1775 2198 diur-

213 2222 307 2266 na,
343 2227 502 2311 quam
533 2228 793 2272 nocturna
824 2231 1124 2291 temporqu
1181 2231 1374 2296 spatia.
1403 2233 1530 2287 Nam
1581 2253 1700 2306 qua:
1744 2253 1775 2293 a

213 2309 361 2351 nosti
380 2306 420 2352 is
449 2306 741 2363 artiﬁciose
759 2313 1002 2368 conferta
1030 2322 1350 2382 perveniunt
1377 2322 1441 2375 ad
1463 2325 1776 2379 Turcosbo-

214 2395 486 2455 t‘UnOtItia.
525 2397 680 2468 leage
743 2405 873 2472 ipsis
906 2412 1250 2480 gravissima,
1310 2417 1574 2487 planeque
1603 2421 1778 2475 admi-

219 2489 410 2550 rattda,
466 2506 749 2558 procerum
798 2499 1058 2556 duntaxat
1098 2506 1284 2560 usibus
1329 2511 1589 2565 serviunt.
1643 2512 1773 2567 Cum

217 2596 443 2644 precum
481 2595 690 2654 tempus
723 2595 966 2661 appetiit,
999 2606 1176 2653 turres
1209 2600 1488 2667 ailjllIIClaS
1538 2608 1776 2663 meSsitis

220 2677 475 2738 praealtas
529 2686 922 2739 conscendunt.
960 2689 1048 2742 Eae
1070 2691 1148 2744 sic
1204 2692 1356 2746 facta:
1404 2706 1550 2758 sunt,
1607 2710 1663 2751 ut
1721 2701 1775 2754 in

218 2772 485 2835 παρίει-ἰωή
546 2790 716 2841 parte,
751 2785 1132 2847 propemodum
1165 2786 1251 2838 ubi
1303 2788 1572 2856 occipiuiit
1611 2793 1778 2844 demi-

217 2862 340 2921 nui,
374 2871 432 2915 ut
460 2867 673 2920 tandem
711 2869 764 2922 in
798 2872 1164 2927 acuminatum
1203 2878 1471 2947 fastigium
1506 2882 1773 2943 desinant.

221 2956 275 3006 in
315 2958 553 3024 proiecto
586 2977 803 3028 quaqua
836 2979 1048 3017 versum
1083 2969 1420 3022 obambulari
1455 2972 1646 3039 possit.
1679 2973 1778 3028 Hic

212 3065 353 3116 “’3”
380 3052 802 3114 είτθιιῐῐὶυιιηιεξε.
827 3059 1143 3112 acutissima
1177 3077 1310 3114 voce
1345 3064 1635 3118 clamorem
1677 3068 1780 3119 tol-

213 3145 356 3207 lunt,
394 3144 572 3210 digitis
608 3149 830 3201 alteram
864 3154 1076 3205 aurium
1137 3154 1502 3220 obstrucntes,
1533 3165 1583 3209 et
1609 3158 1772 3211 horni-

210 3251 315 3287 mrs
343 3234 405 3285 ad
443 3237 801 3291 invocandum
837 3255 1033 3293 numen
1078 3244 1455 3297 exhortantur.
1513 3245 1620 3298 Vox
1659 3246 1772 3313 ipsa

211 3327 431 3394 iOttgilIs
490 3345 650 3396 quam
676 3331 964 3398 quisquam
1025 3347 1266 3389 nostrum
1321 3337 1540 3395 credat.
1593 3339 1680 3406 qui
1716 3352 1777 3390 ea

207 3421 338 3475 loca
369 3437 475 3473 non
511 3424 724 3484 adierit.
763 3427 1354 3484 pertinet.Communis
1384 3440 1558 3484 autem
1593 3445 1783 3499 preca-

211 3516 294 3568 tio
317 3518 787 3573 musulmanorum
812 3522 1119 3590 huiusmodi
1144 3531 1247 3585 est,
1272 3536 1496 3576 auctore
1525 3525 1780 3580 Postelio:

218 3609 314 3659 ιιι.
353 3612 566 3663 nomine
595 3610 687 3662 Diei
723 3614 1110 3670 misericordis.
1146 3616 1386 3683 propitii.
1449 3615 1590 3670 Laus
1655 3616 1782 3682 Deo,

220 3704 338 3763 regi
375 3705 716 3763 san-uterum.
745 3705 1078 3758 misericordi
1104 3717 1154 3758 et
1181 3707 1268 3774 pio
1301 3693 1407 3774 regi
1439 3707 1542 3761 diei
1575 3707 1782 3776 indicii.

218 3796 374 3846 lleus
401 3797 704 3849 serviamus
735 3796 835 3856 illi.
891 3806 945 3851 et
973 3798 1104 3851 licus
1159 3799 1558 3868 adjuvabimur.
1611 3799 1787 3868 Dirige

219 3907 330 3942 nos
361 3890 412 3942 in
435 3901 692 3957 punctum
717 3901 948 3956 rectum,
982 3904 1244 3959 punctum
1265 3908 1474 3953 eorum.
1509 3895 1558 3946 in
1588 3895 1784 3961 quibus

217 3983 326 4034 tibi
367 3982 756 4045 beneplacitum
791 3994 893 4045 est,
925 3993 978 4037 et
1033 3985 1230 4052 quibus
1249 4002 1355 4039 non
1420 3988 1691 4046 irascetis.
1734 3995 1789 4040 et

210 4091 334 4129 non
376 4076 698 4129 errabimus.
726 4093 743 4125 ι
783 4075 904 4130 llaec
927 4086 1033 4130 tam
1066 4077 1173 4131 illis
1198 4087 1277 4131 est
1306 4078 1502 4131 usitata
1526 4079 1784 4146 precatio,

207 4185 390 4238 quam
431 4171 585 4223 nobis
608 4169 885 4224 Dominiea
923 4190 935 4224 :
970 4184 1022 4226 et
1051 4189 1077 4225 a
1117 4173 1437 4241 quibusdam
1471 4175 1534 4225 ad
1563 4175 1789 4226 battalo-

207 4262 369 4326 giam
404 4276 572 4328 usque
600 4265 731 4315 adeo
768 4263 1048 4326 recitatur.
1090 4266 1371 4319 utcenties
1387 4283 1503 4319 eam
1526 4278 1785 4336 repetant.

208 4356 373 4409 Iden;
404 4354 522 4405 facit
565 4357 614 4406 in
670 4357 913 4409 oratione
959 4357 1166 4426 publica
1222 4360 1536 4412 talismanus
1561 4378 1654 4428 pro
1707 4364 1790 4416 liis

211 4451 316 4515 qni
369 4447 704 4514 negligenter
730 4459 887 4501 orant
939 4467 954 4502 :
1009 4460 1266 4519 aluntque
1299 4451 1397 4505 hac
1469 4455 1789 4520 repetitione

1880 1977 1996 2028 quin
2056 1960 2143 2013 hic
2177 1960 2228 2010 in
2258 1958 2542 2010 annalibus
2570 1957 2810 2025 exposita
2875 1958 3141 2025 leguntur.
3203 1954 3433 2010 Genlra-i

1878 2057 2147 2110 somnium
2176 2055 2237 2107 de
2258 2052 2425 2107 Cliam
2463 2051 2706 2113 etJeser.
2743 2069 2838 2105 ceu
2878 2052 3164 2104 ridiculum
3193 2051 3435 2118 explodi-

1878 2162 1981 2206 [ιη’.

2185 2218 2273 2274 56.
2305 2220 2614 2279 Chairddin,
2654 2217 2820 2286 Baga,
2870 2217 3141 2271 [scite-"Oli.

1951 2338 2026 2390 De
2092 2339 2374 2391 basem-um
2409 2346 2460 2388 et
2493 2336 2733 2387 vnzirnm
2767 2335 2943 2387 otiieio
2972 2349 3133 2399 supra
3175 2331 3434 2393 divinius,

1879 2447 2111 2486 numero
2163 2431 2246 2484 Η.
2276 2428 2425 2494 Quod
2463 2429 2653 2482 Citt‘iiii
2688 2429 2866 2480 datum
2904 2425 3065 2477 fuisse.
3101 2426 3439 2477 lraditnrro-

1878 2539 2106 2591 guomen
2143 2522 2462 2575 Cliairadin.
2499 2522 2674 2586 lingua
2732 2518 2890 2588 415
2924 2517 3145 2570 Turcica
3179 2515 3440 2579 signiﬁcat

1878 2633 2020 2681 eum,
2048 2620 2135 2684 qui
2163 2618 2296 2670 bene
2326 2629 2720 2681 strenueque-e
2742 2615 2923 2684 gessit,
2951 2611 3031 2664 vel
3058 2611 3189 2663 bene
3219 2610 3443 2661 meritus

1879 2720 1986 2763 cst:
2026 2721 2078 2763 ut
2111 2707 2311 2762 Grzecis
2343 2707 2628 2777 Evcrgetes
2651 2709 2861 2765 dicitur,
2885 2705 3023 2771 quod
3097 2703 3196 2755 sibi
3235 2716 3430 2766 cogno-

1880 2813 2118 2855 mentum
2158 2802 2320 2866 prisi'i
2374 2816 2547 2868 reges,
2621 2800 2827 2867 aliquot
2892 2795 3109 2863 ngypti
3170 2792 3444 2862 Syria-qut:

1880 2903 2247 2960 sumpserunt.
2279 2894 2351 2946 Ex
2380 2892 2671 2944 Cbairadin
2734 2889 2999 2942 Lannicns
3054 2887 3174 2938 fecit
3201 2883 3445 2937 (Ibat-ati-

1880 3001 1998 3038 nem
2040 3003 2052 3038 :
2080 2987 2207 3038 etin
2254 2984 2354 3037 line
2382 2985 2503 3036 libri
2535 2982 2734 3045 octavi,
2786 2980 3155 3035 Cliaraitinem
3189 2975 3441 3031 :Jovins.

1882 3075 2621 3130 llariadtmum.ldemcuim
2685 3090 2879 3127 nomen
2943 3083 3122 3124 nostra
3183 3068 3444 3121 memoria

1880 3171 2062 3223 datum
2095 3170 2194 3222 fuit
2217 3185 2244 3223 a
2271 3169 2576 3221 Soli-imane
2607 3167 2645 3220 ll
2676 3167 2859 3235 pirata:
2909 3165 3100 3224 nobili.
3171 3163 3261 3215 sed
3303 3171 3445 3212 stre-

1879 3277 1984 3313 nuo
2014 3261 2304 3328 ceteroqui
2334 3261 2467 3318 viro.
2505 3259 2848 3311 Bal'itﬂi’OSSiB
2914 3275 2926 3310 :
2973 3257 3037 3308 de
3085 3270 3193 3322 quo
3245 3253 3440 3306 dicturi

1883 3368 1979 3405 suo
2013 3353 2130 3405 IOCU
2165 3362 2289 3405 suut
2317 3351 2574 3405 Annales.
2641 3351 2782 3417 Ruga
2828 3348 3110 3415 Calliupoii
3157 3345 3447 3412 lrausjcclo

1885 3444 2236 3513 Hellesponto
2261 3443 2483 3497 Prusam
2521 3444 2674 3495 ituris
2726 3438 2983 3493 occurrit.
3040 3442 3081 3491 Α
3126 3437 3448 3506 geogrutpliis

1886 3538 2275 3591 recentioribus
2304 3536 2464 3599 Juba,
2510 3534 2856 3602 trauSpositis
2919 3533 3115 3586 litteris
3167 3531 3446 3588 St't‘ibitur,

1888 3630 1963 3682 uti
2008 3628 2262 3694 deinceps
2298 3637 2607 3695 repetemus
2644 3627 2795 3678 initio
2822 3624 3044 3677 Muralis
3081 3623 3144 3675 il.
3181 3622 3447 3689 Oppidum

1889 3721 2149 3775 lsclieboli
2194 3721 2395 3774 Graecis
2429 3729 2507 3774 est
2566 3720 2845 3787 Scultt‘ios,
2915 3717 3134 3784 Zagorae
3186 3717 3448 3766 vicinum.

1889 3813 1996 3866 Leo
2017 3813 2244 3880 Sapiens
2276 3815 2552 3878 Augustus
2589 3813 3082 3877 illlCl‘t'piSt‘Opalus
3134 3806 3450 3872 metropoli-

1889 3904 1994 3956 tani
2032 3901 2681 3968 Hadrianopoleoslicini
2745 3904 2964 3963 montis.
3024 3901 3307 3967 Scopulum
3372 3914 3453 3950 rr-

1890 3995 1992 4048 fert
2032 4013 2045 4048 :
2087 3997 2226 4048 unde
2259 3997 2396 4050 situs
2430 3996 2653 4061 intelligi
2688 4005 2882 4061 potest.

1889 4111 1979 4164 '57.
2025 4110 2214 4174 Servii,
2271 4108 2438 4174 Serbi,
2504 4109 2711 4166 Sura/ii.
2759 4109 2908 4176 Zirﬁ.
2965 4107 3122 4175 Zerﬁ,
3187 4107 3454 4159 Sertoriu-

2590 4197 2752 4234 τιιιιηι.

1963 4271 2175 4326 Servios
2205 4273 2427 4325 Collocat
2457 4273 2728 4324 Laonirus
2751 4271 2802 4322 in
2829 4272 3048 4338 antiqua
3083 4271 3297 4337 regione
3335 4268 3458 4321 Tri—

1892 4362 2155 4416 ballornm
2212 4363 2486 4432 Mysiaque
2559 4363 2862 4431 superiori:
2923 4377 3029 4428 quo
3078 4360 3331 4410 nimirum
3392 4374 3453 4407 ex

1892 4457 2257 4521 septentrione
2337 4454 2595 4522 paulatim
2658 4453 3110 4519 commigrarunt,
3168 4447 3460 4501 debilitatis

208 4541 712 4608 supplerinliorltlll
765 4541 978 4594 erl‘ON‘S
1017 4559 1079 4596 ac
1124 4543 1340 4596 deliﬂﬂ-
1371 4546 1597 4609 Qllitlam
1663 4564 1788 4600 vero
1825 4590 1865 4644 υ
1897 4552 2099 4620 ἰιγρριοὶῐ
2164 4549 2390 4603 Romani
2422 4550 2701 4617 Grrccique
2760 4547 2986 4599 viribus.
3018 4561 3021 4565 '
3055 4544 3184 4598 Nam
3257 4543 3459 4595 Serbus

208 4644 378 4688 tanta
415 4643 663 4701 repetunt
703 4633 1042 4699 assiduitate,
1106 4636 1320 4689 tandem
1356 4647 1412 4690 ιιι
1465 4640 1789 4706 concidant;

206 4727 314 4783 alii
345 4742 549 4795 corpus
583 4728 656 4781 ita
683 4730 1172 4799 circumagitando,
1209 4740 1266 4783 ut
1305 4733 1529 4785 omnino
1570 4745 1720 4788 extra
1738 4749 1794 4787 se

207 4823 532 4890 rapiantur.

289 4916 392 4968 33.
427 4917 499 4968 De
550 4916 805 4984 genizeris
829 4933 847 4980 ,'
871 4914 946 4968 re!
991 4917 1249 4982 genizarr‘:
1273 4935 1291 4981 ;
1317 4922 1450 4972 unde
1467 4921 1541 4972 sic
1561 4921 1709 4976 dicti.

290 5011 579 5072 Nusquam
636 5010 809 5074 reperi
871 5009 1246 5075 gcnizarorum
1309 5013 1569 5076 originem
1616 5015 1793 5067 verius

202 5107 372 5156 dese:
396 5102 577 5166 iptam,
611 5114 771 5165 quam
803 5099 919 5162 hic;
964 5100 1189 5167 ideoque
1216 5103 1362 5154 locus
1420 5113 1502 5156 est
1531 5120 1797 5155 memora-

205 5198 375 5257 bilis,
417 5207 522 5260 quo
555 5191 783 5256 plmium
814 5191 1269 5246 liallueinationes
1306 5195 1628 5249 refutantur.
1661 5197 1791 5250 Nam

201 5287 306 5338 alii
361 5283 549 5334 volunt
585 5282 859 5335 institutos
886 5281 952 5333 ab
1000 5279 1266 5335 Otlimanc
1319 5285 1398 5336 vel
1433 5284 1663 5337 Osniane
1692 5286 1794 5339 Ga-

197 5378 276 5432 si.
327 5372 581 5424 nonnulli
618 5374 774 5438 (quos
831 5373 969 5424 inter
1023 5381 1106 5425 est
1160 5372 1345 5426 Jovins
1398 5391 1449 5427 et
1493 5376 1793 5448 chrl'It'Ua)

199 5467 398 5519 fuisse
432 5461 669 5514 referunt
694 5465 995 5516 ordinatam
1019 5466 1253 5530 ipsorum
1281 5466 1528 5520 militiam
1558 5470 1794 5536 primum

199 5557 476 5612 ninnium
512 5553 765 5608 aMurate
798 5555 863 5618 ll,
899 5570 1057 5622 quem
1108 5571 1205 5624 ego
1266 5573 1547 5612 numerum
1615 5563 1794 5630 potius

196 5651 450 5703 auxisse
477 5645 722 5703 dixerim.
758 5660 916 5712 quam
955 5645 1121 5701 fuisse
1145 5649 1348 5701 miiitizc
1413 5651 1581 5718 ipsius
1613 5665 1796 5706 aucto-

200 5761 358 5796 rem.
411 5738 566 5791 Vocis
589 5741 747 5790 etiam
795 5749 1012 5806 rtymon
1045 5750 1451 5794 controwrsum
1495 5754 1594 5797 cst.
1639 5745 1794 5798 Initio

199 5833 614 5893 declarationis
655 5833 936 5887 Annalium
990 5833 1322 5906 Spaudugini
1366 5837 1674 5906 opinionem
1713 5855 1791 5892 re-

1897 4647 2040 4697 circa
2069 4643 2368 4698 Mmotidem
2404 4644 2613 4698 Plinius
2645 4643 2895 4702 collocat,
2929 4639 3068 4692 unde
3118 4637 3308 4705 partim
3339 4651 3462 4704 pro-

1898 4735 2020 4790 fecti
2050 4735 2202 4790 fuere
2239 4752 2426 4790 versus
2453 4736 2778 4798 Danubium,
2812 4743 2864 4786 et
2892 4731 3110 4802 Mysiam
3139 4731 3275 4783 hanc
3299 4743 3462 4796 supe-

1895 4828 2090 4881 riorem
2119 4845 2130 4858 ·
2161 4830 2354 4896 partim
2395 4828 2586 4881 itinere
2619 4826 2854 4888 diverso,
2883 4838 2975 4892 per
3004 4823 3288 4874 Sarmatina
3347 4820 3462 4874 sive

1897 4921 2131 4975 Polonizn
2179 4919 2445 4974 latissime
2501 4928 2743 4988 patentes
2794 4932 3016 4986 campos
3047 4917 3097 4969 in
3129 4931 3280 4968 oram
3331 4912 3463 4967 Ger-

1898 5014 2111 5077 manire,
2175 5013 2390 5064 Polonis
2454 5013 2685 5064 vicinam
2743 5010 2981 5077 (Lusatia
3036 5024 3181 5061 nunc
3238 5007 3462 5073 dicitur)

1897 5105 2084 5170 infusi,
2120 5105 2274 5158 sedes
2333 5104 2550 5166 ibidem,
2586 5115 2633 5155 et
2688 5104 2738 5155 in
2790 5102 2980 5155 vicinia
3040 5101 3460 5158 constituerunt,

1898 5199 2031 5250 inter
2069 5195 2248 5250 Solam
2287 5206 2340 5248 et
2375 5197 2546 5247 Albim
2583 5194 2796 5248 ﬂuvios.
2837 5193 2973 5246 llinc
3005 5193 3191 5246 Sit-bos
3231 5193 3300 5245 ibi
3357 5191 3463 5242 Du-

1899 5290 2115 5342 bravius
2149 5301 2293 5342 recte
2343 5290 2594 5348 collocat.
2635 5287 2975 5360 hinc'illsnia
3025 5301 3240 5355 quoque
3296 5289 3466 5352 impe-

1901 5381 2095 5435 ratoris
2127 5381 2340 5435 llenrici
2370 5381 2607 5448 Aucupis
2649 5389 2888 5448 tempore
2929 5379 3069 5431 dicta
3130 5377 3229 5429 fuit
3266 5394 3292 5427 a
3330 5376 3465 5428 vici-

1898 5474 1981 5527 nis
2006 5474 2205 5533 Sit‘bia.
2237 5473 2357 5524 hinc
2409 5473 2460 5525 in
2498 5473 2564 5524 iis
2618 5471 2750 5524 locis
2800 5483 2851 5523 et
2912 5469 3065 5520 Sorbi
3099 5466 3347 5525 \Venctli,
3414 5476 3466 5517 et

1903 5567 2221 5628 Serbecum,
2249 5575 2301 5617 et
2334 5564 2643 5617 Serbestum
2673 5563 2887 5630 oppida.
2926 5560 2999 5612 i‘ii:
3034 5562 3211 5624 lingua
3245 5558 3463 5626 quidem

1901 5655 2120 5716 defecit,
2156 5657 2204 5707 in
2233 5667 2455 5723 utraque
2493 5653 2709 5707 Lusatia
2744 5652 3001 5706 Wenetlis
3043 5652 3234 5702 incolis
3296 5651 3467 5701 us‘ta-

1899 5756 1971 5798 ta.
2007 5744 2115 5800 Nec
2163 5744 2178 5796 1
2230 5748 2403 5799 littera
2437 5765 2557 5800 cum
2603 5747 2641 5799 Ε
2701 5754 3002 5813 permutata
3067 5759 3164 5794 nos
3233 5752 3465 5796 noveat.

1899 5837 2040 5905 quod
2076 5838 2126 5891 in
2163 5839 2257 5891 hac
2289 5855 2414 5892 voce
2478 5841 2773 5908 t‘i'equentei
2820 5839 2929 5892 tieii
2973 5839 3296 5890 notavimus.
3336 5831 3466 5885 Nam
