4198 6426
204 359 302 416 765

205 484 346 526 stum
384 473 703 524 mentionem
733 473 841 525 lieri
870 474 1364 543 archiepiscopatus
1395 477 1757 539 Geriniornm,
1791 482 1832 536 Α

207 565 319 617 sive
348 563 644 630 Ceriniani,
664 582 823 633 quem
854 566 993 619 inter
1019 566 1320 619 Maroneam
1346 580 1396 620 et
1433 570 1760 637 Arcadiopo-

208 658 296 709 lim
329 654 574 709 Thracia:
607 658 780 711 medio
812 658 964 726 ponit
1005 658 1143 713 loco.
1170 658 1277 714 Nec
1302 661 1353 715 in
1387 661 1601 716 Novella
1630 661 1763 717 Leo—

208 751 291 802 nis
324 749 557 813 Cermia,
587 751 677 804 scd
708 749 924 803 Germia
962 752 1087 817 legi.
1664 762 1670 768 '

205 866 292 919 10.
356 866 579 929 flentid,
647 865 964 939 Ascheher-
1009 865 1294 939 Cutahige,
1361 869 1757 936 Scidiachcher,

872 937 1101 991 Gelvazi.

280 1028 630 1092 Heinid,qu:e
665 1030 783 1082 aliis
830 1030 1007 1091 Emit],
1063 1032 1270 1085 Utnidic
1322 1032 1486 1101 Nigro
1539 1036 1759 1099 dicitur,

207 1121 469 1181 appa-llata
504 1121 599 1173 fuit
655 1122 851 1187 priscis
889 1123 1017 1176 urbs
1082 1122 1333 1177 Cerasus.
1398 1127 1476 1179 Ad
1528 1125 1759 1180 Pontum

205 1214 633 1279 tfappadocicttm
692 1216 859 1268 nostri
912 1214 1185 1279 referunt;
1253 1216 1361 1270 Leo
1396 1218 1643 1284 Sapiens.
1707 1219 1758 1273 in

206 1303 439 1355 T'nouis
497 1306 562 1359 ad
622 1307 847 1360 Pontum
884 1307 1321 1362 Polemoniacum
1365 1328 1377 1362 :
1432 1311 1762 1380 sttiijicitque

204 1397 520 1449 εἷα-ηςιιηιίε
563 1400 881 1467 episcopum'
934 1402 1351 1462 metropolitano
1384 1402 1759 1458 Ncoctesariae.

205 1490 511 1542 Acsclu-her
566 1493 617 1546 in
677 1494 863 1548 Ortelii
941 1494 1123 1549 tabula
1201 1496 1427 1552 Natoliae
1496 1498 1758 1565 scriptum

206 1582 396 1647 legitur
421 1583 641 1648 Acsara,
674 1586 919 1640 nonnihil
954 1586 1236 1641 immutan
1264 1589 1480 1642 nomine
1506 1588 1758 1645 Turcico.

207 1671 487 1726 Veteribus
510 1674 710 1730 Grecis
741 1676 879 1731 dicta
913 1677 1106 1733 fuisset
1162 1678 1507 1748 Leucepolis,
1574 1696 1761 1734 recen-

204 1765 433 1819 tioribus
478 1766 817 1836 Asprapolis:
875 1785 1104 1838 quorum
1180 1780 1467 1841 utrumque
1519 1772 1761 1825 Turcicae.

202 1858 541 1923 appellationi
572 1861 875 1929 respondet.
907 1861 1012 1915 Sed
1047 1863 1193 1917 nulla
1235 1863 1327 1918 tali
1380 1864 1598 1917 nomine
1625 1865 1758 1918 civi~

202 1962 285 2004 tas
324 1952 374 2003 iu
405 1951 467 2006 iis
516 1952 647 2005 locis
710 1956 849 2021 apud
909 1954 1116 2021 priscos
1171 1960 1459 2024 reperitur.
1500 1956 1762 2023 Cntahige

205 2042 425 2106 majoris
456 2054 537 2098 est
562 2045 752 2100 civitas
785 2044 1046 2113 Phrygia,
1101 2048 1372 2115 quondam
1405 2049 1546 2103 dicta
1601 2049 1763 2119 Coty-

199 2139 371 2190 aium.
401 2137 509 2192 Leo
548 2139 774 2205 Sapiens
827 2139 1119 2207 imperator
1151 2141 1488 2209 metropolim
1522 2140 1765 2212 Phrygiae

202 2227 351 2292 facit,
378 2229 517 2283 sicut
540 2238 592 2282 et
624 2228 783 2284 hodie
820 2231 1051 2285 celebris
1079 2242 1163 2287 est
1214 2232 1268 2286 in
1298 2234 1562 2299 Anatolia,
1606 2236 1763 2306 cujus

199 2320 254 2371 in
281 2306 461 2375 medio
490 2324 587 2375 sita
616 2332 720 2384 est,
775 2332 994 2391 prepter
1052 2324 1234 2378 sedem
1270 2325 1382 2379 sive
1432 2326 1761 2381 domicilium

198 2414 511 2482 Beglerlwgi
563 2415 847 2477 Anatoliae,
903 2417 993 2485 qui
1069 2417 1259 2485 priscis
1318 2416 1576 2473 Romanis
1646 2429 1762 2473 erat

197 2508 498 2575 praefectus
567 2510 943 2576 praetoriorum
996 2508 1257 2572 Orientis.
1318 2511 1521 2567 Graecis
1583 2523 1759 2566 autem

200 2616 437 2668 magnus
490 2601 727 2655 Orientis
771 2602 1119 2665 domesticus,
1170 2606 1310 2672 quod
1360 2620 1492 2659 sane
1550 2617 1763 2671 propter

199 2690 420 2757 imperii
482 2695 677 2745 veteris
729 2691 1056 2746 imitationcs
1128 2690 1385 2747 Turcicas
1442 2696 1758 2748 notandum.

199 2782 323 2835 Non
352 2792 493 2837 recte
533 2793 840 2838 nostrorum
887 2785 1008 2839 aliis
1054 2787 1108 2839 in
1158 2784 1367 2840 Galatia
1417 2787 1655 2854 ponitur,
1707 2797 1761 2841 et

193 2874 343 2926 Cute
371 2875 697 2937 nominatur,
728 2884 785 2928 ut
833 2874 1069 2928 Bellonio
1095 2894 1108 2929 :
1159 2875 1314 2930 Jovio
1366 2877 1541 2941 Cutia,
1570 2888 1621 2931 et
1650 2878 1762 2932 Cu-

196 2967 313 3019 teia
348 2985 358 3015 :
392 2965 512 3019 aliis
539 2966 772 3020 Chiutai.
820 2968 903 3021 vel
960 2967 1216 3021 Kiutliai:
1276 2968 1395 3021 aliis
1433 2969 1630 3029 Chuta,
1678 2970 1759 3021 vel

193 3061 437 3123 tiliutco,
470 3059 559 3127 qui
585 3068 765 3113 tamen
797 3061 897 3113 hoc
934 3062 1153 3115 nomine
1183 3061 1446 3131 Corycum
1481 3077 1575 3129 per
1618 3076 1763 3115 erro-

1794 1831 1833 1882 Β

1347 364 1746 422 euasere
1788 362 1983 424 msr.
2022 365 2331 427 TURCIC.

3314 367 3422 426 766

1864 482 2225 543 monasteriis,
2281 481 2496 533 nomine.
2528 496 2630 533 non
2692 483 2825 533 adeo
2869 480 3089 533 recenti.
3120 479 3250 533 Nam
3309 480 3418 532 Leo

1863 586 2077 638 quoque.
2102 571 2390 639 imperator
2429 572 2529 625 sub
2590 572 3079 634 T'icssalonicensi,
3137 583 3415 637 inotropo-

1863 661 2029 713 Iitano
2062 660 2376 724 Tltessalize.
2451 664 2682 718 collocat
2736 664 3115 732 episcopatum
3165 662 3416 720 llierissi,

1861 768 2019 819 quem
2046 753 2145 806 alia
2197 755 2397 808 dictum
2434 756 2786 823 appellatione
2837 756 3002 808 tradit
3047 757 3414 823 episcopatum

1862 845 2055 898 Montis
2086 848 2276 903 sancti.

2026 940 2117 993 ιθ..
2157 938 2389 1008 Usen/ia,
2423 940 2558 994 Tilia
2591 940 2740 1005 felix,
2789 942 2977 1008 Tungri
3007 939 3236 1008 Cictugi.

1932 1029 2172 1085 Cassidis
2241 1033 2468 1084 formam
2556 1032 2819 1098 hodieque
2888 1034 3117 1086 retinent
3188 1029 3419 1085 Uscuf‘tte

1862 1122 2161 1176 Turcorum
2193 1125 2361 1178 instar
2389 1123 2565 1193 pileoli
2598 1124 2835 1186 rotundi,
2868 1124 3039 1176 ovalis
3069 1125 3251 1188 figurae
3278 1166 3291 1181 .
3335 1123 3419 1174 vel

1863 1216 2075 1269 rorundi
2120 1216 2304 1269 calicis
2371 1216 2579 1284 absone
2639 1216 2948 1284 pedunculo
2991 1214 3187 1268 factae;
3224 1216 3416 1280 cuius-

1862 1308 2007 1362 modi
2052 1324 2284 1363 coronas
2319 1309 2500 1363 ovales
2541 1325 2603 1364 ex
2648 1324 2783 1363 auro
2814 1311 2990 1363 solito
3017 1317 3229 1375 gestare
3274 1309 3416 1361 sole-

1862 1400 1991 1453 bant
2044 1399 2393 1469 imperatores
2430 1400 2621 1455 Graeci.
2656 1400 2929 1468 Planeque
2964 1400 3089 1451 talis
3124 1399 3286 1451 etiam
3320 1398 3419 1450 itii-

1862 1491 2158 1557 ponebatur
2218 1492 2343 1544 huic
2396 1490 2679 1560 Thcolipto
2730 1494 3076 1560 patriarclire,
3139 1508 3260 1546 cum
3317 1506 3418 1546 nos

1860 1580 2329 1650 Constantinopoli
2352 1598 2618 1645 essemus,
2646 1599 2672 1635 a
2698 1583 2910 1637 duobus
2930 1584 3047 1636 aliis
3070 1594 3197 1636 tum:
3218 1582 3416 1636 ibidem

1864 1674 2217 1741 przeseutibus
2264 1676 2585 1743 patriarchis
2637 1674 2901 1729 Silvestro
2955 1675 3338 1737 Alexandrino,
3366 1685 3420 1726 et

1863 1762 2121 1817 Michaele
2174 1764 2536 1831 Antioeheuo,
2578 1765 2665 1819 die
2702 1782 2732 1820 ι
2764 1763 2942 1819 Martii
3002 1766 3220 1828 mensis,
3275 1780 3421 1819 anno

1866 1855 2179 1909 Christiano
2211 1856 2379 1921 1585,
2412 1872 2521 1926 quo
2557 1867 2801 1926 tempore
2843 1860 2913 1911 ab
2945 1858 3028 1913 eis
3058 1859 3421 1925 iuauguraba-

1870 1957 1955 1999 tur
1977 1989 1991 2010 ,
2034 1948 2177 2014 quod
2212 1947 2384 2002 ϐιτεεί
2421 1960 2616 2003 vocant
2646 1952 2697 2004 in
2732 1951 2981 2004 thronum
3018 1951 3293 2005 collocari.
3324 1952 3424 2001 So-

1868 2037 1978 2091 lent
2016 2037 2279 2106 hodieque
2315 2036 2561 2093 Genizari
2611 2049 2665 2094 et
2697 2041 2788 2093 alii
2837 2041 3060 2093 ditiores
3082 2056 3293 2094 exauro
3334 2058 3425 2095 so-

1868 2131 1975 2185 lido
2001 2132 2172 2185 factas
2190 2134 2437 2187 nscusias
2457 2143 2686 2194 gestare.
2708 2132 2876 2188 Pecos
2903 2134 3017 2202 ipse
3038 2134 3142 2187 vidi
3165 2136 3244 2187 sic
3267 2150 3423 2187 arm-

1869 2224 2050 2291 tosqui
2065 2224 2260 2280 sultaui
2277 2223 2573 2280 Turcorum
2594 2240 2844 2280 cursores
2859 2228 3222 2291 sunt,circum
3242 2227 3421 2295 ipsum

1868 2332 2080 2381 semper
2101 2318 2533 2383 obambulantes,
2558 2334 2681 2372 cum
2714 2333 2744 2372 e
2773 2320 2952 2373 saran
2986 2319 3185 2387 prodit.
3212 2317 3418 2371 Nomen

1869 2407 2019 2463 Titias
2049 2409 2213 2463 felicis
2232 2408 2525 2463 Turcicum
2561 2412 2611 2464 in
2648 2411 2943 2481 archetypo
2964 2411 3178 2478 legitur.
3204 2410 3424 2463 Devetlu

1867 2498 2010 2553 Caha
2049 2503 2190 2568 Agat
2226 2517 2240 2553 :
2274 2507 2521 2568 quarum“
2541 2516 2735 2554 vocum
2772 2501 2945 2569 prima
2979 2500 3186 2554 felicem
3218 2501 3425 2569 signifi-

1868 2604 1973 2656 cat,
2008 2594 2173 2647 altera
2216 2594 2411 2657 tiliam,
2440 2594 2688 2647 arborem
2738 2595 2915 2648 tertia.
2958 2595 3087 2659 Quae
3127 2611 3256 2647 vero
3285 2593 3427 2647 Doli-

1871 2701 1950 2737 tue
1984 2687 2052 2738 ab
2078 2686 2359 2739 eversione
2391 2686 2570 2739 divina
2596 2686 2860 2740 mansisse
2885 2688 3084 2740 dicitur
3116 2685 3426 2753 appellatio,

1867 2776 2046 2841 lingua
2102 2776 2329 2831 Turcica
2387 2778 2583 2849 Taugri
2643 2778 2856 2848 Gictugi
2906 2779 3333 2848 pronuntiatur,
3370 2776 3424 2830 id

1866 2880 1966 2934 est,
2009 2872 2147 2927 Deus
2176 2874 2390 2926 evertit.
2782 2870 2785 2871 ⁷

2183 2966 2272 3019 43.
2305 2966 2638 3029 Gumulzina,
2674 2964 2923 3028 Marolt'a,
2958 2962 3129 3019 Seres.

1937 3058 2062 3114 lia:c
2117 3060 2311 3128 Oppida
2360 3058 2492 3112 locis
2529 3060 2689 3127 paulo
2742 3067 2866 3112 ante
2926 3058 3219 3113 nominatis
3248 3059 3426 3112 vicina

196 3169 320 3206 rem
356 3154 648 3221 accipiunt,
704 3152 770 3206 de
823 3168 931 3220 quo
978 3154 1030 3206 in
1078 3154 1410 3206 Murhemete
1472 3154 1516 3207 ll
1580 3155 1758 3208 latius.
1790 3186 1834 3245 ο
1869 3164 2015 3213 sunt,
2064 3152 2288 3207 ulterius
2340 3153 2393 3206 in
2446 3152 2706 3206 Graeciam
2741 3152 2808 3207 de
2842 3153 2930 3206 die
2956 3153 3165 3206 scilicet
3198 3154 3249 3206 in
3280 3153 3423 3207 diem

191 3244 583 3299 δείιιίδειιθιιει·
630 3243 1073 3308 Turcis,Graacis
1117 3244 1439 3315 Hierapolis,
1489 3246 1759 3300 civitatem

192 3346 449 3392 sanctam
476 3336 585 3389 sive
610 3351 818 3389 sacram
845 3337 1130 3405 significat.
1159 3338 1296 3390 Sunt
1346 3347 1524 3391 autem
1576 3336 1765 3391 Hiera-

193 3431 439 3499 polesin
482 3430 724 3482 Aoatolia
789 3430 871 3483 vel
912 3431 1037 3484 Asia
1092 3430 1287 3484 minori
1338 3430 1521 3498 plures
1570 3440 1767 3499 pra'ter

194 3524 486 3593 Syriacam
518 3533 568 3576 et
605 3524 758 3584 alias,
789 3539 909 3589 qum
944 3523 1047 3576 huc
1098 3539 1202 3577 non
1237 3523 1522 3592 pertinent.
1592 3521 1763 3577 Unam

188 3614 317 3670 Leo
340 3616 565 3683 Sapiens
601 3614 877 3685 Augustus
910 3615 1141 3667 collocat
1188 3615 1241 3667 in
1288 3615 1516 3684 Phrygia
1554 3616 1767 3669 Saluta-

190 3710 269 3775 ri,
334 3709 437 3761 sub
487 3707 899 3775 metropolitano
965 3706 1283 3775 Synadensi.
1348 3707 1582 3761 Alteram
1641 3708 1766 3761 facit

185 3799 549 3869 metropolim
579 3798 817 3867 Phrygiae
860 3796 1225 3867 Cappatianre.
1261 3797 1351 3850 Sic
1372 3798 1516 3850 enim
1562 3799 1612 3848 iu
1646 3798 1762 3866 ipsa

181 3888 407 3944 Leonis
438 3887 652 3942 novella
688 3887 903 3957 legitur,
929 3902 1050 3938 eum
1084 3887 1284 3939 rectius
1315 3887 1429 3939 hate
1458 3887 1562 3940 dici
1594 3886 1765 3958 Phry-

178 3985 285 4051 ετξ
328 3980 613 4034 Pacatiana
645 3980 893 4033 videatur
929 3981 982 4032 in
1017 3979 1155 4033 libro
1177 3981 1240 4033 de
1264 3980 1546 4049 utriusque
1600 3980 1764 4048 impe-

178 4078 256 4129 rii
295 4076 510 4129 notitia.
560 4076 751 4129 Lector
791 4085 964 4129 utram
1037 4076 1199 4136 volet,
1251 4075 1497 4144 accipiat.
1546 4071 1763 4128 Gelvazi

173 4172 444 4236 denique
471 4167 737 4236 reperitur
767 4169 818 4221 in
845 4168 1111 4221 Anatolite
1165 4167 1363 4228 tabula,
1412 4181 1515 4219 nou
1578 4165 1764 4233 procul

172 4281 206 4317 a
244 4264 563 4317 Cerasunte
629 4262 709 4314 vel
770 4260 977 4315 Omidie
1032 4262 1171 4322 sita;
1242 4259 1335 4313 sed
1391 4258 1767 4313 immutatione

172 4359 512 4411 litterarum
544 4353 760 4417 exigua,
794 4352 1050 4405 Ginlvaza
1079 4350 1356 4405 scribitur.

626 4443 713 4498 41.
749 4446 1076 4512 Magalgara.
1132 4440 1342 4495 Bolina.

1870 3245 2333 3313 progredientibus
2366 3242 2653 3298 e'l'hracia
2716 3243 2933 3300 Turcis.
2990 3243 3129 3299 Sunt
3180 3245 3321 3299 enim
3373 3246 3426 3299 in

1866 3337 2063 3392 ﬁnibus
2090 3338 2329 3391 Thraciae
2363 3338 2683 3392 Gutnulziua
2718 3347 2769 3391 et
2802 3336 3019 3391 Marolia
3044 3380 3056 3396 .
3089 3354 3194 3391 non
3230 3354 3425 3403 magno

1867 3429 2151 3499 disiunctae
2175 3430 2470 3483 interv:illo.
2502 3430 2825 3483 Gumulzina
2863 3431 3123 3483 Castaltlo
3158 3431 3208 3482 in
3240 3431 3421 3484 tabula

1869 3521 2088 3576 Cra-ciae
2121 3523 2406 3576 recentiori
2455 3524 2712 3577 Culmaza
2757 3532 3009 3591 corrupte
3057 3524 3254 3591 scripta
3301 3523 3427 3592 legi-

1869 3622 1958 3666 tur
1983 3650 1999 3675 ,
2056 3627 2153 3681 pro
2202 3614 2469 3669 Cutnulza
2504 3614 2584 3668 vel
2612 3614 2895 3676 Gnmulza,
2928 3631 3090 3685 quam
3122 3614 3282 3669 Turci
3316 3615 3425 3669 Gtt-

1867 3706 2155 3760 mulzinam
2186 3716 2395 3760 vocant.
2425 3706 2644 3783 Marolia
2676 3707 2878 3763 Graecis
2899 3720 2981 3761 est
3010 3708 3243 3760 Maronia
3271 3710 3428 3776 ,‘qu:e

1870 3799 2008 3851 inter
2040 3800 2538 3868 archiepiscopatus
2586 3798 2818 3853 refertur
2863 3815 2893 3853 a
2941 3798 3120 3853 Leone
3151 3800 3423 3866 Augusto,

1870 3892 2190 3960 geograpliis
2249 3892 2448 3946 nostris
2496 3892 2607 3960 jam
2659 3892 2913 3962 Marogua
2944 3892 3160 3945 dicitur.
3201 3892 3314 3945 Sita
3345 3903 3427 3943 est

1868 3983 2005 4035 ultra
2036 3985 2303 4037 civitatem
2334 3983 2553 4043 illinunt.
2578 3985 2646 4038 de
2674 4001 2779 4053 qua
2807 4000 3033 4037 numero
3061 3984 3129 4038 52
3161 3985 3422 4048 diximus,

1869 4090 1973 4141 qua
2032 4076 2142 4128 itur
2195 4078 2246 4129 in
2301 4074 2639 4131 Thessaliam
2678 4076 2985 4131 e'l‘hracia.
3031 4080 3190 4130 Seres
3222 4075 3424 4131 Graecis

1867 4181 2092 4219 numero
2145 4166 2507 4221 multitudinis
2538 4168 2711 4221 Serra:
2739 4168 3009 4230 dicuntur,
3040 4175 3168 4221 urbs
3192 4168 3322 4221 satis
3341 4183 3425 4220 ce-

1869 4257 2055 4320 lebris,
2107 4272 2268 4325 quam
2319 4256 2513 4311 Leonis
2567 4259 2795 4324 Augusti
2857 4259 3063 4311 novella
3098 4259 3259 4311 refert
3290 4258 3365 4309 int
3402 4274 3430 4309 r

1868 4352 2223 4418 ntetropoles.
2273 4348 2479 4403 Praetor
2509 4349 2731 4404 Graecia:
2780 4361 2961 4405 noster
3014 4352 3153 4403 haud
3181 4351 3369 4418 procul
3398 4368 3426 4399 a

1865 4439 2043 4502 Cissu,
2063 4443 2247 4505 tleuua
2268 4442 2470 4494 dictum
2501 4456 2729 4495 numero
2758 4443 2825 4496 30
2851 4482 2865 4503 ,
2919 4456 3107 4496 versus
3134 4441 3434 4505 Mat-illam,

254 4538 429 4604 Quod
489 4536 740 4604 oppidum
795 4534 957 4587 Turci
1004 4533 1321 4600 Magalgarm
1359 4533 1577 4587 nomine
1631 4533 1769 4585 acci-
1793 4520 1846 4579 Β
1872 4532 1950 4583 vel
1989 4531 2223 4584 Hebrum
2260 4532 2476 4596 ﬂumen,
2503 4535 2755 4587 collocat.

166 4633 376 4699 piant,
415 4627 553 4679 scire
598 4634 743 4678 certe.
772 4639 879 4676 non
928 4639 1186 4691 possum:
1221 4623 1268 4675 id
1300 4620 1519 4690 quidem
1580 4622 1762 4676 dicere

165 4725 352 4775 licet.
397 4716 759 4783 quodcunque
803 4717 1016 4767 tandem
1046 4716 1134 4772 sit,
1181 4714 1232 4764 in
1271 4713 1469 4765 finibus
1494 4710 1761 4775 Thraciae.

162 4810 525 4869 'l'lmssalize,
576 4805 897 4859 Macedonia:
952 4806 1119 4873 quaeri
1183 4804 1397 4859 debere.
1462 4803 1764 4859 Gauderius

161 4910 477 4967 interpres
506 4897 738 4952 Caesaris
768 4899 1047 4950 adnotarat
1074 4898 1266 4961 videri,
1307 4898 1452 4965 quod
1484 4900 1553 4951 sit
1582 4898 1763 4968 Mega-

158 4997 419 5065 lopolis.
456 4992 559 5046 Sed
596 4992 685 5044 illa
709 5005 817 5043 non
850 4991 903 5043 in
934 4991 1017 5043 his
1040 4990 1352 5057 regionibus
1385 4991 1561 5043 locum
1582 4990 1763 5055 habet,

156 5098 272 5147 SCI'
319 5091 384 5142 in
439 5086 614 5139 Morea
679 5099 772 5137 seu
836 5082 1235 5149 Peloponneso:
1301 5096 1398 5135 nec
1461 5081 1761 5149 Magalgara

156 5199 343 5237 nunc
419 5177 638 5234 dicitur,
716 5176 808 5227 sed
874 5174 1122 5226 Leontari
1186 5174 1365 5241 vulgo,
1420 5172 1762 5227 Leontariutn

154 5274 447 5331 Laonico
477 5280 530 5323 et
559 5268 681 5321 aliis
708 5267 1120 5321 recentioribus.
1160 5265 1320 5335 417
1356 5264 1409 5317 Si
1432 5267 1553 5331 quis
1576 5267 1758 5334 appel-

154 5371 465 5424 lationem
498 5361 739 5415 ercam
796 5358 1106 5427 Magalgarze
1164 5359 1459 5425 proximam
1515 5360 1762 5428 requirit.

152 5459 603 5531 Megalagoram
628 5453 893 5521 accipiat:
924 5466 1029 5519 qua
1088 5451 1260 5503 forum
1296 5466 1545 5519 magnum
1599 5452 1765 5520 signi-

152 5559 425 5611 ﬁtentur.
462 5544 541 5599 Ex
580 5546 769 5598 eodem
807 5544 1041 5596 locorum
1103 5542 1211 5594 situ
1258 5542 1479 5609 colligo,
1516 5541 1760 5596 Bolinam

151 5642 404 5703 Turcis
433 5638 657 5698 dictam,
710 5651 829 5701 qua:
852 5633 1053 5688 Grai-is
1079 5642 1162 5687 est
1197 5633 1517 5703 Appollonia
1568 5635 1765 5688 montis

150 5738 340 5799 Atili,
381 5730 650 5795 quinum:
705 5725 908 5793 llagion
954 5722 1115 5787 Oros,
1169 5725 1282 5777 sive
1339 5742 1493 5777 mons
1544 5737 1765 5779 sanctus

152 5824 532 5897 appellatur,
568 5816 990 5885 altequrnlibus
1019 5814 1097 5883 (ut
1134 5814 1344 5884 optuor)
1377 5814 1757 5884 Calaget'orum

2007 4623 2092 4677 ﬂ.
2127 4623 2361 4688 (Σαυρία,
2397 4625 2538 4687 Dire,
2570 4624 2741 4691 Sirus,
2777 4626 3060 4689 Manaslir,
3092 4627 3323 4686 Seleruc.

1941 4715 2273 4769 Recitautur
2307 4718 2499 4770 ordine
2544 4718 2726 4785 plures
2787 4734 2814 4769 a
2868 4719 3064 4773 Turcis
3095 4734 3266 4788 capue
3299 4723 3438 4775 εἰκῑρ

1869 4815 2005 4861 tates
2050 4805 2103 4859 in
2149 4806 2723 4865 conﬁnibus.Tlit'aci:e
2745 4850 2758 4873 ,
2795 4808 3119 4865 Macedouize
3151 4852 3166 4875 ,
3199 4812 3435 4869 Thema-

1876 4896 1981 4949 lire.
2039 4897 2239 4951 Cavala
2291 4913 2481 4953 versus
2526 4897 2805 4969 Philippos
2856 4902 3185 4957 Macedonia.-
3245 4910 3434 4962 tendit.

1873 4988 2238 5057 Bucephalum
2275 4992 2478 5057 putavit
2509 4990 2783 5049 Bellouius
2830 4997 3072 5064 antiquis
3103 4997 3272 5052 fuisse
3354 5002 3431 5053 di-

1873 5091 2046 5144 ctam,
2088 5083 2157 5135 ab
2206 5098 2346 5152 equo
2390 5086 2531 5153 regis
2550 5085 2862 5142 Alexandri.
2925 5088 3044 5142 Dine
3076 5091 3283 5145 videtur
3316 5109 3437 5148 esse

1875 5174 2033 5227 Doari
2066 5175 2145 5227 vel
2173 5176 2346 5235 Deari,
2376 5193 2539 5245 quam
2571 5179 2757 5233 eadem
2780 5182 2828 5233 in
2861 5182 3054 5235 vicinia
3085 5186 3414 5237 recentiores

1872 5265 2158 5331 geographi
2184 5266 2475 5321 collocant.
2505 5265 2684 5328 Siros.
2720 5285 2836 5323 mea
2899 5273 3115 5337 quidem
3149 5274 3430 5342 opinione,

1871 5354 2035 5410 fuerit
2086 5355 2590 5428 Hierisstts;cujus
2647 5362 3016 5429 episcopatum
3082 5364 3436 5420 Thessaloni-

1870 5449 2018 5503 censi
2067 5452 2273 5503 novella
2312 5451 2508 5506 Leonis
2549 5453 2891 5523 imperatoris
2923 5455 3164 5523 subiicit,
3202 5468 3255 5511 et
3287 5457 3435 5512 Mon-

1874 5539 1941 5592 tis
1971 5554 2185 5607 quoque
2214 5543 2385 5594 sancti
2426 5551 2577 5595 vocat
2609 5542 3003 5611 episropatum,
3040 5553 3096 5597 ut
3120 5546 3280 5611 paulo
3310 5558 3436 5598 ante

1871 5632 2105 5695 dictum,
2160 5650 2384 5689 numero
2418 5636 2504 5688 fil.
2534 5639 2639 5689 Ant
2674 5635 2844 5706 Syrus
2876 5655 2904 5689 a
2938 5637 3133 5691 Turcis
3162 5640 3306 5690 dicta
3336 5654 3434 5707 pro

1875 5723 2087 5787 Sitlrus,
2122 5742 2240 5792 quae
2280 5726 2597 5796 Snlrocapsa
2630 5743 2794 5790 nunc,
2815 5729 2880 5781 ad
2907 5728 3134 5781 Montem
3160 5739 3431 5781 sanctum.

1874 5816 2018 5869 \clttt
2049 5832 2075 5868 il
2118 5817 2269 5869 nobis
2305 5818 2616 5873 adnotatum
2648 5822 2916 5890 superius,
2950 5836 3173 5874 numero
3213 5820 3289 5873 l8.
3324 5820 3430 5871 λίαν
