4198 6426
700 415 804 478 767

1897 410 2224 470 ῘΟᾹΝΝΙΒ
2265 410 2731 470 LEUNCLAVII

3821 406 3943 480 768;

700 524 872 574 rastir
930 521 1186 588 oppidum
1248 520 1441 575 Turcis
1511 523 1728 582 dictum,
1769 539 1962 575 nomen
2023 524 2267 576 Grzccutu
2301 530 2341 581 Α
2376 523 2703 580 Aslracanii.
2747 536 2802 574 ιιι
2835 522 3162 600 Praecupitze,
3212 533 3268 575 ιιι
3320 521 3520 576 Kt-ratii.
3576 521 3924 576 Rcittcccitttu

699 613 1252 674 habetMooastirion.
1285 629 1312 666 a
1352 616 1754 683 propinquitate
1789 617 1962 684 (puto)
1991 625 2265 668 monaSIe-

701 707 899 757 riorum
962 704 1160 759 Montis
1198 707 1398 762 sancti.
1429 722 1658 772 quorum
1699 707 1873 760 obiter
1905 707 2042 760 facta
2079 722 2265 760 nume-

699 811 760 849 ro
808 797 869 850 l7
905 797 1004 849 fttit
1037 798 1259 851 mentio.
1305 797 1518 854 Nicetas
1550 801 1618 864 (si
1654 812 1796 854 recte
1844 801 2087 861 memini)
2133 799 2267 854 Leo-

700 903 819 940 nem
857 891 1140 955 quemdam
1179 888 1601 944 Mcttastiriotetn
1659 892 1916 950 nominat.
1976 891 2262 944 oriundum

701 992 763 1026 ex
797 981 895 1029 hoc
936 978 1154 1045 oppido.
1185 977 1493 1047 Geographi
1537 985 1708 1034 nostri
1743 979 2004 1034 Monestir
2038 981 2180 1034 aliud
2211 981 2262 1034 itt

703 1067 1012 1122 Macedonia
1065 1082 1311 1138 ponttut,
1371 1075 1510 1124 ultra
1569 1071 2061 1131 Thessalonicam:
2118 1071 2264 1140 quod

703 1160 810 1213 huc
862 1160 1135 1226 pertinere
1183 1178 1289 1214 non
1336 1163 1604 1223 arbitror.
1641 1166 1711 1219 ob
1747 1167 2075 1218 mentionem
2137 1164 2268 1217 viei-

702 1267 891 1306 norum
931 1253 1199 1315 locorum,
1237 1270 1357 1324 quae
1395 1257 1534 1310 ultra
1573 1258 2020 1312 TbeSsalouicant
2059 1274 2116 1312 se
2157 1273 2263 1312 nou

701 1349 1006 1416 porrigunt.
1039 1349 1102 1400 Et
1133 1347 1520 1404 Thessalonica
1547 1350 1707 1405 Turei
1751 1367 1858 1404 non
1888 1353 1990 1405 sub
2021 1353 2122 1406 hoc
2151 1351 2266 1406 Mtt-

702 1452 820 1494 rate.
861 1442 899 1502 l,
931 1441 1024 1494 st'd
1063 1443 1180 1508 ejus
1217 1452 1511 1510 pronepote
1566 1441 1604 1496 ll
1630 1485 1643 1504 .
1687 1444 1841 1511 p0titi
1867 1453 2015 1498 sunt.
2042 1444 2265 1498 Selernc

701 1533 755 1585 itt
788 1533 1186 1586 recentioribus
1213 1533 1409 1587 tabulis
1437 1535 1814 1603 geograplticis
1846 1551 1950 1588 non
1979 1537 2263 1604 reperitur.

703 1625 803 1678 nisi
839 1625 975 1680 forte
1005 1625 1074 1679 sit
1105 1626 1238 1679 illttd
1268 1626 1482 1685 Silclar.
1517 1627 1661 1695 qttod
1689 1642 1796 1680 non
1822 1628 2008 1698 procul
2036 1643 2062 1680 a
2090 1629 2266 1684 Monte

702 1726 892 1771 sancto
925 1721 1247 1774 colloCatur.

701 1831 788 1887 45.
826 1831 1139 1893 Temirfauc.
1170 1833 1344 1888 Tentt'r
1407 1835 1573 1897 Citati.
1615 1836 1784 1889 Temir
1832 1836 1990 1891 Cttfft.‘
2024 1857 2042 1892 :
2073 1836 2258 1892 Sultan

1069 1903 1292 1970 Bonna,
1325 1905 1589 1961 Destettses
1637 1906 1842 1963 Tatari.

771 1991 943 2059 Quem
998 1997 1174 2050 nostri
1223 2012 1330 2051 non
1386 2007 1532 2054 recte
1580 1998 2072 2062 Tatnerlanetn.et
2103 2002 2264 2055 Tam-

703 2085 1010 2148 bttrlanctn.
1063 2088 1234 2143 Graeci
1289 2089 1564 2144 Temirem
1639 2104 1835 2147 vocant
1875 2110 1889 2147 :
1938 2095 2036 2148 isa
2069 2094 2263 2150 Turcis

704 2181 1020 2248 plerumque
1073 2180 1279 2246 Temir,
1335 2184 1416 2238 vel
1477 2185 1678 2240 Temnr
1725 2184 1900 2251 Citati,
1933 2189 2076 2256 qu‘od
2106 2190 2264 2256 regia

702 2271 976 2338 dignitatis
1008 2285 1090 2328 est
1123 2290 1343 2338 nomen,
1376 2278 1701 2346 explicatum
1739 2295 1900 2349 supra
1945 2297 2169 2335 munero
2191 2284 2261 2342 3.

703 2362 806 2417 dici
832 2364 1011 2418 solet-
1059 2382 1122 2420 ac
1161 2370 1206 2421 si
1247 2370 1623 2426 nominaretur
1669 2369 2038 2440 Hispanorum
2089 2391 2261 2440 more,

705 2453 816 2506 bon
854 2455 1052 2513 Temir.
1091 2457 1374 2524 Significat
1403 2474 1582 2517 autem
1617 2481 1715 2519 vos
1751 2464 1828 2520 Te
1852 2468 1936 2519 uir
1974 2508 1988 2531 ,
2018 2468 2132 2520 sive
2162 2466 2264 2522 Te-
2296 2525 2302 2531 _

705 2565 841 2613 mur,
875 2548 1098 2609 ferrun.
1136 2553 1184 2605 id
1219 2565 1321 2616 est,
1358 2557 1618 2622 gladium.
1656 2560 1860 2616 Tatari.
1895 2570 2111 2628 pronter
2140 2578 2264 2614 sue-

703 2655 890 2696 cessus
932 2659 1112 2696 rerum
1172 2647 1566 2714 prosperi-imos
1596 2689 1612 2712 .
1660 2649 2034 2705 Tcmir.l3utlu
2065 2667 2266 2721 cogno-

707 2733 978 2787 minarunt
1022 2752 1035 2788 :
1095 2736 1194 2789 hoc
1226 2748 1327 2798 est.
1376 2737 1578 2792 ferrum
1631 2757 1729 2794 seu
1767 2741 1999 2810 gladiqu
2031 2742 2262 2797 felicem.

707 2824 1103 2893 Nonnunquam
1146 2839 1347 2892 tamen.
1383 2839 1440 2882 nt
1471 2831 1576 2885 hoc
1604 2832 1766 2884 etiam
1793 2833 2080 2886 Annalium
2121 2834 2264 2896 loco,

707 2916 887 2971 Tentir
922 2921 1066 2974 Lauc
1096 2923 1421 2990 appellatur,
1441 2926 1582 2991 quod
1613 2923 1878 2979 Tetniretu
1907 2925 2156 2980 claudum
2187 2925 2264 2980 si-

711 2996 948 3076 gniﬁcat.
977 3010 1187 3081 Quippe
1225 3012 1594 3076 claudicabat,
1625 3025 1683 3066 ut
1713 3014 1942 3082 ipsemet
1975 3015 2266 3068 confitetur

710 3106 761 3157 in
795 3103 969 3172 primo
1002 3120 1124 3158 cum
1166 3103 1404 3174 Bajazite
1456 3115 1616 3175 capto
1665 3120 1955 3176 congressu
2010 3116 2061 3160 et
2100 3108 2266 3160 collo-

2369 631 2499 667 sane
2525 618 2689 667 miror
2723 631 2782 667 ex
2823 616 3086 668 Sabellico
3119 625 3354 679 repetere
3378 654 3393 678 ,
3443 614 3761 667 Tatarorum
3824 616 3929 667 im-

2367 719 2670 774 peratorem
2711 717 2868 760 :ctate
2904 707 3156 761 Sabellici
3183 718 3429 762 vocatum
3466 708 3632 761 fuisse
3675 708 3922 772 Nogaint.

2365 798 2576 866 Quippe
2629 798 2792 866 Nogai
2844 799 3026 853 Tatari
3074 801 3312 855 nationis
3362 810 3446 854 est
3503 815 3724 857 nomen.
3761 800 3925 865 cujus

2369 894 2618 959 princeps
2663 893 2928 959 hodieque
2980 890 3144 961 Νοεεί
3187 892 3338 946 Cbau
3375 893 3591 945 dicitur.
3635 891 3724 946 Sic
3776 891 3920 961 apud

2369 982 2790 1052 Par-bymerium
2840 982 3018 1052 Nogas
3072 983 3272 1053 Scytha
3335 984 3552 1049 legitur.
3593 993 3646 1037 et
3679 983 3928 1036 Cazanes

2370 1075 2598 1145 Scytha.
2652 1092 2749 1145 pro
2785 1075 3114 1146 Nogaiorum
3137 1114 3153 1140 ,
3189 1077 3272 1129 vel
3306 1075 3630 1145 Nogtcorum
3662 1087 3714 1129 et
3753 1076 3928 1130 Casa-

2368 1172 2582 1226 uiorum
2615 1174 2803 1226 (Jbane
2854 1173 2967 1226 sive
3004 1171 3269 1239 principe.
3305 1170 3406 1235 Qui
3440 1185 3570 1222 vero
3595 1170 3702 1224 sint
3729 1171 3780 1224 bi
3821 1170 3922 1224 De-

2367 1275 2601 1329 stenscs.
2636 1264 2934 1333 intelligere
2961 1263 3088 1318 licet
3109 1279 3170 1318 ex
3201 1263 3270 1318 iis
3294 1277 3414 1331 qua:
3438 1261 3697 1330 deinceps
3730 1262 3781 1314 itt
3814 1263 3926 1315 vita

2369 1358 2722 1412 Muchemetis
2773 1355 3002 1410 secundi
3043 1356 3297 1424 leguntur
3318 1395 3331 1416 .
3363 1352 3430 1408 de
3459 1353 3702 1407 subactis
3732 1353 3929 1406 incolis

2367 1450 2612 1505 Taurica:
2655 1449 2988 1504 Cberronesi
3022 1457 3144 1517 post
3175 1456 3388 1515 captam
3430 1446 3618 1499 urbem
3654 1444 3925 1511 Capham.

2367 1542 2576 1611 Quippe
2603 1542 2895 1596 Destenses
2930 1555 3055 1593 cum
3089 1539 3344 1594 Keritniis
3369 1539 3482 1592 sive
3504 1537 3726 1591 Criutiis
3757 1535 3926 1589 Tata-

2367 1636 2445 1690 ris
2500 1634 2758 1699 (Crimski
2790 1649 2935 1688 nunc
2999 1647 3027 1684 a
3092 1631 3286 1686 vicinis
3346 1629 3650 1693 dicuntur).
3700 1644 3766 1681 eo
3802 1629 3927 1681 loco

2367 1736 2679 1781 nostrorum
2742 1725 3018 1780 annalium
3089 1722 3534 1792 conjttttgttntttr:
3599 1719 3665 1774 de
3723 1721 3927 1788 quibus

2365 1820 2580 1874 (Irimiis
2605 1834 2703 1872 nos
2728 1819 2780 1872 in
2809 1816 3196 1885 Suppletnento
3239 1813 3515 1868 annalium
3550 1851 3565 1875 ,
3599 1813 3688 1865 ubi
3721 1811 3923 1864 bellum

2366 1916 2468 1966 hoc
2500 1910 2789 1964 decennale
2810 1908 3094 1963 Persicum
3122 1905 3468 1975 exponimus.
3502 1904 3800 1958 luculente.

2363 2031 2451 2085 ιθ.
2491 2029 2678 2081 [αιτιιί
2726 2025 2922 2080 Sen-im
2954 2025 3212 2092 principes
3241 2038 3259 2075 :
3298 2023 3555 2086 Bttfcoqli.
3588 2021 3923 2080 Bufcovitzii.

2435 2099 2761 2154 llucom'tzit':
2793 2096 3112 2159 Cratevilzt't',
3134 2094 3452 2149 Certmritzt'i
3475 2110 3488 2146 :
3513 2092 3854 2146 Karlovitzt'i.

2437 2192 2508 2246 lix
2539 2193 2605 2246 iis
2634 2207 2756 2260 qua:
2796 2190 3058 2258 deinceps
3085 2188 3137 2239 in
3171 2186 3254 2240 bis
3281 2184 3586 2239 Annalibus
3617 2194 3927 2251 Stqttttttlur

2365 2285 2796 2340 animadvertere
2825 2282 2949 2336 licet
2981 2298 2995 2335 :
3027 2281 3236 2333 Turcos
3261 2293 3289 2332 a
3326 2278 3533 2332 Lazaro
3560 2278 3640 2330 vel
3667 2277 3928 2330 Eleazaro

2365 2375 2556 2433 Buteo.
2604 2375 2743 2426 sicut
2784 2370 3087 2442 appellatur
3116 2384 3144 2422 a
3184 2367 3613 2437 Cbalcocoudyle
3639 2407 3654 2430 ,
3689 2366 3781 2434 qui
3819 2371 3930 2435 pri-

2365 2485 2484 2521 mos
2538 2468 2812 2534 regionem
2869 2465 3007 2518 Istro
3057 2463 3394 2530 adiacentem
3455 2461 3567 2515 sive
3619 2460 3866 2513 Serviani
3899 2479 3930 2515 a

2367 2562 2644 2630 Stephano
2696 2575 2818 2628 rege
2863 2561 3096 2628 Bulgaro
3165 2567 3356 2611 nactus
3403 2555 3525 2614 fuit.
3575 2569 3932 2609 successores

2365 2671 2576 2716 omnes.
2615 2654 2816 2708 Serviat
2847 2654 3100 2719 despotas
3131 2652 3244 2705 sive
3281 2647 3576 2718 principes,
3621 2647 3934 2714 appellasse

2369 2747 2602 2800 Lazarus
2623 2785 2637 2805 .
2673 2754 2732 2797 ut
2757 2758 2948 2797 omnes
2984 2739 3540 2806 Constantinopoleos
3568 2738 3934 2804 imperatores

2368 2839 2552 2892 itidem
2577 2838 2767 2890 dixere
2793 2831 3204 2889 Constantinos.
3241 2829 3512 2884 Laonicus
3545 2828 3658 2894 ipse
3687 2827 3931 2892 quodam

2368 2933 2418 2986 in
2445 2932 2568 2985 loco
2598 2929 2890 2998 Georgium
2926 2923 3132 2980 Servize
3163 2923 3446 2988 despotam
3502 2935 3650 2974 more
3692 2917 3933 2972 Turcieo

2368 3024 2687 3076 Eleazarum
2728 3019 2845 3074 sive
2873 3005 3140 3069 Lazarum
3175 3027 3369 3068 vocare
3402 3012 3634 3071 videtur.
3670 3011 3763 3064 ubi
3800 3012 3935 3064 dicit

2368 3114 2682 3168 Eleazarum
2708 3124 2808 3180 pro
2832 3108 3095 3177 Belgrado
3129 3107 3328 3160 multas
3371 3105 3534 3158 urbes
3561 3104 3615 3157 in
3643 3103 3931 3158 Pannonia

706 3198 855 3264 quin.
912 3199 1054 3266 quod
1112 3200 1164 3252 in
1229 3194 1532 3252 Annalibus
1589 3201 1747 3267 longe
1807 3200 2260 3268 pulcherrimum,
2291 3214 2332 3270 (ς
2366 3212 2716 3259 consecutum
2755 3216 2785 3254 a
2809 3197 3194 3269 Sigismundo.
3228 3195 3444 3265 Quippe
3469 3194 3712 3248 Thomas
3751 3194 3935 3246 liben-

708 3303 971 3360 taotoqne
1002 3291 1297 3346 monarclta
1335 3292 1555 3362 dignum
1598 3294 1811 3362 legitur.
1844 3293 1907 3346 Et
1937 3293 2028 3348 alii
2056 3293 2268 3348 claudie

708 3384 937 3436 catioois
985 3382 1121 3436 hanc
1174 3381 1422 3437 referunt
1450 3399 1691 3448 causam,
1721 3383 2092 3446 utLaonicus.
2118 3384 2262 3454 quod

707 3476 948 3538 privatus
979 3475 1154 3529 adhuc
1201 3486 1254 3531 et
1297 3477 1454 3545 inops
1497 3492 1736 3541 murttm,
1771 3493 1881 3548 quo
1908 3479 2071 3533 cinCIi
2103 3494 2266 3549 peco-

705 3584 822 3619 rum
865 3583 1054 3635 greges
1084 3578 1239 3623 erant
1280 3609 1294 3633 ,
1321 3567 1467 3622 .furti
1516 3570 1892 3624 committendi
1926 3585 2093 3624 causa
2133 3585 2262 3628 con—

704 3662 979 3714 accnderit
1018 3678 1031 3714 :
1063 3677 1295 3730 cumque
1317 3677 1375 3716 se
1398 3663 1574 3716 visum
1611 3677 1640 3716 ιι
1676 3661 2064 3730 patrefamilias
2091 3663 2266 3715 anim-

702 3753 1048 3816 advertisset.
1073 3753 1125 3806 iu
1161 3763 1356 3808 terram
1385 3754 1664 3820 desiliens;
1693 3769 1817 3808 crus
1847 3754 2064 3824 fregerit
2097 3771 2112 3818 ;
2148 3755 2263 3819 alii,

703 3844 850 3913 quod
899 3828 1039 3898 inter
1084 3845 1434 3913 pugnandum
1469 3845 1522 3898 in
1557 3846 1692 3913 pede
1729 3845 2064 3906 vulneratus.
2101 3845 2267 3917 418

701 3956 765 3992 ex
826 3954 891 3991 eo
939 3948 1184 4007 tempore
1244 3938 1472 3993 claudus
1531 3937 1715 3994 fuerit.
1764 3939 1813 3993 ls
1870 3950 2075 4002 autem,
2107 3939 2264 4007 cujus

705 4032 902 4085 deinde
935 4031 994 4084 fit
1025 4032 1252 4095 mentio,
1281 4030 1486 4085 Βητριιο
1524 4032 1604 4086 vel
1639 4029 1865 4092 Bereuc.
1907 4031 2121 4102 Egypti
2154 4031 2266 4085 stti-

707 4136 865 4179 tanus
909 4124 1027 4176 fuit.
1064 4123 1126 4176 Et
1157 4137 1348 4176 nomen
1374 4121 1538 4190 hujus
1560 4138 1622 4177 ex
1650 4120 2102 4191 Schiltepergcrip
2133 4121 2266 4177 Ger:

710 4219 929 4269 maniro
962 4215 1170 4283 scripto
1194 4257 1207 4278 ,
1261 4216 1351 4282 qui
1391 4223 1524 4268 tunc
1551 4216 1810 4282 temporis
1838 4215 2078 4269 Asiatica
2111 4229 2265 4276 pere-

708 4311 1012 4374 grinatione
1062 4317 1318 4376 suscepta
1343 4348 1357 4372 ,
1398 4309 1593 4376 pugnis
1622 4309 1892 4361 Tataricis
1925 4324 1989 4363 ac
2020 4307 2267 4362 Turcieis

705 4405 974 4467 interfuit,
1015 4401 1340 4456 lit'ineccitls
1373 4403 1565 4471 allegat
1603 4421 1616 4456 :
1649 4403 1720 4455 ita
1767 4412 1943 4454 tamen
1975 4416 2004 4454 a
2031 4400 2267 4454 librariis

707 4511 998 4562 mutatum,
1025 4512 1081 4551 ιιι
1118 4498 1409 4551 Baraelocb
1440 4512 1536 4566 pro
1564 4493 1867 4558 Barakoch,
1894 4496 1973 4548 \"cl
1995 4493 2266 4550 Baralmclt

2366 3296 2558 3352 darlus
2591 3291 2988 3349 llaselbacliius
3015 3331 3032 3354 ,
3081 3290 3175 3359 qui
3209 3299 3332 3342 tunc
3359 3286 3512 3348 vixit,
3541 3285 3592 3338 in
3623 3286 3936 3340 Anstriacis

2369 3408 2536 3447 manu
2569 3389 2788 3456 scriptis
2817 3384 3010 3456 tradit,
3043 3383 3187 3438 hanc
3221 3380 3676 3452 permutationem
3714 3394 3824 3431 non
3854 3381 3936 3430 in-

2369 3495 2448 3538 ter
2464 3479 2871 3550 Sigismundum
2891 3487 2945 3531 et
2966 3475 3300 3535 Eleazarum,
3326 3474 3417 3528 sed
3433 3476 3571 3526 inter
3590 3472 3742 3524 Albo:
3761 3482 3872 3525 tum
3895 3473 3934 3526 tt

2365 3573 2712 3628 AttStriacum
2740 3564 3315 3635 ctGeorginmServia:
3352 3565 3649 3631 principem
3703 3563 3932 3614 laetam:

2365 3681 2521 3735 quem
2539 3661 2755 3731 quidem
2778 3657 2889 3728 ip’se
2913 3667 3090 3720 norat.
3111 3671 3230 3712 cum
3250 3655 3300 3708 in
3316 3655 3436 3707 aula
3455 3652 3716 3706 Friderici
3736 3651 3800 3704 IV
3823 3653 3929 3705 Cae-

2366 3757 2506 3812 saris
2540 3753 2692 3809 exsul
2748 3749 3051 3806 honorifice
3092 3749 3348 3802 aleretur.
3391 3744 3555 3798 Iidem
3603 3743 3936 3811 principesa

2367 3848 2560 3904 'l'urcis
2586 3843 2782 3899 alicubi
2818 3844 2978 3896 etiam
3033 3839 3271 3906 Bulcogli
3329 3836 3685 3890 nominantur
3733 3838 3807 3888 ab
3837 3837 3939 3888 hoc

2365 3943 2541 4013 primo
2565 3937 2769 3992 Lazaro
2792 3934 2956 3988 Bulco
2986 3942 3242 4001 tanquam
3275 3928 3421 3983 Bulci
3459 3928 3550 3981 lilii
3589 3928 3667 3981 vel
3713 3927 3938 3995 posteri.

2367 4037 2568 4092 sicntet
2586 4030 2887 4100 IlichaIOgli
2907 4040 2959 4086 et
2974 4024 3282 4094 Malcozogli
3299 4032 3424 4079 sttnt
3436 4019 3724 4084 ,llicbaelis
3736 4032 3789 4074 et
3803 4019 3939 4072 Mar-

2367 4127 2414 4182 ci
2439 4122 2716 4195 posteri.‘A
2742 4120 2946 4175 Serviis
2967 4127 3144 4174 autem
3168 4115 3374 4171 ratione
3397 4126 3620 4182 prorsus
3639 4113 3938 4166 consimili.

2369 4213 2681 4271 Bulcovitzii
2719 4212 2868 4267 fuere
2891 4210 3086 4272 vocati,
3109 4207 3255 4260 velut
3280 4205 3427 4258 Bnlci
3457 4204 3546 4258 filii
3569 4206 3686 4258 sive
3711 4205 3937 4272 posteri.

2367 4309 2499 4364 Nam
2528 4308 2578 4361 id
2607 4309 2801 4375 lingua:
2822 4304 3107 4357 Slavorutn
3133 4309 3221 4353 aut
3249 4296 3610 4358 Venellorum.
3631 4311 3741 4364 qua
3765 4296 3938 4349 Servii

2369 4412 2612 4461 utuntur.
2637 4397 2900 4452 familiare
2925 4403 3026 4448 est.
3061 4393 3152 4448 Sic
3175 4392 3336 4445 etiam
3375 4390 3644 4450 hodieque
3679 4387 3938 4441 Moscmii

2370 4488 2767 4549 liasilovilzios,
2827 4482 3336 4542 Theodorovitzios.
3389 4478 3790 4532 Juanovitzios.
3845 4493 3940 4545 pio

711 4596 893 4659 potius
931 4593 1205 4646 scribatur
1233 4631 1246 4644 .
1282 4590 1372 4644 Sic
1404 4564 1546 4642 enim
1574 4604 1636 4641 ex
1665 4589 1970 4641 Annalibus
1999 4588 2146 4646 ltiscc
2179 4603 2262 4641 re-
2297 4564 2342 4617 θ
2370 4585 2492 4638 filiis
2520 4582 2723 4640 Basilii,
2749 4575 3045 4636 Theodori.
3071 4570 3322 4632 Joannis.
3347 4569 3555 4623 dicunt.
3585 4567 3778 4620 Itidem
3807 4567 3940 4618 Cra-

701 4687 852 4743 ;titui
884 4686 1058 4738 debet.
1083 4683 1283 4736 Nomen
1310 4683 1486 4749 ipsum
1519 4680 1798 4734 Borckuck
1830 4680 1910 4732 rel
1937 4679 2265 4743 Barackock,

707 4780 898 4832 .tivisis
932 4778 1174 4838 vocibus,
1212 4777 1318 4830 erit
1349 4776 1520 4829 Barac
1558 4773 1700 4832 Kuk.
1732 4777 1810 4827 ve!
1843 4772 2016 4824 Barac
2053 4771 2189 4839 Gug,
2217 4771 2266 4822 id

707 4881 811 4932 cst,
849 4869 964 4936 Gog
998 4869 1336 4929 benedictus,
1395 4868 1506 4919 sive.
1549 4867 1804 4919 laudatus
1830 4874 1884 4917 et
1917 4865 2170 4932 inclytus.
2208 4861 2270 4915 Et

708 4963 889 5031 statim
943 4963 1010 5015 ab
1071 4960 1228 5013 initio
1283 4958 1675 5012 declarationis
1705 4957 1996 5009 Annalium
2032 4955 2096 5007 de
2128 4952 2268 5015 Kuk.

706 5055 846 5117 Cuk,
877 5066 920 5107 et
957 5052 1090 5122 Gog,
1122 5053 1369 5122 quaedam
1403 5053 1454 5104 in
1494 5049 1720 5118 Gioltelp
1749 5057 1842 5100 aut
1875 5047 2106 5113 Kukelp.
2133 5046 2270 5099 dixi-

712 5166 852 5203 mus.
901 5149 1192 5201 Destcnses
1245 5154 1424 5198 autem
1462 5143 1696 5196 Tataros
1721 5181 1734 5202 .
1770 5143 1833 5193 de
1859 5153 2002 5194 certa
2036 5139 2267 5203 quadaut

712 5247 928 5294 natione
964 5241 1287 5294 Tatarotutn
1330 5239 1632 5300 accipimus
1664 5254 1677 5290 :
1711 5245 1900 5288 contra
1929 5233 2084 5286 Marii
2119 5231 2270 5299 Nigri

708 5338 1032 5390 Sententiam
1056 5375 1069 5394 ,
1124 5350 1214 5403 qut
1263 5331 1424 5385 tradit
1460 5331 1512 5384 in
1547 5345 1744 5397 genere
1777 5326 2006 5379 Tatat'os
2039 5325 2182 5391 ipsos
2214 5337 2271 5376 sc

715 5431 824 5481 lltsl
858 5430 1038 5490 lingua
1087 5443 1182 5480 sua
1236 5441 1450 5479 vocare.
1485 5424 1622 5477 Sunt
1653 5422 1794 5474 enim
1823 5419 2022 5473 diversi
2059 5415 2270 5478 Tatari,

708 5525 901 5593 pt'ist'ls
927 5523 1115 5576 ctizun.
1151 5536 1257 5574 non
1295 5502 1394 5572 hac
1425 5525 1683 5571 duntaxat
1711 5525 1888 5578 aetate,
1913 5511 2116 5577 cogniti
2171 5526 2184 5562 :
2217 5518 2274 5561 ut

706 5623 961 5687 Aythouo
991 5627 1043 5668 et
1070 5614 1188 5666 al;is
1224 5611 1410 5679 Mogli.
1449 5612 1565 5664 sive
1604 5607 1844 5672 Mougli:
1881 5614 1938 5658 ut
1967 5601 2270 5668 Sutnongli,

708 5731 735 5766 τι
799 5714 995 5764 'l'ataro
1048 5709 1212 5762 fluvio
1255 5706 1408 5763 diti,
1463 5704 1611 5755 μιαί
1657 5699 1843 5753 Tatari
1874 5696 2158 5756 attuatici:
2217 5703 2274 5746 ut

709 5807 965 5874 'l'augori,
1025 5806 1111 5870 qui
1163 5813 1213 5853 et
1267 5798 1538 5851 Tant-bat“!
1569 5837 1582 5858 ,
1613 5805 1665 5846 et
1700 5790 1972 5845 'l‘onchati
2009 5806 2021 5841 :
2054 5798 2108 5840 ut
2143 5786 2274 5838 Chi-

721 5904 852 5956 tatni
911 5899 1002 5964 qni
1063 5908 1108 5951 τι
1166 5893 1413 5949 {Ihataittt
1447 5908 1458 5945 ζ
1501 5901 1554 5945 ιιι
1592 5887 1815 5955 Νινεειὶί,
1849 5895 1905 5937 ut
1937 5877 2175 5945 Casattii,
2219 5888 2271 5932 ut

2372 4677 2574 4732 tevitzii
2613 4674 2966 4740 Bnlgarorntu
2993 4665 3270 4736 principes
3299 4669 3476 4722 erant.
3506 4677 3534 4713 a
3568 4659 3753 4721 Crate,
3781 4675 3938 4727 quem

2372 4771 2628 4840 Uoglesis
2666 4766 2884 4819 fratri-nt
2918 4761 3189 4816 Laonicus
3241 4759 3508 4818 celebrat.
3557 4757 3803 4809 oriumli.
3852 4753 3939 4806 Sic

2373 4868 2440 4919 ab
2493 4872 2725 4917 auctore
2773 4856 2985 4924 genetis
3048 4851 3298 4922 appellati
3350 4848 3710 4903 Cernovitzii.
3751 4850 3936 4900 llatart

2372 4957 2653 5010 Dalmatia:
2701 4950 3048 5019 regionisque
3095 4945 3286 4998 vicinae
3317 4941 3591 5009 quondam
3622 4942 3817 5007 reguli.
3851 4941 3940 4993 Sic

2372 5046 2683 5102 Karlovitzii
2735 5042 3053 5097 dicebantur
3124 5037 3176 5090 itt
3226 5034 3451 5088 Albania
3487 5034 3570 5085 vel
3605 5033 3770 5100 Epiro
3807 5032 3940 5101 [ιδεμ

2373 5141 2617 5195 rhachini
2657 5138 2740 5190 vel
2793 5131 3038 5187 Durazzii
3101 5129 3416 5199 principes.
3473 5125 3616 5193 quod
3671 5140 3698 5177 a
3735 5123 3940 5177 Karoio

2371 5231 2652 5304 propagati
2703 5228 2954 5290 fuissent,
2982 5239 3046 5277 ex
3082 5237 3264 5289 regunt
3300 5218 3487 5273 Gallia:
3517 5217 3721 5270 familia
3749 5256 3763 5269 .
3802 5216 3938 5269 Nam

2373 5319 2684 5375 Ludovicus
2750 5315 2938 5370 Galliae
2996 5328 3112 5373 rex.
3166 5324 3328 5378 quem
3388 5307 3804 5363 canonissatnm
3860 5312 3942 5376 (nt

2375 5417 2546 5480 aiunt)
2599 5427 2626 5462 a
2677 5408 3023 5479 pontificibus
3052 5403 3334 5465 Romanis.
3370 5413 3619 5456 sanctum
3654 5404 3944 5467 cognomi-

2376 5514 2524 5568 nant,
2553 5500 2776 5555 fratrem
2799 5499 3061 5554 Karulum
3089 5495 3585 5564 habuit.An:|egavi
3611 5492 3948 5545 [δῖοι-ἱμάν-

2376 5614 2480 5666 que
2505 5596 2780 5654 comitem,
2816 5594 2904 5660 qui
2940 5592 3252 5647 Cunradino
3297 5586 3562 5659 Friderici
3604 5586 3646 5638 ll
3702 5586 3945 5641 Caesaris

2377 5689 2556 5756 nepoti
2583 5701 2808 5753 regnum
2837 5683 3246 5749 Neapolitanum
3272 5695 3395 5730 cum
3435 5679 3540 5730 vita
3573 5693 3664 5744 per
3697 5675 3779 5729 fas
3848 5695 3943 5732 ne-

2378 5780 2459 5830 fas
2498 5779 2717 5842 eripuit.
2750 5774 2880 5843 Ejus
2924 5773 3063 5825 filius
3113 5772 3212 5824 fuit
3269 5769 3504 5822 liarultts
3532 5769 3595 5823 ii.
3635 5784 3802 5833 nepos
3839 5770 3948 5819 Pe-

2378 5881 2492 5925 tius
2537 5867 2779 5923 Gratiae:
2829 5868 2958 5930 dux,
3011 5879 3280 5934 pronepos
3332 5859 3560 5914 liat‘ulus
3608 5861 3939 5929 llytrhachu
