4198 6426
759 331 862 393 ’ῗῗὶ
1942 323 2264 384 JOANNIS
2314 325 2390 383 LE

2469 323 2782 383 NCLAHI

3876 323 3982 388 ’ῖῗῖ

832 441 969 496 Cum
999 448 1180 490 autem
1215 437 1336 488 anni
1377 433 1592 488 Turcici
1645 432 1770 494 296.
1822 431 2164 488 Christianos
2203 430 2320 487 eﬂi-
2352 440 2393 494 Α
2423 432 2770 487 Andronicus
2793 430 3126 500 Palaeulugus
3167 431 3204 484 il
3243 433 3540 501 imperator
3600 435 3788 488 edidit.
3856 436 3982 503 Ejus

763 533 909 586 ciant
938 529 1084 582 9.87:
1129 527 1376 594 sequitur
1430 526 1653 578 uniuiuo
1713 533 1790 577 tot
1845 525 2004 578 annis
2066 527 2324 578 hactenus

767 623 1055 691 imperium
1119 618 1538 672 Osmanidarum
1598 617 1845 677 durasse,
1912 632 2131 686 sumpto
2209 616 2326 684 ejus

765 715 942 774 initio,
1006 713 1148 766 sicut
1177 711 1470 764 indicatum
1501 718 1603 773 est,
1663 711 1730 762 ab
1769 708 1930 779 420
1959 726 2099 761 anno
2163 708 2322 763 1500.

768 807 864 858 Sin
902 806 1128 858 aliorum
1162 805 1313 872 sequi
1372 805 1613 857 rationes
1677 804 1948 865 velimns,
2020 806 2325 856 necessario

769 897 1114 950 referendum
1150 898 1245 947 erit
1291 896 1614 962 principium
1644 896 1791 960 regni
1816 894 2232 949 Osmanidarum
2259 895 2323 948 ad

763 988 1559 1051 annumChristianum1295,
1611 989 1750 1055 ἀμιοά
1806 990 2049 1043 omnium
2095 989 2326 1042 chrono-

768 1085 1098 1153 graphornm
1134 1093 1186 1134 et
1242 1081 1634 1135 l‘listorieorum
1688 1081 1978 1133 illustrium
2040 1083 2326 1135 sententiis

767 1175 1189 1229 adversabitur:
1231 1183 1320 1226 aut
1344 1175 1566 1226 omnino
1609 1171 1910 1235 fatendum,
1968 1173 2020 1226 in
2072 1174 2160 1225 illa
2197 1190 2328 1244 snp-

767 1268 1051 1337 pnlalionc
1121 1276 1430 1319 nostrorum
1495 1266 1735 1334 quinque
1785 1274 1930 1318 totos
1983 1280 2153 1319 annos
2209 1281 2330 1322 esse

767 1360 1088 1429 superfluos.

838 1454 925 1507 48.
963 1452 1360 1504 Monumentum
1408 1448 1638 1504 Muralis
1697 1452 1750 1504 in
1803 1468 1988 1518 campo
2035 1452 2258 1506 (Iasona.

837 1544 911 1597 De
944 1544 1222 1612 sepultura
1282 1544 1504 1597 Mnratis
1564 1544 1740 1596 obiter
1810 1544 2032 1610 habeto,
2101 1548 2241 1601 tradi
2298 1561 2327 1599 a

767 1639 1121 1706 quibusdam,
1157 1636 1390 1690 cadaver
1417 1637 1533 1700 ejus
1583 1637 1839 1706 Suphiam
1898 1641 2065 1693 fuisse
2132 1641 2328 1708 depor-

771 1741 961 1784 tatum.
996 1729 1098 1783 Alii
1138 1746 1261 1784 cum
1293 1729 1487 1784 Turcis
1555 1731 1919 1796 consentiunt,
1969 1733 2057 1798 qui
2101 1734 2326 1786 Prusam

2426 527 2570 580 enim
2621 527 2733 580 hac
2794 527 2952 580 verba
3009 536 3183 580 sunt:
3240 525 3451 588 Vidina,
3495 542 3615 594 qucc
3665 529 3816 595 prius
3869 540 3984 579 erat

2424 623 2766 690 episcopatus
2798 622 3125 675 sanctissimi
3159 622 3665 690 archiepiscopatus
3699 621 3980 689 Bulgaria-,

2427 717 2479 769 in
2512 714 2850 780 mclt'Opolim
2909 723 3090 767 evecta
3150 724 3250 765 est.
3295 732 3310 761 ι
3371 714 3652 767 Bontinius
3713 713 3982 767 Budinum

2427 807 2694 860 nominat.
2718 804 2942 858 Michael
2978 805 3152 858 Ritins
3187 804 3461 866 Bidinum,
3502 808 3640 874 apud
3674 823 3834 875 quem
3893 819 3984 860 ta-

2429 914 2547 950 men
2587 899 2721 950 male
2761 898 3022 966 scriptum
3056 897 3250 967 legitur
3280 898 3595 962 Biolininm,
3629 917 3724 969 pro
3766 901 3981 955 Bidino.

2428 988 2740 1047 Vidincnsis
2765 996 3135 1064 sangiacatus.
3175 1011 3318 1049 nunc
3374 997 3516 1049 inter
3567 998 3703 1052 alios
3765 996 3984 1066 Bt'gler-

2430 1082 2564 1152 bcgo
2587 1085 2994 1141 Temcsvarensi
3038 1088 3313 1154 subjectos
3363 1099 3697 1150 recensctur,
3749 1090 3816 1142 de.
3881 1105 3987 1157 quo

2430 1173 2582 1242 plura
2622 1191 2721 1229 suo
2750 1176 2890 1236 luco.
2928 1177 2982 1230 in
3013 1176 3210 1230 Notivia
3247 1178 3498 1231 videlicet
3537 1179 3749 1244 imperii
3801 1177 3988 1232 OSuia-

2433 1269 2559 1322 niri.
2589 1269 2768 1324 Citros
2803 1271 2855 1323 in
2903 1271 3115 1324 novella
3145 1269 3342 1325 Lvouis
3380 1273 3720 1341 imperatoris
3780 1273 3988 1339 episco-

2431 1367 2589 1428 patus
2609 1370 2694 1414 est
2726 1361 3044 1427 Thessalim,
3075 1364 3177 1416 sub
3225 1363 3640 1431 metropolitano
3698 1361 3988 1414 Thessalo.

2433 1449 2636 1504 nicensi
2672 1467 2686 1504 :
2726 1450 2939 1506 Buzimc
2974 1454 3212 1521 regionis
3241 1454 3398 1523 vulgo
3430 1469 3648 1522 quoque
3673 1465 3857 1507 notum
3913 1465 3990 1505 est

2435 1547 2877 1599 numen.lnrolas
2909 1547 3152 1600 historici
3187 1546 3358 1600 Grzeci
3409 1549 3596 1602 dixere
3650 1545 3985 1601 Patzinaras.

2432 1636 2650 1704 Origine
2692 1649 2818 1690 sunt
2872 1638 3096 1702 Venedi,
3139 1641 3284 1708 quod
3352 1657 3416 1694 ex
3466 1641 3579 1709 ipsa
3631 1642 3836 1710 lingua,
3895 1659 3990 1703 qna

2437 1738 2662 1780 utuntur
2697 1728 2965 1798 hodieque
3003 1730 3217 1785 Veneda
3251 1733 3440 1799 liquet.
3503 1733 3873 1800 Antiquitates
3907 1734 3991 1781 Im-

774 1833 1074 1875 memorant
1136 1835 1407 1882 avectum,
1463 1829 1516 1873 et
1565 1822 1714 1890 juxta
1767 1823 2029 1876 Thermas
2081 1823 2325 1877 Prusa’as
2364 1805 2402 1858 Β
2436 1835 2551 1871 rum
2584 1819 2850 1874 Cedrinns
2913 1821 2966 1875 in
3025 1821 3385 1878 Monomacho
3435 1827 3677 1894 Augusto
3726 1827 3992 1878 lurulrnte

773 1916 1038 1982 majorum
1075 1915 1440 1969 monumentis
1470 1926 1852 1983 aggregalum:
1903 1915 1974 1969 ita
2033 1926 2230 1979 tanton,
2271 1927 2330 1972 ut

772 2008 923 2071 prius
949 2009 1364 2068 evisceraretnr,
1396 2019 1451 2062 et
1485 2009 1737 2062 intestina
1771 2009 1822 2060 in
1879 2009 2102 2076 planitie
2157 2012 2330 2065 Coso-

774 2115 906 2150 vana
941 2099 1350 2168 (liassovianam
1379 2100 1716 2154 Sansovinus
1765 2101 1962 2168 ubique
2021 2117 2124 2154 non
2163 2113 2331 2172 recte

774 2192 1130 2260 voeat)terr:e
1170 2194 1582 2247 mandarentur.
1625 2194 1680 2248 Id
1751 2211 1938 2247 verum
2002 2210 2121 2248 esse
2179 2197 2335 2250 colli-

773 2285 919 2351 gitur
941 2300 1004 2337 ex
1042 2285 1121 2336 his
1161 2284 1388 2338 Boaﬁnii
1433 2286 1632 2349 verbis,
1685 2287 1880 2356 quibus
1916 2288 2078 2340 etiam
2137 2303 2335 2340 tuonu-

776 2376 965 2437 tuenti,
1004 2391 1069 2429 eo
1106 2377 1226 2429 Ιοευ
1263 2379 1461 2442 relicti,
1533 2379 1800 2447 hodieque
1875 2380 2211 2448 superstitis.
2280 2389 2336 2433 et

777 2470 933 2521 nobis
962 2486 990 2520 a
1017 2469 1309 2524 comitibus
1342 2469 1534 2524 Turcis
1597 2471 1909 2533 monstrati,
1964 2473 2167 2525 mentio
2229 2471 2288 2525 ﬁt
2317 2488 2333 2536 ;

777 2559 834 2612 In
861 2561 1035 2614 media
1067 2562 1286 2630 (inquit)
1313 2561 1423 2616 fere
1463 2564 1690 2632 planitie
1740 2563 1960 2618 Cosovte
2019 2564 2170 2617 collis
2225 2580 2339 2618 mo-

773 2650 927 2705 dicus
957 2654 1216 2719 assurgit,
1277 2654 1432 2722 cujus
1499 2656 1710 2709 radices
1776 2655 2054 2709 Schitniza
2127 2655 2334 2708 lambit.

774 2743 891 2796 Non
927 2745 1094 2796 multo
1121 2743 1381 2807 ulterius,
1433 2745 1496 2797 ad
1535 2754 1700 2814 caput
1763 2748 2024 2815 aequoris.
2088 2747 2333 2815 quaedam

778 2841 944 2891 turris
975 2845 1115 2900 erat,
1149 2838 1428 2905 cujusdam
1459 2838 1588 2889 olim
1647 2837 1927 2892 Amuratis
1985 2839 2226 2892 tumulus
2285 2849 2339 2892 et

783 2929 1018 3000 pyramis
1046 2945 1060 2984 :
1092 2929 1180 2998 qui
1210 2929 1495 2999 proﬂigato
1526 2930 1790 2995 exercitu,
1831 2931 1904 2984 ibi
1935 2946 2106 2986 caesus
2148 2938 2201 2984 et
2253 2947 2338 2984 se-

785 3021 968 3089 pultus
1002 3030 1102 3073 est.
1143 3018 1414 3074 [lat-tenus
1441 3019 1744 3084 Bonliuius,
1773 3023 1928 3089 cujus
1988 3022 2168 3076 verbis
2203 3038 2338 3076 non-

786 3109 919 3162 nihil
955 3110 1331 3162 inhasreamus.
1364 3107 1692 3163 Schitnizam
1743 3111 1830 3164 alii
1868 3111 2198 3164 Scliinittam
2264 3120 2338 3165 te.-

787 3218 934 3254 mere
976 3202 1256 3256 nominare
1295 3205 1521 3255 malunt.
1555 3205 1633 3254 An
1674 3203 1809 3255 idem
1869 3203 2065 3256 ﬂuvius
2121 3203 2190 3257 sit
2219 3219 2340 3256 cum

786 3294 1023 3358 hiorava,
1061 3294 1362 3349 videbimus
1384 3295 1662 3362 deinceps,
1692 3311 1914 3347 numero
1945 3305 2195 3350 notarum
2218 3296 2338 3349 124.

787 3389 1356 3442 Amuratistumnlum
1400 3394 1466 3442 'et
1521 3389 1850 3455 sepulturam
1915 3388 2185 3454 intelligit,
2237 3403 2345 3457 quo

785 3483 904 3534 luco
965 3481 1179 3534 fuerunt
1238 3482 1409 3550 ipsius
1475 3481 1684 3533 condita
1748 3481 1978 3534 viscera.
2045 3480 2342 3546 Quemdam

784 3575 920 3627 dicit
947 3576 1258 3626 Amnratem
1302 3573 1597 3637 indelinitc,
1665 3588 1758 3640 pro
1787 3575 1999 3626 Sullano
2065 3572 2271 3625 Muratc
2306 3571 2344 3624 Ι.

787 3668 1134 3736 t’rulligatum
1174 3666 1324 3734 prius
1366 3668 1439 3720 ait
1488 3667 1811 3730 exercitum,
1869 3681 1974 3718 non
2012 3667 2344 3734 exprimens.

785 3760 1125 3814 Turcicnsne
1151 3759 1468 3829 proﬂigatus
1496 3757 1677 3820 fuerit,
1705 3773 1772 3810 an
1810 3757 2023 3812 hostilis
2051 3761 2344 3820 exercitus,

783 3869 852 3905 ac
883 3853 1075 3906 deinde
1116 3853 1376 3905 Mttratctn
1445 3867 1688 3904 caesum:
1738 3865 1861 3904 cum
1916 3866 2055 3903 Caeso
2123 3849 2347 3914 Mnrate,
2383 3906 2390 3913 _

786 3944 978 3996 Lazari
1014 3943 1214 3998 Servi.e
1259 3944 1517 4013 principis
1547 3945 1848 3996 exercitum
1881 3958 1910 3995 a
1945 3942 2182 4010 Bajazitc
2241 3945 2350 3995 lilio

781 4038 1018 4092 Muralis
1046 4037 1131 4091 hic
1162 4037 1444 4090 audiamus
1477 4037 1641 4090 fuisse
1677 4035 1860 4094 uratlio
1896 4036 2117 4088 victum.

783 4151 875 4205 49.
914 4147 1227 4202 Kirntooum
1278 4164 1424 4199 mons
1466 4146 1688 4215 argenti.
1726 4146 1915 4198 Vidina
1949 4147 2052 4199 sive
2088 4144 2348 4210 Vitlinunt,

1180 4220 1370 4282 (λιι-οδ,
1401 4217 1624 4280 Bozum,
1653 4215 1974 4269 Patziuucw.

864 4311 1176 4365 Kiratovum
1221 4308 1411 4363 Turcis
1486 4293 1788 4378 appellatur
1838 4310 2094 4378 Oppidum
2152 4309 2353 4363 Serviat

793 4404 957 4458 situm
1000 4404 1061 4454 ad
1095 4411 1352 4462 montem,
1389 4417 1549 4469 quem
1604 4403 1984 4470 Argentarium
2049 4414 2261 4464 vocant,
2322 4416 2349 4453 a

2433 1912 2740 1981 descripsit.
2774 1913 2875 1969 Sed
2900 1932 2964 1969 co
2996 1917 3113 1971 loco
3148 1919 3299 1973 deest
3329 1920 3380 1972 in
3411 1920 3559 1973 edito
3593 1919 3828 1973 Cedrinu
3894 1925 3994 1970 tra-

2435 2014 2713 2073 gmentnm
2747 2005 2976 2076 insigne,
3005 2010 3147 2076 quod
3180 2024 3302 2063 cum
3333 2010 3573 2065 historia:
3595 2011 3855 2064 studiosis
3898 2012 3992 2062 ah-

2435 2097 2651 2164 quando
2691 2101 3238 2155 Cumnmuicabimns.
3301 2101 3392 2154 Vir
3423 2103 3565 2155 acris
3611 2100 3804 2167 judicii
3860 2101 3993 2154 Pen-

2436 2203 2618 2252 cerns,
2651 2205 2811 2259 quem
2848 2191 3168 2247 adolescens
3205 2195 3257 2246 in
3306 2193 3652 2264 geometricis
3714 2204 3769 2247 ct
3821 2208 3993 2246 astru-

2440 2278 2675 2332 nomicis
2700 2281 2889 2333 audire
2915 2281 3160 2345 memini,
3199 2281 3612 2338 Pataiuacarum
3655 2298 3751 2336 seu
3823 2283 3995 2336 Patzi-

2440 2387 2699 2424 nacornm
2743 2390 2936 2427 nomen
2970 2391 2998 2428 a
3049 2374 3249 2429 Poziua
3295 2379 3410 2430 sive
3461 2376 3774 2438 Pozinauia,
3833 2378 3994 2430 nubili

2439 2459 2678 2517 Poloniae
2709 2467 3027 2532 municipio.
3059 2469 3306 2522 derivare
3355 2470 3603 2523 solebat:
3650 2472 3796 2540 quod
3847 2471 3900 2522 in
3939 2472 3998 2522 iis

2440 2553 2644 2607 scilicet
2665 2554 2862 2610 liuibns
2887 2556 3183 2627 aliquando
3216 2559 3376 2614 sedes
3404 2560 3660 2614 habuisse
3689 2561 3996 2617 videantur.

2439 2655 2730 2714 antequam
2768 2664 2959 2703 versus
2990 2650 3262 2706 Triballos
3294 2655 3738 2723 commigrarent.
3774 2652 3842 2706 Et
3875 2653 3998 2707 dicti

2441 2737 2693 2793 videntur
2749 2755 2778 2793 a
2813 2741 3015 2796 Graecis
3078 2742 3398 2809 Patzinacm,
3468 2756 3777 2800 nostrorum
3830 2763 3999 2805 inure,

2441 2829 2643 2896 quibus
2677 2829 2964 2887 Bozinachi
3004 2851 3111 2889 non
3150 2838 3305 2890 aliter
3334 2838 3698 2906 appellantur.
3723 2854 3790 2890 an
3826 2838 3994 2898 Naxi.

2445 2924 2695 2980 Slavachi
2727 2942 2742 2980 :
2775 2927 2990 2992 Poloni,‘
3019 2928 3239 2982 l’olachi
3269 2947 3281 2982 :
3324 2930 3519 2991 Βωιιιὶ,
3557 2928 3862 2984 Bmmachi.

2757 3017 2846 3072 50.
2880 3018 3196 3073 Alascltehcr
3243 3023 3295 3073 in
3328 3020 3665 3075 Communia.

2517 3109 2849 3165 Alascheher
2905 3111 3087 3180 lingua
3182 3112 3412 3166 Turcica
3498 3113 3770 3182 signiﬁcat
3829 3114 4001 3166 Altam

2449 3203 2745 3257 civitatem.
2765 3201 2968 3258 Graecis
2999 3220 3105 3258 uno
3125 3205 3392 3258 vocabulo
3447 3204 3723 3258 diceretur
3768 3204 4004 3276 llypsili-

2451 3296 2606 3364 polis.
2639 3293 2742 3350 Sed
2763 3297 3028 3365 ejusmodi
3057 3297 3272 3350 nomine
3310 3296 3457 3349 nulla
3513 3300 3778 3364 reperitur
3839 3301 3890 3350 in
3926 3299 4006 3350 hi-

2450 3390 2633 3444 storiis
2662 3389 2813 3450 urbs.
2837 3405 2936 3443 nec
2974 3391 3114 3457 apud
3149 3390 3518 3459 Gcographos,
3570 3391 3715 3457 quod
3755 3392 4005 3458 equidem

2449 3484 2637 3538 sciam.
2670 3481 2778 3536 Leo
2811 3482 3040 3551 Sapiens
3070 3485 3345 3551 Augustus
3373 3483 3425 3535 iu
3453 3482 3658 3536 novella
3717 3484 3783 3535 dc
3836 3481 4008 3534 Tum.

2452 3575 2536 3628 nis
2559 3573 2660 3628 sub
2684 3573 2968 3642 metropoli
3018 3572 3368 3628 Neocaesaria:
3429 3574 3581 3629 Ponti
3639 3572 4008 3627 Polemoniaci

2456 3655 2700 3720 recenset
2736 3667 3104 3736 episcopatum
3141 3666 3422 3736 llypsilon,
3472 3665 3523 3719 id
3586 3676 3668 3720 est
3725 3667 3897 3719 altum
3932 3668 4010 3717 vel

2450 3757 2758 3811 sublimem.
2807 3756 2950 3809 Idem
2987 3757 3090 3809 sub
3121 3751 3418 3826 Sjnadensi
3470 3754 3713 3826 Phrygia:
3747 3754 4014 3808 Salutat-is

2454 3851 2737 3919 metropoli
2765 3851 2998 3905 collocat
3020 3833 3394 3920 episcopatum
3447 3849 3655 3921 Hypsu,
3723 3853 3872 3920 quod
3931 3851 4013 3904 iti-

2451 3927 2572 3997 dem
2596 3943 2784 3997 Graece
2817 3943 3093 3997 alluditad
3118 3943 3481 3996 altitudinem.
3530 3941 3632 3996 Sed
3683 3958 3752 3995 an
3783 3944 3853 3995 ad
3898 3946 4015 3995 Ala-

2453 4022 2760 4087 soheherim
2827 4049 2891 4088 ea
2925 4035 3145 4088 nomina
3176 4042 3504 4103 congruant,
3572 4043 3630 4086 ut
3693 4036 4019 4086 existimen-

2455 4136 2544 4179 tur
2573 4126 2992 4194 appellationem
3023 4125 3263 4179 Graecam
3314 4124 3476 4210 ’ζυγεὶ
3513 4125 3692 4193 lingua
3734 4142 3836 4180 sua
3896 4128 4019 4179 red-

2454 4217 2937 4286 didisse:judicio
2998 4217 3216 4270 lectoris
3276 4218 3474 4271 eruditi
3541 4217 3820 4284 relinquo.
3884 4217 4019 4284 Quia

2456 4307 2634 4362 ta'men
2668 4298 2850 4363 statim
2883 4308 2972 4363 hic
3002 4308 3252 4376 sequitur
3282 4308 3598 4362 Aidinensis
3639 4311 3755 4377 agri
3785 4315 4021 4371 mentio,

2457 4403 2549 4471 qui
2595 4418 2781 4455 versus
2811 4401 3025 4455 Cariam
3072 4399 3318 4472 Phrygia
3374 4400 3564 4468 majori
3621 4401 3918 4455 ﬁnitimam
3970 4419 4025 4455 sc

796 4497 994 4548 tudinis
1013 4495 1242 4564 argenti.
1267 4494 1509 4547 Gallicus
1541 4495 1808 4562 interpres
1862 4491 2087 4548 Laouici
2133 4495 2352 4549 Rhodo-
2385 4495 2430 4553 D
2459 4493 2782 4562 porrigit,et
2814 4492 3164 4546 Alascheheri
3191 4501 3348 4560 capta
3383 4493 3598 4546 venisse
3646 4493 3911 4561 Bajazitis
3975 4496 4024 4546 in

795 4608 898 4659 pen
935 4590 1081 4644 hunc
1114 4605 1236 4644 esse
1267 4589 1400 4652 vult,
1465 4604 1587 4642 cum
1655 4591 1728 4642 sit
1789 4589 2031 4642 Hieruus.
2084 4590 2367 4642 Antonius

796 4683 1081 4738 Bonﬁnius
1115 4682 1318 4750 argenti
1354 4679 1662 4734 fodinarnm
1707 4680 1758 4733 in
1791 4679 1977 4733 Servia
2025 4680 2352 4731 mentionem

798 4777 948 4837 facit,
986 4785 1043 4827 nt
1074 4774 1360 4827 admodum
1388 4773 1674 4826 nobilium.
1731 4773 2050 4827 Kiratorum
2105 4772 2356 4824 Castaldo

798 4866 1059 4920 scribitur
1090 4865 1344 4921 Cratom.
1385 4866 1523 4932 quod
1573 4864 1713 4917 idem
1750 4873 1834 4916 cst
1896 4879 2018 4916 cum
2081 4861 2356 4915 Kiratovo.

804 4958 1055 5010 \‘idinam
1088 4955 1247 5008 hodie
1277 4956 1491 5016 dicunt,
1525 4969 1688 5022 quam
1745 4951 1952 5005 Marius
2009 4949 2170 5019 Niger
2228 4950 2357 5003 olim

800 5051 914 5102 Vult
945 5048 1264 5117 appellatam
1308 5046 1479 5098 fuisse
1541 5043 1935 5098 Viminacium.
1965 5043 2095 5112 Ejus
2156 5041 2208 5095 in
2266 5039 2360 5094 Ju-

800 5145 1025 5198 Sttltiatti
1061 5141 1288 5210 Augusti
1316 5140 1532 5192 attiissaa
1583 5139 1807 5191 novella:
1861 5137 2014 5189 titulo
2043 5137 2102 5189 ﬁt
2137 5136 2359 5198 mentio,

801 5235 961 5304 cujus
988 5235 1256 5304 epitomen
1294 5235 1345 5284 in
1379 5237 1395 5284 i
1425 5231 1653 5283 aratiths
1721 5230 1857 5281 meis
1912 5228 2115 5280 Graecis
2165 5225 2359 5292 reperi.

801 5329 1109 5382 Satnlnieas
1145 5335 1330 5378 noster
1355 5327 1405 5376 in
1443 5321 1693 5392 Ungarize
1738 5320 2134 5387 chorographia
2188 5317 2362 5386 quod-

804 5427 926 5473 dam
988 5417 1277 5481 Vnninatz,
1343 5418 1618 5472 diversum
1679 5432 1707 5466 a
1773 5413 1987 5474 Vidina,
2043 5428 2166 5466 mox
2225 5411 2364 5464 infra

808 5512 1123 5573 Belgradqu
1149 5512 1322 5580 ponit.
1355 5506 1806 5577 Chalcoronulylis
1838 5507 2106 5574 interpres
2137 5504 2362 5558 Latinus

803 5603 1076 5676 Bydcnam
1141 5603 1394 5662 reddidit,
1425 5616 1587 5669 quam
1661 5599 1924 5668 Vidynam
1989 5595 2224 5649 scribere
2275 5593 2369 5648 de-

805 5699 994 5751 buerat
1021 5710 1032 5746 :
1077 5693 1532 5764 quemadmodum
1572 5692 1768 5759 legitur
1789 5691 1950 5744 etiam
1982 5688 2032 5740 in
2064 5687 2366 5755 posteriore

808 5789 1014 5844 novella
1057 5789 1120 5842 de
1160 5790 1347 5843 ordine
1402 5785 1767 5848 Thronornm,
1827 5799 1989 5852 quam
2039 5781 2093 5834 in
2163 5781 2367 5848 synodo

2458 4595 2777 4654 potestatem
2846 4583 3308 4638 traditnrzfacile
3372 4585 3686 4653 persuaderi
3767 4588 4022 4654 equidem

2461 4673 2593 4725 mihi
2630 4670 2868 4740 paterer,
2897 4672 3155 4740 oppidum
3217 4674 3488 4740 posterius
3551 4673 3762 4742 llypsu,
3817 4678 4027 4729 abolito

2460 4765 2720 4820 vocabulo
2751 4763 2958 4826 Graeco,
3030 4765 3322 4818 Turcicnm
3390 4767 3726 4820 AlaSeheher
3777 4769 4027 4837 ejusdem

2461 4857 2748 4925 siguilieati
2779 4856 2992 4910 diversa
3019 4855 3072 4909 in
3107 4856 3289 4926 lingua
3315 4872 3511 4911 nomen
3539 4862 3842 4926 accepisse.
3867 4860 4027 4931 421

2463 4947 2535 5000 De
2566 4948 2904 5016 regionibus,
2937 4947 3218 5001 Aidinensi
3280 4957 3335 5003 et
3394 4948 3720 5013 Sarchania,
3774 4957 4033 5019 superius

2461 5055 2490 5093 a
2526 5041 2680 5093 nobis
2702 5054 2930 5093 numero
2960 5040 3024 5093 15
3061 5049 3374 5094 tractatum.

2463 5158 2548 5212 51.
2571 5158 2902 5212 Constantini
2928 5175 2959 5208 α
2984 5157 3166 5210 Turcis
3190 5159 3439 5226 appellati
3468 5156 3774 5212 Cra-corum
3801 5161 4033 5227 impera-

2533 5241 2667 5281 tores
2699 5229 3176 5298 ornnes,Nigeboti,
3206 5233 3448 5298 prwlium
3498 5229 3966 5296 Nicopolitanum.

2533 5319 2593 5373 Ei
2622 5319 2932 5373 Grmcorum
2972 5319 3306 5386 imperatori,
3339 5320 3424 5372 cui
3464 5319 3732 5386 Bajazites
3778 5323 4036 5374 intulisse

2466 5414 2914 5473 hcllnmdicttur,
2980 5426 3177 5465 nomen
3213 5421 3331 5464 crat
3391 5409 3628 5465 Joannes
3691 5410 4038 5482 Palaolugus

2465 5500 2872 5570 (Calojoannem
2901 5500 3060 5570 vulgo
3119 5500 3496 5564 nominabant,
3546 5514 3653 5552 non
3708 5516 3737 5553 a
3789 5504 4040 5570 pulchri-

2467 5595 2674 5656 tudine,
2711 5593 2804 5646 sed
2836 5592 3103 5660 bonitate)
3139 5593 3232 5659 qui
3269 5591 3571 5645 Mauuelem
3639 5593 3840 5655 tilium,
3880 5596 4038 5660 cujus

2467 5701 2565 5739 nos
2623 5695 2883 5754 praecepta
2941 5685 3278 5738 educationis
3335 5685 3494 5752 regia:
3526 5683 3716 5736 Latina
3780 5684 4036 5742 fet-imm.

2468 5788 2772 5832 consortem
2819 5779 3032 5848 imperii
3091 5780 3246 5832 vivus
3291 5776 3613 5846 designavit.
3661 5777 4039 5832 Nihiloniuus
