4198 6426
195 385 295 444 773

1312 378 1706 437 PANDECTE
1733 378 1932 435 lilST.
1969 376 2250 435 TURCIC

3292 383 3398 443 774

196 495 332 547 hunc
364 492 524 546 Turci
548 491 965 545 Constantinum
1000 496 1217 547 vocant,
1272 504 1379 540 non
1429 486 1693 541 Joannem
1722 502 1736 537 :
1767 492 1813 550 Α
1841 500 2028 540 contra
2054 487 2347 555 Bajazitem
2376 487 2625 541 maximis
2655 506 2773 543 eum
2799 492 2969 559 copiis
2986 493 3195 547 Temire
3214 497 3398 551 (lhaue

192 597 415 651 prorsus
440 582 625 634 eadem
652 595 812 633 causa
845 594 1005 647 quam
1041 595 1225 646 supra,
1276 594 1501 631 munero
1560 579 1648 641 46,
1672 579 1739 631 de

191 674 387 727 Serviae
419 671 655 740 despotis
687 671 1060 739 exposuimus,
1094 671 1185 739 qui
1219 670 1468 722 similiter
1499 670 1581 724 eis
1635 669 1739 722 lia-

191 765 298 818 zari
332 774 589 817 vocantur
625 778 838 825 omnes,
874 772 926 815 et
975 762 1230 830 Bulcogli.
1283 762 1606 829 Quanquam
1638 765 1741 814 hoc

191 872 403 925 quoque
435 872 641 919 verum,
696 856 860 907 videri
919 854 1135 908 Grzecos
1181 854 1326 921 ipsos
1389 854 1739 919 imperatores

192 950 472 1004 aﬂectaSse
498 949 841 1003 Constantini
876 963 1096 1008 nomen,
1130 957 1188 1000 ut
1219 950 1388 1000 nostri
1423 946 1650 999 Caesaris
1687 956 1740 999 et

190 1041 458 1106 Augusti,
533 1049 786 1107 tanquam
852 1038 1012 1107 primi
1069 1036 1617 1105 ConstantinopoleOs
1688 1047 1742 1091 et

188 1132 477 1186 Orientalis
508 1132 718 1199 imperii
778 1131 1098 1184 conditoris.
1142 1131 1232 1183 Sic
1291 1129 1570 1182 lli-raclius
1628 1131 1738 1179 An-

188 1237 377 1293 gustus
424 1225 474 1276 in
536 1222 774 1275 Νονυιιὶε
814 1222 949 1281 suis,
1016 1236 1150 1288 quas
1214 1220 1419 1288 aliquot
1477 1220 1739 1271 habemus

191 1316 420 1368 necdum
489 1317 683 1373 editas.
768 1314 1074 1367 Ileraclium
1150 1312 1318 1366 lilium
1395 1312 1740 1377 cognominat

190 1409 339 1462 Neon
376 1412 490 1463 sive
516 1424 737 1468 novum,
778 1417 870 1460 aut
900 1408 1196 1475 juniorem,
1227 1414 1317 1457 aut
1342 1404 1567 1459 alterum
1598 1403 1741 1455 Con-

186 1503 511 1554 5tantinum.
563 1503 653 1555 Sic
708 1507 759 1554 in
852 1502 1179 1552 monasterio
1229 1495 1692 1562 Constantinopoli
1723 1534 1737 1556 ,

186 1595 329 1659 quod
360 1592 530 1647 Grmci
558 1593 947 1660 Sidona-vulgo
974 1600 1189 1651 vocant,
1218 1588 1543 1657 appellatus,
1568 1602 1742 1655 quon-

183 1686 308 1736 datn
338 1683 675 1750 Peribleptw,
710 1685 823 1736 sive
879 1683 1282 1750 spectatissima:
1334 1679 1591 1746 Deiparze,
1637 1679 1739 1728 Ar-

186 1779 598 1843 meniornmque
628 1777 799 1830 sacris
829 1790 973 1828 nunc
1007 1776 1267 1834 dicatum,
1329 1786 1518 1825 versus
1584 1768 1735 1822 occi-

180 1869 451 1921 dentalem
487 1869 668 1936 templi
700 1876 902 1937 partem
963 1866 1187 1933 Michael
1234 1864 1566 1934 Palwologus
1631 1865 1733 1914 im-
1769 1863 1809 1917 Β

177 1973 398 2030 perator
430 1976 549 2014 cum
584 1960 865 2013 Theodora
895 1960 1132 2028 Augusta
1162 1958 1335 2026 pictus
1369 1954 1727 2023 conspicitur,

176 2054 321 2106 inter
356 2065 646 2122 utrumque
725 2061 999 2121 parentem
1050 2051 1317 2104 collocato
1368 2047 1734 2102 Constantino

176 2149 310 2209 ﬁlio,
338 2158 458 2200 cum
494 2146 846 2213 inscriptione
880 2144 1098 2212 triplici.
1150 2142 1345 2196 Prinne
1392 2140 1554 2195 verba
1606 2148 1734 2193 sunt

176 2240 313 2296 inec.
344 2254 462 2307 quae
490 2237 675 2292 Latine
710 2236 998 2307 proferam,
1024 2234 1208 2288 Graeca
1244 2249 1367 2288 cum
1417 2231 1537 2286 aliis
1579 2231 1735 2320 datu-

171 2346 273 2384 rus
301 2330 459 2383 alibi:

558 2480 785 2519 IICIIAEL
818 2478 869 2517 IN
897 2477 1125 2517 οηιιιςτο
1173 2476 1273 2516 οεο

559 2552 761 2590 FIDEIJS
797 2551 895 2588 ΒΕΑ
928 2549 993 2587 ET
1023 2547 1325 2586 IMPERATOR
1345 2572 1359 2593 ,

563 2622 744 2659 [πως.
780 2619 1031 2667 ascvas,
1054 2618 1345 2666 consmvs,

555 2692 622 2729 ET
662 2692 825 2730 NOVVS
856 2691 1127 2728 CONSTANT
1140 2689 1273 2726 |NVS.

238 2794 399 2860 Quod
426 2793 514 2845 ille
541 2805 835 2857 cognomen
876 2788 1213 2842 Constantini
1254 2787 1424 2855 magis
1484 2787 1726 2856 profecto

165 2888 368 2943 mereri
408 2885 706 2942 videbatur.
745 2899 903 2950 quam
938 2882 1050 2941 alii,
1085 2890 1302 2949 propter
1339 2894 1719 2949 recuperatam

161 2979 411 3049 expulsis
449 2975 695 3030 Flandris
729 2974 1273 3042 Constantinopolim.
1342 2971 1536 3026 Urbem
1594 2990 1725 3026 vero

162 3069 653 3143 Nigcbolim'l‘urci
706 3075 920 3127 vocant,
988 3083 1109 3136 quas
1164 3066 1358 3136 priscis
1414 3082 1443 3119 a
1494 3066 1721 3120 victoria

159 3166 391 3231 Traiani
426 3160 648 3229 Augusti
683 3162 748 3213 de
786 3159 1052 3211 Dacorum
1103 3174 1228 3226 rege
1266 3157 1528 3211 Det-ebalo
1582 3160 1722 3210 dicta

156 3256 265 3309 fuit
307 3254 596 3322 Nicopolis.
661 3252 728 3305 Ea
782 3252 976 3320 duplex
1006 3260 1108 3316 est,
1172 3250 1345 3318 major
1406 3259 1458 3304 et
1514 3249 1721 3302 minor:

154 3364 309 3418 quas
334 3346 542 3399 medius
572 3362 663 3398 rex
689 3344 975 3397 ﬂuviorum
1021 3342 1297 3396 Danubius
1355 3342 1722 3395 interlabitur.

154 3437 343 3492 Hodie
373 3438 723 3504 Sangiacatos
754 3434 1126 3500 Nigebolensis
1163 3433 1266 3487 sub
1298 3430 1558 3487 Rumeliae
1611 3436 1725 3488 sive

150 3532 391 3586 Gracia:
422 3528 740 3594 beglerbego
766 3537 1036 3580 censetur.
1096 3526 1321 3580 Nomine
1357 3528 1497 3593 regis
1550 3525 1724 3597 Unga-

146 3637 354 3678 rorutn
387 3620 703 3687 intelligitur
734 3618 1146 3686 Sigismundus,
1181 3621 1270 3685 qui
1304 3628 1489 3683 postea
1544 3619 1723 3671 Iactus

147 3716 263 3769 fuit
298 3713 612 3781 imperator.
636 3710 683 3764 ls
712 3726 855 3764 anno
899 3710 1210 3763 Christiano
1244 3708 1381 3762 1592
1424 3708 1718 3778 Nicopolim

140 3810 401 3868 obsedit,
434 3807 510 3859 uti
546 3804 825 3856 Bonlinius
860 3813 1267 3858 commemorat.
1326 3802 1629 3865 Geufrzeus,
1667 3814 1721 3856 et

140 3904 241 3954 alii
304 3898 549 3969 quidam,
607 3906 897 3964 pugnatum
966 3896 1155 3946 volunt
1206 3909 1349 3947 anno
1403 3893 1559 3957 i596,
1596 3910 1719 3963 pro—

138 3993 297 4047 festo
333 3989 674 4045 Michaelino.
709 3988 811 4040 Sed
855 4000 983 4040 vero
1037 3988 1270 4040 similius
1327 3998 1429 4049 est,
1488 3989 1630 4057 quod
1685 4005 1714 4042 a

133 4080 356 4136 Turcis
384 4081 547 4132 etiam
606 4078 738 4130 tradi
770 4094 850 4141 ur,
915 4093 1036 4130 cum
1074 4092 1102 4128 a
1155 4075 1503 4146 Sigismundo
1556 4076 1719 4132 Nico-

130 4173 291 4242 polis
328 4178 753 4236 oppugnaretur,
780 4182 846 4221 eo
874 4182 931 4221 se
966 4183 1089 4220 cum
1129 4168 1372 4221 exercitu
1423 4167 1714 4237 Bajazitcm

128 4264 442 4318 obsidione
495 4260 1036 4328 Constantinopoleos
1121 4262 1294 4313 soluta
1375 4262 1712 4314 contulissu

125 4357 399 4424 dumque
430 4354 541 4407 suis
567 4354 806 4407 obsessis
857 4368 1173 4407 succurrere
1230 4356 1513 4416 niteretur,
1571 4369 1716 4409 anno

121 4448 405 4515 proximo
439 4444 568 4497 1593
588 4444 825 4511 pra-lium
844 4442 1014 4496 fuisse
1036 4444 1414 4499 commissum.
1447 4445 1508 4497 Et
1536 4461 1713 4500 annos

121 4539 238 4591 iste
276 4534 637 4588 Christianus
673 4532 1055 4587 Mahumetano
1088 4534 1210 4598 794,
1272 4551 1379 4603 quo
1412 4548 1707 4605 pugnatum
1746 4570 1790 4624 Β

118 4628 393 4680 Annales
434 4625 604 4687 aiunt,
650 4623 955 4691 respondet.
1006 4624 1388 4693 lmpressiouis
1436 4638 1714 4682 nocturnae

118 4718 286 4771 nulla
332 4715 539 4768 mentio
557 4715 694 4782 apud
722 4724 936 4767 nostros
966 4713 1281 4773 historicos.
1335 4716 1712 4783 FroisSardus,

113 4809 462 4870 Bouﬁnius,
522 4805 820 4866 Geufrsrus,
886 4807 1053 4873 praelii
1094 4818 1199 4860 tam
1268 4807 1557 4863 infeliciter
1616 4828 1715 4879 pu-

114 4903 282 4971 gnati
324 4901 547 4967 culpam
584 4900 637 4951 in
687 4898 963 4953 Gallorum
1017 4903 1348 4969 paoterviam
1404 4904 1711 4967 conterunt,

111 5000 275 5049 sicut
346 5007 421 5045 ex
461 4993 698 5060 ipsorum
747 4994 1152 5047 narrationibus
1206 5010 1557 5066 cognoscere,
1619 4998 1712 5065 qui

112 5086 302 5145 volet,
352 5092 563 5151 potest.

359 5173 453 5228 52.
489 5171 606 5226 Pax
640 5175 777 5228 inter
805 5174 1097 5244 Bajazitcm
1157 5191 1204 5231 et
1255 5178 1494 5234 Grazcos.

181 5266 498 5334 Nusquam
523 5268 723 5321 nostris
756 5267 809 5319 in
835 5269 1081 5323 historiis
1122 5271 1314 5339 legitur
1342 5313 1358 5337 ,
1414 5273 1707 5341 Baiatitem

102 5373 243 5413 cum
292 5352 556 5409 obsessis
611 5352 1089 5425 Constantinopoli
1151 5370 1262 5415 toto
1318 5364 1399 5416 vel
1451 5365 1710 5420 octennio

101 5452 193 5505 vel
229 5447 549 5507 decennio,
587 5445 791 5501 Graecis
839 5451 1175 5519 principibus
1244 5470 1430 5522 pacem
1462 5458 1655 5513 fecisse
1691 5476 1705 5513 :

98 5545 309 5597 minus
344 5538 543 5596 etiam,
571 5538 713 5605 quod
747 5554 1002 5606 expressa
1059 5543 1111 5595 in
1149 5544 1448 5599 Annalibus
1500 5551 1707 5602 condi-

98 5636 287 5695 tione,
319 5631 403 5683 de
462 5629 783 5697 recipiendis
835 5632 889 5685 iu
951 5635 1136 5687 urbem
1201 5636 1421 5704 Turcis,
1476 5657 1538 5693 ea
1602 5658 1703 5711 pax

95 5726 255 5779 facta
288 5718 510 5775 fuerit:
543 5722 636 5774 sed
671 5724 803 5777 urbe
860 5726 1081 5796 jatnjam
1120 5733 1382 5799 peritura,
1445 5751 1542 5788 nec
1590 5753 1706 5804 (th-

92 5825 311 5870 natum
367 5814 759 5879 supervenisse
830 5819 1045 5870 tradunt
1103 5823 1387 5887 auxilium,
1453 5838 1703 5880 movente

1844 578 2187 632 Tatarorum.
2221 582 2285 631 At
2315 594 2443 631 vero
2472 595 2591 631 eum
2640 584 2778 650 apud
2809 582 3105 638 Laonicum
3165 588 3395 656 legatur.

1845 671 2109 738 ingratum
2142 687 2265 741 erga
2292 685 2496 741 patretn
2533 672 2698 725 [ilium
2757 673 3147 741 Andronicum,
3188 679 3311 732 dum
3367 696 3395 732 a

1844 763 2077 832 Bajazite
2107 781 2272 834 regno
2320 770 2513 834 przclim
2548 775 2792 835 cuperet,
2850 768 3018 835 eiecto
3076 781 3224 839 patre
3290 773 3397 825 Ca-

1842 855 2113 923 lojoanne,
2144 871 2265 910 cum
2300 857 2544 912 Manucle
2580 860 2689 912 ﬁlio
2710 861 2860 928 regni
2903 873 3175 921 consorte.
3215 866 3395 915 verbis

1844 948 1981 1000 iltlt'l‘.
2008 948 2110 1001 alia
2146 948 2341 1003 talibus
2375 967 2531 1005 nsum
2565 969 2578 1005 :
2646 953 2863 1010 llabcbo
2890 956 2943 1009 in
2980 958 3112 1011 urbe
3156 958 3393 1026 judicem

1842 1040 1952 1092 sive
1985 1040 2292 1107 pmfertum
2318 1043 2553 1099 Turcutn
2582 1061 2594 1097 :
2632 1063 2738 1100 non
2771 1049 3021 1102 absimile
3053 1066 3179 1102 vero
3211 1051 3394 1114 fuerit,

1842 1134 2088 1199 adigente
2127 1133 2360 1203 Bajazite
2406 1139 2624 1194 Graecos
2662 1141 2729 1195 ad
2788 1154 3082 1195 extremam
3145 1146 3400 1211 desp.-ra--

1845 1223 2062 1286 tionem,
2099 1228 2309 1282 tandem
2341 1247 2528 1285 eorum
2583 1233 2962 1301 imperatores,
2998 1232 3385 1301 Calojoannem

1841 1322 1892 1365 et
1935 1313 2253 1380 Manuelem,
2288 1318 2339 1370 in
2375 1320 2425 1373 id
2458 1322 2618 1374 etiam
2652 1337 2932 1383 assensus,
2960 1326 3102 1390 quod
3136 1324 3275 1375 ultro
3328 1324 3396 1375 de

1841 1404 2033 1459 Turcis
2068 1407 2117 1459 in
2148 1409 2331 1461 urbem
2354 1412 2704 1469 admittendis
2732 1415 3077 1469 Andronicus
3104 1417 3394 1469 obtulerat.

1839 1498 1951 1549 Cur
1980 1501 2123 1551 enim
2156 1501 2463 1557 habiturum
2498 1520 2556 1558 se
2598 1506 2837 1573 judicem
2874 1507 3110 1562 Turcmn
3164 1509 3392 1575 promit-

1841 1590 2008 1651 tebat,
2042 1592 2084 1643 si
2108 1592 2240 1645 tmlli
2287 1605 2439 1647 erant
2492 1596 2543 1648 in
2578 1601 2707 1650 urbe
2754 1599 3088 1652 domicilium
3148 1599 3391 1653 habituri

1840 1679 2024 1741 Tui-ci,
2057 1683 2253 1747 quibus
2288 1685 2373 1737 ille
2398 1687 2596 1741 Cadius
2628 1689 2742 1741 sive
2772 1691 2938 1757 judex
2968 1691 3020 1743 in
3049 1693 3391 1746 occurrenti-

1842 1771 1940 1825 bus
1962 1775 2347 1829 contrm-ersiis
2374 1776 2465 1839 jus
2497 1779 2743 1833 diceret?

2133 1863 2220 1918 55.
2258 1864 2525 1937 Melutige,
2574 1868 2804 1934 Silistra,
2848 1870 3073 1941 Empoli.

1907 1953 2037 2020 Qum
2064 1956 2130 2008 sit
2165 1959 2293 2011 urbs
2329 1959 2594 2032 Melatlge,
2631 1965 2697 2018 de
2733 1965 2816 2018 his
2854 1964 3071 2019 Laonici
3100 1968 3273 2021 Verbis
3308 1970 3392 2023 in-

1838 2049 2130 2115 telligitur:
2182 2051 2306 2104 Post
2354 2052 2617 2109 Ertzicam
2675 2060 2900 2127 (rectius
2935 2060 3239 2127 scripsisset
3301 2062 3386 2114 itt-

1835 2148 2040 2204 terpres
2070 2140 2396 2207 Ertzincam,
2438 2146 2517 2201 vel
2569 2147 2900 2220 Ertzingam.
2923 2153 3121 2221 duplici
3152 2158 3386 2223 gamma)

1832 2242 2065 2300 captam,
2111 2251 2432 2306 progressus
2490 2238 2774 2310 Bajazitcs,
2845 2244 3117 2300 Melitinen
3162 2250 3385 2307 urbem.

1833 2324 2091 2395 Euphrati
2127 2329 2463 2399 impositam,
2511 2334 2563 2387 in
2598 2336 2929 2391 deditionem
2963 2340 3195 2408 accepit.
3252 2338 3388 2393 Hinc

1830 2418 1971 2472 enim
1996 2430 2165 2487 paret,
2224 2420 2504 2494 Melatigen
2556 2425 2764 2483 Turcos
2814 2429 3016 2491 dicere.
3080 2448 3201 2501 quze
3257 2434 3385 2487 olim

1830 2522 2018 2563 vocata
2044 2510 2201 2565 l'ucrit
2232 2511 2489 2570 Melitine.
2522 2516 2905 2589 Prothysteron
2933 2522 3385 2578 duntaxatauim.

1830 2603 2242 2670 advertendum,
2310 2609 2454 2676 quod
2505 2609 2656 2679 prius
2692 2610 3002 2683 Ertzingam
3062 2631 3092 2669 a
3152 2617 3388 2684 Bajazite

1830 2705 2040 2762 captam
2077 2696 2242 2751 fuisse
2259 2712 2672 2763 commemorat.
2696 2721 2860 2772 quam
2898 2704 3175 2760 Melitinen
3208 2726 3221 2760 :
3261 2726 3383 2761 cum

1828 2802 1857 2840 a
1890 2786 2076 2842 Turcis
2104 2791 2439 2845 contrarium
2467 2795 2759 2849 scribatur.
2798 2796 2892 2850 Est
2934 2810 3115 2851 autent
3147 2799 3388 2855 Melitine

1828 2877 1992 2933 Leoni
2065 2880 2308 2951 Augusto
2353 2885 2404 2937 in
2468 2887 2675 2942 novella
2716 2891 2780 2943 de
2838 2890 3073 2947 Thronis
3120 2895 3387 2951 Armenia:

1827 2972 2077 3025 secunda:
2111 2976 2446 3042 metropolis.
2480 2977 2536 3031 In
2571 2978 2830 3035 Anatoliie
2853 2983 3210 3053 descriptione
3260 3006 3387 3059 geo-

1828 3063 2088 3131 graphica
2150 3068 2387 3135 reperire
2460 3080 2544 3123 est
2608 3070 2875 3127 Malatiam
2940 3075 3005 3127 ad
3058 3076 3384 3146 Euphratem

1832 3156 2078 3221 lluvinm,
2112 3172 2232 3224 qua:
2264 3157 2565 3214 Tui-corum
2608 3174 2689 3216 est
2712 3166 2798 3217 illa
2823 3166 2935 3219 sive
2976 3168 3244 3239 Melatige,
3273 3175 3387 3225 sive

1832 3247 2061 3311 Melatie,
2120 3250 2430 3305 Graecorum
2499 3253 2773 3319 Melitine,
2867 3260 3165 3317 collocaute
3248 3266 3387 3318 hanc

1832 3340 1992 3393 etiam
2016 3338 2250 3396 Laonico
2278 3360 2443 3411 super
2493 3345 2823 3415 Euphratem
2874 3353 3118 3407 ﬂuvium.
3160 3354 3387 3410 Silistsat

1833 3449 2027 3487 nomen
2053 3436 2318 3504 hodieque
2348 3435 2542 3494 Turcis
2574 3451 2781 3507 notnm,
2829 3445 3067 3501 civitatis
3119 3450 3170 3501 in
3210 3449 3384 3509 Mar-e-

1831 3523 2013 3585 donia,
2042 3523 2128 3576 ubi
2154 3525 2485 3583 Silistreusis
2544 3529 2796 3600 Sangiaci
2853 3536 3030 3601 sedes,
3082 3538 3241 3610 422
3275 3542 3385 3594 Bn-

1832 3615 2003 3668 mehaa
2036 3616 2150 3668 sive
2199 3617 2419 3673 Graecia:
2464 3622 2781 3693 bcglerbrgo
2834 3630 3080 3695 subjecti.
3145 3633 3385 3701 Empolis

1832 3709 1971 3762 haud
2002 3712 2134 3770 scio,
2165 3726 2233 3763 an
2276 3729 2382 3766 non
2412 3713 2483 3768 sit
2519 3715 2858 3785 Amphipolis
2880 3762 2896 3784 ,
2957 3722 3129 3777 vii-ina
3183 3725 3381 3784 Serris.

1827 3799 1893 3851 de
1913 3815 2018 3867 qua
2051 3800 2255 3853 dictum
2317 3817 2434 3869 cap.
2505 3804 2594 3859 45.
2642 3806 2900 3863 Lembalo
2965 3814 3182 3881 quidem
3227 3831 3378 3884 repe-

1828 3893 1965 3946 ritur
1996 3894 2045 3945 in
2070 3891 2274 3945 Graecia
2302 3893 2575 3959 CastalJi,
2627 3899 2729 3952 sita
2786 3915 2973 3956 versus
3036 3902 3381 3960 Thessaloni-

1825 3998 1966 4046 cam,
1987 3981 2192 4035 Emboti
2224 3981 2453 4037 fortasse
2483 3983 2880 4048 Turcica.cum
2913 3993 3140 4049 articulo
3170 3994 3378 4051 Italico:

1825 4075 1931 4129 nisi
1964 4077 2087 4143 quis
2118 4075 2289 4138 malit,
2342 4081 2523 4132 datum
2589 4080 2708 4134 loco
2762 4100 2960 4138 nomen
3014 4087 3082 4141 ab
3114 4087 3377 4149 Embolo.

1825 4179 2035 4235 propter
2062 4171 2468 4227 similitudinem
2509 4190 2631 4228 cum
2678 4187 2854 4229 rostro
2890 4180 3060 4233 navis.
3096 4181 3198 4235 Sed
3252 4183 3380 4237 Am-

1824 4261 2082 4329 phipolim
2118 4266 2297 4333 potius
2325 4267 2411 4319 hic
2435 4267 2671 4321 arbitror
2703 4270 2956 4339 intelligi.

1822 4376 1908 4431 54,
1939 4376 2288 4454 Despo_tarum
2344 4382 2574 4454 dignitas
2605 4399 2624 4437 :
2659 4385 2858 4449 Crules,
2899 4387 3175 4441 Cra/(cna.
3220 4391 3379 4454 Quis.

1888 4463 2012 4522 nam
2081 4448 2271 4522 Turcis
2340 4448 2535 4505 lfulcus
2594 4456 2808 4522 despota
2846 4448 2885 4510 7:
2931 4448 3376 4514 Uulcovitziernm

1893 4518 2235 4589 (analogia.

1892 4628 1949 4683 In
1979 4628 2287 4686 Graiorum
2318 4634 2545 4702 imperio
2584 4637 2772 4698 prima.
2813 4641 3113 4694 secundum
3171 4644 3375 4712 regiam

1820 4721 1902 4775 vel
1928 4722 2331 4792 imperatoriam
2367 4729 2728 4796 maiestatem,
2754 4732 2990 4801 dignitas
3015 4745 3133 4787 erat
3184 4754 3371 4790 eorum

1817 4830 1954 4881 quos
1988 4816 2085 4885 ipsi
2124 4821 2387 4873 vocabant
2434 4821 2831 4889 despotas:uti
2898 4826 3082 4879 videre
3136 4828 3259 4881 liei-t
3320 4832 3373 4882 in

1814 4906 2115 4961 alliciorum
2137 4911 2319 4977 palatii
2376 4913 2644 4982 catalogo,
2700 4919 3027 4987 passimque.
3064 4919 3269 4975 Graecis
3318 4925 3372 4975 in

1817 4999 2080 5052 historiis.
2135 5001 2311 5056 Vicini
2378 5007 2673 5074 principes,
2696 5006 3020 5062 Graecorum
3067 5016 3371 5081 exemplum

1815 5090 2032 5156 imitati,
2066 5108 2125 5146 te
2161 5110 2378 5163 quoque
2402 5094 2656 5164 despotas
2727 5102 3075 5154 nominarunt
3098 5143 3114 5165 ,
3148 5119 3372 5172 praescr-

1817 5184 1910 5236 tiut
1934 5184 2168 5253 Bulgari,
2206 5186 2491 5256 Serviique
2518 5207 2531 5243 :
2563 5190 2687 5244 licet
2720 5192 2941 5246 eosdem
2991 5194 3269 5251 videamus
3316 5199 3369 5250 in

1812 5276 2118 5330 Graecorum
2147 5278 2386 5333 historiis
2422 5280 2690 5335 interdum
2718 5286 2864 5348 regio
2889 5300 3109 5353 quoque
3144 5290 3366 5343 'censeri

1814 5370 1992 5431 titulo,
2042 5383 2165 5423 cum
2207 5371 2397 5427 Cralcs
2446 5389 2541 5443 pro
2611 5376 2855 5444 despotis
2894 5378 3257 5446 appellantur,
3314 5392 3370 5435 et

1812 5458 2051 5525 ipsorum
2077 5460 2335 5529 conjuges
2358 5462 2636 5529 Crahena-,
2687 5480 2784 5533 pro
2819 5466 3078 5535 dcspinis.
3127 5470 3273 5524 ldcm
3317 5473 3367 5524 iu

1813 5550 2014 5603 nostris
2061 5551 2225 5604 etiam
2286 5554 2714 5610 observavimus.
2767 5556 2857 5609 Sic
2911 5558 3052 5612 enim
3129 5558 3369 5617 Thomas

1811 5641 2149 5697 Ebendorius
2180 5645 2233 5697 in
2264 5646 2569 5703 Austriacis
2596 5651 2883 5705 annalibus
2916 5658 3302 5724 inanuscriptis
3349 5676 3363 5711 :

1810 5735 2067 5799 Elisabet,
2106 5739 2299 5805 inquit,
2332 5738 2437 5792 tilia
2466 5739 2727 5795 Friderici
2762 5743 3030 5815 Austriaci
3084 5749 3225 5811 regis
3257 5746 3368 5801 Ro-

1813 5842 2094 5880 manorum
2124 5828 2444 5897 desponsata
2466 5831 2560 5884 fuit
2593 5833 2885 5901 aliquando
2906 5833 3096 5889 Joanni
3129 5834 3367 5891 Boberro
