4198 6426
230 329 326 391 ΤΠ
1364 319 1761 387 l’ANDECTE
1798 324 1995 386 illS'l‘.
2028 322 2128 383 'l‘U
2147 319 2339 381 HClC.

3374 301 3482 371 ’ΠΒ

228 446 296 497 tis
339 441 556 513 agnitos
606 441 941 511 imaginibus
998 449 1255 509 expetunt
1311 440 1625 494 :nidissime
1658 457 1668 492 :
1704 452 1801 493 nec
1834 446 1877 500 Α
1909 435 2178 491 Laonicus
2215 437 2311 497 ait,
2362 430 2565 486 'l‘ekien
2607 444 2729 484 esse
2778 428 3055 499 regionem
3104 436 3161 481 ut
3196 425 3480 497 Bithynia,

222 535 492 597 dubitent,
532 535 696 589 modo
718 549 777 589 se
810 550 908 601 pro
932 532 1211 587 mercibus
1238 532 1352 585 suis
1382 547 1477 585 eos
1513 532 1799 585 habituros

227 626 559 695 intelligant,
590 624 659 679 de
706 624 986 679 communi
1043 624 1221 691 pretio
1277 622 1525 675 trientem
1553 633 1632 674 \‘t'l
1669 638 1801 690 qua-

224 720 471 773 drantem
527 718 823 772 remittere.
891 716 970 771 Ne
1051 718 1267 784 pondus
1318 715 1539 785 quidem
1607 717 1799 768 horum

223 813 530 881 explorant,
586 810 733 881 quod
764 819 943 865 tamen
995 810 1050 864 in
1094 808 1301 865 sultani
1336 808 1422 863 sui
1478 810 1801 877 ueterisque

225 906 458 959 monetis
481 905 721 969 usitatis,
755 903 1078 974 scrupulose
1116 902 1295 957 facere
1322 902 1519 955 solent.

224 1041 311 1097 56.
349 1041 457 1096 Cur
488 1043 834 1107 imperatores
869 1037 1177 1120 Grrecorum
1213 1053 1245 1090 a
1291 1029 1479 1089 Turcis
1509 1036 1638 1089 dicti
1676 1034 1800 1104 Teg-

907 1126 1106 1179 gtures.

292 1222 591 1292 Teggiures
620 1237 810 1291 supra,
848 1237 1080 1275 numero
1122 1221 1208 1286 15,
1258 1219 1500 1273 diximus
1535 1235 1563 1271 a
1603 1215 1803 1271 Turcis

232 1317 534 1385 appellatos
565 1315 884 1369 Graecorum
930 1326 1042 1366 tam
1092 1312 1144 1367 in
1181 1310 1431 1372 urbibus.
1465 1325 1627 1380 quam
1681 1323 1803 1377 pro-

219 1410 441 1471 vinciis,
472 1408 758 1477 praesides.
796 1405 1003 1460 Nomen
1044 1406 1223 1473 ipsum
1257 1422 1284 1457 a
1317 1403 1545 1457 solertia
1579 1400 1802 1454 militari

220 1502 517 1555 deducunt.
549 1498 614 1553 Et
636 1501 844 1553 scimus
869 1499 969 1553 bos
1002 1515 1029 1550 a
1051 1495 1256 1551 Grascis
1289 1512 1400 1550 non
1424 1496 1592 1550 duces
1616 1494 1802 1557 modo,

219 1594 313 1662 qui
340 1603 467 1646 sunt
497 1593 576 1646 eis
615 1590 941 1660 Higeinones
972 1631 985 1653 ,
1026 1607 1211 1643 verum
1253 1588 1419 1643 etiam
1455 1587 1723 1657 Stratigos
1752 1597 1805 1641 et

222 1687 536 1741 Stratilatas
567 1687 766 1750 dictos,
809 1685 1095 1741 vocabulis
1135 1685 1302 1738 (luces
1341 1682 1608 1737 militares
1637 1681 1802 1749 signi-

221 1780 532 1832 ﬁcantibus.
584 1778 740 1844 Quod
788 1788 969 1831 autem
998 1776 1162 1831 Turcl
1223 1777 1554 1847 'l‘egginrum
1603 1789 1801 1827 nomen
1830 1783 1880 1842 Β
1912 1776 2240 1868 “licentius

217 1873 385 1925 etiam
421 1871 737 1926 Graecorum
774 1870 1201 1941 imperatoribus
1236 1870 1572 1935 tribuerunt,
1596 1884 1662 1922 ex
1696 1868 1802 1920 alia

220 1966 371 2019 nulla
400 1964 603 2019 factum
639 1977 722 2021 est
766 1980 962 2031 causa,
1032 1978 1197 2035 quam
1256 1962 1528 2017 irrisionis
1584 1972 1637 2015 et
1672 1976 1805 2015 con-

219 2066 487 2126 temptus,
539 2059 695 2127 quasi
725 2058 935 2113 scilicet
985 2057 1373 2128 imperatorum
1406 2054 1625 2109 nOmine
1655 2051 1803 2122 digni

219 2166 331 2204 non
359 2161 565 2212 essent,
590 2150 683 2217 qui
723 2151 1075 2220 perangustis
1122 2149 1319 2204 inclusi
1351 2148 1573 2211 liuibus,
1608 2147 1804 2217 ipsius-

218 2259 330 2311 que
393 2246 795 2313 propemodum
873 2243 1435 2312 Constantinopoleos
1523 2241 1803 2295 mcenibus

219 2333 652 2403 circumscripti,
680 2334 941 2403 praesides
975 2336 1129 2387 urbis
1156 2334 1361 2402 potius,
1387 2346 1550 2401 quam
1580 2330 1800 2397 augusti

220 2432 599 2490 Romanorum
634 2432 848 2502 imperii
883 2446 1036 2503 reges
1062 2432 1167 2484 diei
1193 2438 1558 2484 mererentur.
1579 2425 1801 2479 Laoniri

220 2534 381 2587 locus
411 2542 492 2584 est
516 2530 569 2581 in
602 2526 855 2581 liis-toria:
885 2525 1178 2594 principio,
1210 2538 1317 2593 quo
1347 2521 1535 2592 paucis
1558 2518 1801 2589 exponit,

219 2640 385 2694 quam
439 2622 491 2675 in
549 2632 763 2674 arctnm
822 2619 1026 2670 redacti
1084 2616 1301 2669 tandem
1358 2614 1563 2668 iuerint
1590 2612 1803 2680 imperii

220 2716 401 2771 Graeci
438 2714 656 2769 limites.
714 2710 1088 2765 Animadverti
1138 2707 1403 2770 Graecos,
1476 2706 1678 2774 inquit,
1749 2713 1801 2756 ct

222 2825 457 2879 regnum
483 2825 673 2862 eorum
729 2808 904 2876 primo
968 2806 1072 2858 sub
1130 2801 1438 2855 Thracibus
1499 2797 1799 2852 exstitisse.

218 2900 426 2955 Postea
487 2901 699 2970 reliquo
742 2914 965 2970 regnoa
1014 2896 1269 2951 Barbaris
1305 2906 1520 2955 exutos,
1575 2905 1801 2961 parvum

218 2993 504 3059 quoddam
550 3004 775 3058 regnum
802 2988 1159 3058 gubernasse,
1189 2985 1437 3040 videlicet
1462 2982 1801 3052 Byzantium,

220 3084 590 3154 Byzantiique
624 3083 953 3136 maritimam
992 3080 1271 3147 regionem
1314 3076 1657 3137 inferiorem,
1694 3072 1799 3127 lic-

221 3178 470 3230 racleam
502 3188 677 3244 usque
717 3190 729 3227 :
765 3172 1006 3241 acjuxta
1061 3168 1297 3222 Pontum
1333 3167 1604 3220 Euxinum
1640 3163 1801 3216 mari—

220 3270 420 3322 timam
457 3267 733 3337 regionem
765 3265 1132 3333 superiorem,
1165 3258 1546 3315 Mesembriam
1580 3272 1751 3324 usque
1786 3272 1799 3306 :

217 3372 490 3435 pra-terea
540 3358 983 3427 PclOponnesum
1013 3366 1205 3418 totam,
1239 3363 1391 3407 extra
1416 3359 1523 3404 tres
1556 3362 1648 3403 aut
1674 3362 1802 3417 qua-

217 3468 354 3509 tuor
391 3456 554 3509 urbes
582 3450 934 3506 Venetorum.
970 3449 1048 3501 Ad
1108 3447 1246 3508 haec,
1283 3444 1551 3498 Lemnum
1595 3454 1649 3495 et
1699 3438 1805 3494 lm-

219 3553 487 3613 brum,et
531 3543 745 3599 insulas
785 3543 985 3596 ibidem
1026 3541 1080 3593 in
1110 3537 1297 3607 Aigaao
1341 3538 1493 3591 sitas.
1532 3534 1804 3590 Hactenus

217 3641 526 3697 Laonicus.
572 3636 834 3706 Bajazitis
873 3648 1001 3687 vero
1064 3641 1306 3701 tempore
1357 3628 1572 3683 caeteris
1629 3626 1802 3689 exuti,

216 3751 355 3791 eum
383 3735 513 3804 ipsis
545 3733 709 3786 etiam
746 3726 1079 3783 suburbanis
1123 3726 1292 3791 agris,
1321 3724 1409 3776 vix
1444 3723 1583 3776 intra
1616 3734 1803 3775 muros

219 3826 385 3881 urbis
456 3839 514 3878 se
568 3825 889 3876 tuebantur.
950 3817 1240 3887 PrOpterea
1295 3830 1389 3885 per
1450 3812 1800 3885 ignominiam

214 3918 531 3985 Tegginres
557 3930 585 3970 a
618 3911 813 3969 Turcis
846 3910 1166 3967 audiebant.

300 4030 393 4086 57.
414 4027 746 4085 Communia
778 4024 932 4097 begus
960 4024 1248 4087 Atiourius,
1276 4022 1536 4078 Tekiemis
1569 4023 1729 4093 regia.

300 4147 376 4198 De
402 4144 728 4197 Caramania
786 4156 971 4210 qmere
1032 4151 1216 4194 notata
1251 4141 1504 4209 Superius
1575 4150 1805 4194 numero

218 4240 315 4293 1⁸5.
352 4238 543 4291 Saltim
589 4237 688 4287 boc
736 4233 978 4286 indicare.
1012 4247 1158 4285 nunc
1201 4232 1367 4293 lubet,
1393 4248 1515 4286 eum
1546 4231 1795 4286 Carama-

212 4332 333 4383 nize
394 4327 716 4393 principem,
770 4326 931 4394 cujus
974 4324 1061 4377 hic
1117 4324 1321 4378 mentio
1367 4322 1449 4385 lit,
1497 4340 1526 4375 a
1567 4321 1803 4375 Laonico

206 4421 503 4477 noniinari
538 4418 866 4473 Alisurium.
900 4416 1094 4469 Narrat
1127 4426 1308 4469 autem
1342 4418 1503 4480 hunc,
1551 4430 1674 4470 cum
1698 4427 1802 4468 cte-

1907 530 1988 584 sic
2016 530 2181 581 etiam
2215 526 2422 580 Cilicia:
2456 524 2687 591 vicinam
2729 540 2741 575 :
2780 522 2830 577 id
2864 531 2967 582 est,
3008 534 3036 572 a
3062 516 3327 587 Bithynia:
3361 519 3482 571 tini-

1910 627 2011 675 bus
2062 620 2127 672 ad
2176 618 2380 671 Cilicia:
2427 617 2562 669 lines
2592 631 2762 682 usque
2810 612 3104 682 pertinere.
3143 607 3482 680 Conjunctas

1908 729 2055 775 vero,
2097 710 2403 780 Bithyniam
2433 708 2858 775 Tt-kiensenique
2907 706 3206 775 regionem,
3258 701 3480 757 Othma-

1907 806 2053 857 niam
2111 803 2282 857 fuisse
2332 813 2552 854 vocatas
2581 816 2689 853 uno
2741 799 2980 860 nomine,
3020 812 3210 865 supra,
3258 811 3482 848 numero

1907 897 1994 955 15,
2018 897 2321 948 docuimus.
2352 893 2577 947 (ioniatn
2618 906 2736 944 esse
2764 892 3002 959 priscum
3048 887 3177 940 illud
3211 885 3481 940 Iconium,

1907 991 2059 1058 prius
2097 989 2303 1041 dictum
2357 985 2457 1038 fuit
2504 999 2733 1037 munero
2770 982 2856 1034 l2.
2909 978 3223 1034 Triturandi
3264 992 3483 1047 quoque

1908 1084 2101 1135 modus
2124 1081 2427 1148 explicatus
2450 1093 2682 1131 numero
2719 1074 2809 1129 25.

2155 1174 2245 1226 58.
2288 1172 2527 1233 Acserai,
2557 1168 2754 1239 Nigde,
2785 1168 3053 1228 Cnisaria,
3094 1163 3268 1219 Borii.

1977 1266 2232 1321 Castrum
2293 1262 2474 1315 album
2541 1260 2735 1315 Turcis
2805 1259 3056 1322 Aeserai,
3116 1258 3229 1312 sive
3289 1259 3483 1310 domus

1905 1353 2070 1427 424
2129 1353 2251 1407 alba
2316 1352 2540 1406 dicitur.
2612 1350 2781 1405 Vetus
2837 1349 3060 1419 aliquod
3116 1349 3220 1403 hoc
3264 1349 3483 1402 nomine.

1908 1458 2148 1504 castrum
2177 1446 2260 1502 vel
2298 1448 2554 1516 Oppidum
2588 1446 2641 1499 in
2685 1447 2748 1499 iis
2779 1446 2908 1500 locis
2942 1444 3152 1499 nullum
3192 1442 3481 1513 reperitur.

1909 1542 1965 1595 In
1997 1542 2184 1595 Ortelii
2230 1541 2416 1594 tabula
2468 1538 2693 1593 Natoliae
2750 1540 2945 1608 legitur
3004 1540 3230 1592 Aesara.
3280 1536 3481 1591 Ibidem

1906 1648 2029 1704 quae
2059 1634 2252 1686 Turcis
2309 1633 2397 1686 hic
2436 1631 2631 1701 Nigde,
2692 1628 2878 1698 Nigdia
2922 1628 3203 1683 scribitur.
3242 1624 3485 1695 Utraque

1913 1740 2020 1777 non
2082 1738 2279 1793 magno
2319 1737 2347 1775 a
2385 1723 2557 1775 Cunia
2592 1721 2676 1773 vel
2720 1719 2900 1773 Iconio
2952 1718 3121 1771 distat
3175 1717 3481 1771 intervallo.

2297 1811 2644 1866 Belvaccnsis
2690 1810 2911 1865 Acserui
2943 1809 3265 1862 vocabulum
3308 1816 3484 1860 mutat

1910 1907 1963 1962 in
1991 1905 2218 1969 Hacsar,
2263 1922 2384 1961 cum
2417 1907 2493 1959 ait
2535 1924 2546 1959 :
2594 1905 2749 1973 Apud
2796 1899 3004 1956 Haesar
3044 1901 3320 1955 invenitur
3388 1916 3484 1954 (εοη

1907 2009 2031 2055 ctus
2062 2010 2115 2053 et
2174 1998 2433 2053 aluminis
2484 1998 2711 2050 minera.
2742 1995 2986 2049 Cuisaria
3039 1994 3266 2059 Ciliciae,
3319 2009 3480 2061 quam

1910 2094 1991 2148 sic
2020 2094 2185 2147 etiam
2221 2092 2439 2145 Marcus
2468 2084 2674 2145 Paulus
2713 2079 2955 2143 Venetus
3010 2090 3279 2148 nominat,
3338 2087 3482 2141 dicta

1908 2188 2105 2259 priscis
2161 2187 2410 2255 Ctesarea
2444 2184 2566 2238 l'uit.
2604 2184 2759 2253 Apud
2825 2182 3207 2237 Bclracensem
3253 2180 3482 2236 Gazaria

1914 2298 2171 2355 corrupte
2200 2284 2483 2339 scribitur.
2542 2281 2689 2335 Borli
2715 2280 2913 2350 duplex
2935 2282 2985 2333 in
3018 2276 3248 2333 Natoiia:
3277 2278 3481 2333 descri-

1907 2383 2092 2449 ptione
2123 2377 2487 2446 conspicitur,
2524 2391 2630 2429 una
2661 2372 2804 2428 Βοτιί
2829 2374 3150 2443 simpliciter
3189 2372 3479 2442 appellata,

1910 2483 2018 2520 non
2072 2466 2259 2536 procul
2326 2465 2397 2519 ab
2458 2464 2657 2533 Enguri
2714 2465 2796 2517 vel
2851 2464 3064 2534 Ancyra
3112 2464 3219 2518 sita
3256 2480 3271 2519 :
3312 2464 3481 2517 altera

1908 2576 2033 2615 eum
2092 2569 2476 2627 cognomento,
2532 2555 2764 2611 Taracbi
2816 2556 2980 2618 Borii,
3048 2573 3154 2612 non
3220 2558 3481 2627 procula

1905 2653 2231 2707 Castamona
2251 2661 2303 2705 et
2326 2651 2547 2719 Sinope.
2586 2651 2663 2704 Ad
2694 2651 2850 2702 Ponti
2880 2650 3215 2719 provinciam
3250 2660 3482 2718 utraque

1908 2747 2164 2814 pertinet,
2213 2761 2334 2813 qua:
2374 2745 2523 2809 regio
2571 2744 2878 2811 principum
2915 2754 3033 2796 erat
3085 2744 3481 2807 lsvendiarnm,

1906 2840 2107 2908 quibus
2144 2839 2399 2892 intulisse
2441 2836 2706 2905 Bajazites
2740 2836 2947 2897 bellum
2981 2837 3207 2892 dicitur.
3265 2836 3480 2905 thui-

1907 2947 2032 2986 nam
2062 2931 2340 3001 principes
2394 2931 2447 2984 lii
2499 2931 2725 2991 fuerint.
2753 2931 3084 2998 explicatum
3130 2930 3350 2984 abunde
3388 2946 3479 2985 su-

1909 3025 2115 3095 perius.
2159 3023 2397 3091 Sinopen
2434 3020 2643 3075 novella
2676 3022 2740 3075 de
2765 3016 3005 3076 Tlironis
3030 3021 3097 3076 ad
3129 3021 3479 3077 Amasianam

1827 3140 1873 3203 ο
1912 3116 2254 3183 metmpolim
2282 3114 2766 3184 llelenoponticam
2798 3114 2984 3169 relert.

1907 3234 1994 3289 59.
2034 3233 2160 3285 Cosi
2190 3232 2473 3293 Burchan,
2525 3230 2863 3294 Orthobula,
2910 3243 2957 3285 et
3015 3231 3398 3296 Musutmanes,
3429 3245 3478 3286 et

2028 3302 2390 3371 Cyriscelebis,
2415 3319 2482 3353 au
2513 3303 2671 3354 iidem
2705 3319 2821 3355 cum
2850 3305 3010 3357 entire
3033 3302 3353 3357 Soleimane.

1980 3394 2115 3462 Quis
2161 3396 2329 3464 begus
2379 3395 2468 3449 ille
2492 3393 2759 3450 Turcicus
2809 3396 2997 3460 fuerit,
3061 3396 3149 3453 cui
3208 3396 3480 3466 Bajazites

1908 3485 2211 3543 Sebastiani
2277 3488 2499 3552 ademit,
2535 3498 2757 3557 pr0pter
2796 3490 3078 3543 annalium
3128 3489 3480 3545 narrationes

1910 3576 2076 3634 nimis
2109 3580 2419 3634 succinctas
2455 3581 2583 3633 sciri
2630 3594 2736 3633 non
2771 3591 2969 3648 petest.
3007 3579 3120 3633 Hoc
3158 3591 3337 3636 tamen
3376 3583 3480 3637 mi-

1910 3671 2059 3726 nime
2134 3670 2614 3731 dissimulandum.
2668 3671 2973 3726 Sebastiani
3023 3671 3192 3728 fuisse
3247 3675 3477 3743 primani

1908 3760 2217 3821 Turcorum
2256 3765 2309 3818 in
2342 3765 2469 3819 Asia
2495 3766 2598 3819 sub
2626 3765 2852 3820 Aladine
2876 3767 3104 3836 regiam,
3135 3770 3278 3823 sit-ut
3309 3785 3481 3825 anna-

1910 3854 1988 3913 lrl
2025 3853 2092 3913 ab
2116 3858 2270 3912 initio
2300 3865 2592 3917 testantur.
2629 3865 2683 3910 et
2721 3857 3015 3924 Laonirus,
3040 3860 3131 3925 qui
3161 3875 3478 3932 progressos

1908 3964 1970 4006 ex
2009 3946 2111 4005 bac
2140 3948 2352 4005 Turros
2382 3951 2454 4005 ait
2490 3949 2675 4005 Asiam
2714 3951 2998 4019 subegisse
3060 3962 3251 4018 totam,
3306 3971 3482 4027 usque

1908 4040 1975 4099 ad
2011 4040 2444 4111 Hellespontum.
2480 4042 2824 4114 Quapropter
2856 4046 2900 4101 si
2941 4047 3043 4102 hoc
3104 4057 3349 4117 tempore
3390 4069 3481 4107 su-

1908 4137 2156 4204 perstites
2183 4149 2337 4190 erant
2362 4138 2607 4191 Aladiuis
2631 4140 2860 4206 pesteri,
2908 4143 3224 4198 verosimile
3254 4154 3359 4205 est.
3388 4162 3483 4198 eus

1909 4222 2170 4281 Sebastiae
2203 4227 2514 4295 praefectum
2576 4230 2833 4285 habuisse
2888 4234 3225 4301 quemdam:
3272 4238 3363 4291 cui
3416 4240 3485 4291 ab

1908 4319 2163 4387 mquitate
2194 4331 2407 4373 summa
2466 4323 2697 4375 inditum
2758 4339 2963 4377 nomen
3029 4326 3152 4378 (Iasi
3208 4325 3481 4390 Bureban,

1910 4410 2092 4480 lingua
2119 4414 2347 4467 'l‘urcica
2378 4414 2618 4481 judieem
2651 4416 2738 4469 Dei
2782 4417 3150 4485 significabat.
3203 4421 3280 4473 Ad
3317 4421 3483 4475 Seba-

199 4530 377 4572 seros
412 4514 550 4567 Asia:
612 4512 834 4578 regulos
892 4509 1161 4578 Bajazites
1226 4510 1524 4563 ditionibus
1556 4515 1799 4569 erueret.
1837 4510 1881 4570 ἰ)
1912 4504 2071 4559 stium
2098 4506 2324 4559 annales
2347 4509 2516 4560 nostri
2548 4522 2575 4559 a
2609 4518 2760 4575 patre
2784 4508 3031 4562 relictum
3061 4512 3225 4565 fuisse
3263 4514 3482 4566 tradunt

200 4622 416 4677 pacem
458 4622 580 4660 cum
611 4620 678 4658 eo
710 4604 930 4667 fecisse,
962 4614 1124 4672 atque
1151 4604 1221 4655 ita
1257 4604 1373 4657 suis
1427 4604 1633 4672 ipsum,
1669 4602 1796 4654 licet

195 4702 408 4769 aliqua
432 4699 814 4765 cumjactura,
870 4696 1224 4749 consuluisse
1278 4695 1462 4759 rebus,
1521 4709 1588 4747 ne
1634 4709 1800 4761 regno

198 4809 456 4865 prorsus
518 4789 923 4850 exturbaretur,
978 4788 1202 4842 annales
1271 4788 1497 4842 addunt.
1589 4787 1796 4840 Nomen

192 4893 445 4943 diverse
476 4884 740 4949 scriptum
774 4881 992 4948 legitur,
1037 4880 1329 4941 Alisnrius,
1358 4879 1659 4943 Alidurius,
1686 4879 1797 4930 Ali-

190 4980 441 5039 derius,
472 4977 678 5035 Alurts,
704 4991 767 5027 ex
796 4973 1016 5026 Laonici
1038 4974 1352 5039 depravatis
1372 4973 1796 5040 exemplaribus.

191 5073 541 5131 Notandum
580 5069 682 5121 hoc
714 5083 952 5135 quoque,
983 5083 1144 5132 quem
1206 5067 1504 5120 Alideriuin
1538 5067 1798 5118 (Sarama-

188 5184 357 5225 nmn
394 5182 422 5216 a
452 5162 662 5215 Mur-ate
695 5162 936 5215 secundo
974 5161 1113 5213 bello
1146 5164 1372 5226 petitum
1430 5164 1632 5215 scribat
1664 5161 1799 5214 Lao-

186 5266 407 5319 uicus,
440 5257 490 5306 in
546 5255 628 5306 his
681 5253 969 5306 annalibus
1029 5252 1353 5306 lbraliimem
1395 5256 1575 5305 vocari
1610 5272 1622 5306 :
1659 5258 1800 5307 sicut

184 5353 414 5407 videre
444 5357 526 5400 est
566 5347 615 5399 in
659 5346 747 5410 iis,
795 5361 918 5413 quae
965 5361 1108 5397 anno
1133 5345 1449 5400 Christiano
1486 5348 1620 5400 i457
1647 5360 1798 5416 gesta

182 5443 569 5501 referuntur.
600 5436 881 5490 llemidam
913 5453 1033 5491 esse
1061 5438 1438 5501 Cerasuntem,
1460 5441 1799 5494 ostendimus

1911 4600 2138 4649 emirem
2178 4596 2543 4652 Suleimanem
2600 4600 2793 4661 lilium,
2832 4602 2926 4669 qui
2980 4615 3157 4655 tamen
3198 4620 3225 4657 a
3266 4604 3484 4659 Temirr-

1908 4691 2081 4744 clrme
2114 4708 2377 4760 nusquam
2408 4695 2623 4747 occisus
2648 4694 2867 4762 legitur,
2895 4695 2986 4747 sed
3015 4700 3315 4764 imperasse
3360 4713 3482 4769 post

1911 4788 2046 4841 lsam
2083 4789 2358 4839 fratremn
2395 4786 2547 4841 Musa
2593 4798 2869 4851 necatum,
2900 4791 3027 4843 tutis
3060 4803 3263 4858 septem
3300 4798 3478 4848 annis.

1913 4878 2182 4933 LauniCus
2223 4890 2404 4932 autem
2448 4879 2716 4932 Sebastize
2758 4878 3078 4949 prmio-etum
3110 4899 3137 4935 a
3181 4896 3331 4951 patre
3366 4903 3480 4940 tne-

1912 4983 2087 5027 morat
2111 4972 2491 5033 Orthobulent,
2542 4974 2851 5042 quicuptus
2902 4975 3104 5028 ibidem
3151 4990 3178 5027 a
3240 4975 3481 5038 Temire,

1912 5085 1973 5120 ac
2004 5079 2121 5134 post
2152 5070 2360 5135 aliquot
2389 5067 2504 5120 dies
2557 5066 2881 5120 interiectus
2911 5066 3097 5121 fuerit.
3136 5066 3290 5122 Unde
3326 5068 3481 5138 Baja-

1913 5162 2043 5214 zites
2070 5173 2295 5227 accepto
2326 5160 2391 5212 de
2440 5168 2617 5212 morte
2647 5158 2736 5211 lilii
2774 5160 2991 5221 nuntio,
3027 5160 3241 5214 cuidam
3278 5165 3485 5231 pastOrl

1914 5256 2040 5309 tibia
2098 5255 2313 5307 canenti
2358 5254 2603 5305 dixerit:
2652 5255 2798 5305 Cane
2831 5268 3074 5311 carmen.
3121 5254 3279 5321 cujus
3322 5271 3486 5323 argn-

1912 5356 2157 5399 mentnm
2202 5347 2274 5397 sit
2312 5343 2459 5397 :Nec
2492 5344 2823 5410 Sebastiani,
2858 5361 2956 5398 ucc
2999 5345 3169 5399 filium
3217 5347 3487 5401 Orthobu-

1914 5440 2283 5493 lemnmittas.
2320 5436 2580 5505 Equidem
2635 5454 2777 5505 saepe
2840 5441 3187 5509 iuiiltnmqne
3238 5442 3486 5509 cngitans

1912 5532 1977 5585 de
2005 5532 2368 5585 conciliandis
2396 5533 2687 5585 annalibus
2714 5531 3103 5587 Turciciscum
3136 5533 3477 5591 Cbaleocon-

1911 5628 2050 5698 dylis
2107 5638 2159 5677 et
2218 5634 2532 5679 nostrorum
2598 5626 3055 5694 exposititmibus,
3112 5645 3346 5697 quorum
3406 5630 3487 5686 illi

170 5546 460 5594 numero
480 5531 570 5583 ιο.
608 5527 891 5583 Teltiensis
916 5532 1064 5596 regio
1117 5530 1349 5602 Pbrrgia
1401 5533 1592 5599 majori
1627 5533 1803 5585 conti-

170 5637 405 5687 netur,
450 5631 720 5690 quatenus
758 5622 810 5673 in
848 5622 1262 5676 mediterraneis
1322 5640 1381 5677 ea
1426 5639 1616 5680 versus
1657 5625 1795 5692 Cap-

168 5718 539 5796 padociam,
582 5717 893 5768 Armeniam
940 5725 993 5768 et
1030 5718 1280 5771 Ciliciam
1339 5733 1396 5773 se
1430 5719 1677 5786 porrigit.
1714 5717 1799 5770 In-
1910 5722 2206 5775 riiaximnm
2274 5730 2401 5772 natu
2468 5722 2636 5775 lilium
2701 5720 2955 5793 Bajazitis
3039 5739 3207 5777 unum
3275 5722 3484 5779 faciunt

164 5826 435 5883 gen-pres
476 5808 698 5862 Laonici
739 5807 936 5862 Tecien
975 5824 1072 5876 pro
1105 5809 1540 5883 Tekiescripsit.
1576 5810 1637 5864 Et
1667 5812 1793 5865 alibi
1910 5814 2132 5868 emirem
2172 5812 2568 5883 Soleiuzanem,
2627 5815 2714 5868 hic
2779 5817 2920 5871 duos
2970 5816 3222 5871 diversos
3274 5832 3488 5872 ett-teris

545 5904 819 5967 l‘nnot.
856 5906 976 5969 Gn.
1022 5901 1222 5965 CLIX.
3068 5908 3141 5969 ἓξ)
