  <div class='ocr_page' id='page_1' title='image "/cluster/home/n/w/nwhite01/storage/ocr_20150623/159/nnc1.0046980628/399.png"; bbox 0 0 4198 6426; ppageno 0'>
   <div class='ocr_carea' id='block_1_1' title="bbox 752 371 856 434">
    <p class='ocr_par' dir='ltr' id='par_1_1' title="bbox 752 371 856 434">
     <span class='ocr_line' id='line_1_1' title="bbox 752 371 856 434; baseline 0.01 -2"><span class='ocrx_word' id='word_1_1' title='bbox 752 371 856 434; x_wconf 74' lang='grc'><strong>779</strong></span> 
     </span>
    </p>
   </div>
   <div class='ocr_carea' id='block_1_2' title="bbox 1945 353 2782 425">
    <p class='ocr_par' dir='ltr' id='par_1_2' title="bbox 1945 353 2782 425">
     <span class='ocr_line' id='line_1_2' title="bbox 1945 353 2782 425; baseline -0.008 -1"><span class='ocrx_word' id='word_1_2' title='bbox 1945 355 2272 425; x_wconf 71' lang='grc' dir='ltr'><strong>ΙΟΛΝΝῙΞ</strong></span> <span class='ocrx_word' id='word_1_3' title='bbox 2313 353 2782 422; x_wconf 68' lang='lat' dir='ltr'><strong>LEUNCLAVII</strong></span> 
     </span>
    </p>
   </div>
   <div class='ocr_carea' id='block_1_3' title="bbox 3911 351 4014 416">
    <p class='ocr_par' dir='ltr' id='par_1_3' title="bbox 3911 351 4014 416">
     <span class='ocr_line' id='line_1_3' title="bbox 3911 351 4014 416; baseline 0 -1"><span class='ocrx_word' id='word_1_4' title='bbox 3911 351 4014 416; x_wconf 78' lang='lat'><strong>780</strong></span> 
     </span>
    </p>
   </div>
   <div class='ocr_carea' id='block_1_4' title="bbox 753 461 4016 549">
    <p class='ocr_par' dir='ltr' id='par_1_4' title="bbox 753 461 4016 549">
     <span class='ocr_line' id='line_1_4' title="bbox 753 461 4016 549; baseline -0.005 -15"><span class='ocrx_word' id='word_1_5' title='bbox 753 479 989 548; x_wconf 82' lang='lat' dir='ltr'><strong>majores</strong></span> <span class='ocrx_word' id='word_1_6' title='bbox 1019 479 1190 549; x_wconf 84' lang='lat' dir='ltr'><strong>ponit,</strong></span> <span class='ocrx_word' id='word_1_7' title='bbox 1239 475 1606 533; x_wconf 73' lang='lat' dir='ltr'><strong>Ortln-bulcm</strong></span> <span class='ocrx_word' id='word_1_8' title='bbox 1643 483 1696 529; x_wconf 90' lang='lat' dir='ltr'><strong>et</strong></span> <span class='ocrx_word' id='word_1_9' title='bbox 1737 472 2165 537; x_wconf 84' lang='lat' dir='ltr'><strong>Mulsumanem,</strong></span> <span class='ocrx_word' id='word_1_10' title='bbox 2229 489 2325 526; x_wconf 87' lang='lat' dir='ltr'><strong>no-</strong></span> <span class='ocrx_word' id='word_1_11' title='bbox 2357 480 2400 538; x_wconf 75' lang='grc' dir='ltr'><strong>Α</strong></span> <span class='ocrx_word' id='word_1_12' title='bbox 2433 466 2808 531; x_wconf 82' lang='lat' dir='ltr'><strong>Meclinietcm,</strong></span> <span class='ocrx_word' id='word_1_13' title='bbox 2848 471 2899 518; x_wconf 88' lang='lat' dir='ltr'><strong>et</strong></span> <span class='ocrx_word' id='word_1_14' title='bbox 2939 462 3182 534; x_wconf 86' lang='lat' dir='ltr'><strong>reliquos</strong></span> <span class='ocrx_word' id='word_1_15' title='bbox 3220 462 3359 517; x_wconf 87' lang='lat' dir='ltr'><strong>lllios</strong></span> <span class='ocrx_word' id='word_1_16' title='bbox 3394 461 3654 532; x_wconf 70' lang='lat' dir='ltr'><strong>Bajaizitis</strong></span> <span class='ocrx_word' id='word_1_17' title='bbox 3695 462 3746 516; x_wconf 92' lang='lat' dir='ltr'><strong>in</strong></span> <span class='ocrx_word' id='word_1_18' title='bbox 3778 473 4016 532; x_wconf 58' lang='lat' dir='ltr'><strong>potestao</strong></span> 
     </span>
    </p>
   </div>
   <div class='ocr_carea' id='block_1_5' title="bbox 749 567 2326 643">
    <p class='ocr_par' dir='ltr' id='par_1_5' title="bbox 749 567 2326 643">
     <span class='ocr_line' id='line_1_5' title="bbox 749 567 2326 643; baseline -0.006 -13"><span class='ocrx_word' id='word_1_19' title='bbox 749 575 882 630; x_wconf 75' lang='lat' dir='ltr'><strong>stris</strong></span> <span class='ocrx_word' id='word_1_20' title='bbox 919 571 1305 643; x_wconf 79' lang='lat' dir='ltr'><strong>Cyriscelebim</strong></span> <span class='ocrx_word' id='word_1_21' title='bbox 1356 569 1607 626; x_wconf 84' lang='lat' dir='ltr'><strong>ilctititlm</strong></span> <span class='ocrx_word' id='word_1_22' title='bbox 1665 567 2040 638; x_wconf 64' lang='lat' dir='ltr'><strong>ingerentibus</strong></span> <span class='ocrx_word' id='word_1_23' title='bbox 2075 582 2088 620; x_wconf 88' lang='lat'><strong><em>:</em></strong></span> <span class='ocrx_word' id='word_1_24' title='bbox 2121 567 2174 621; x_wconf 92' lang='lat' dir='ltr'><strong>in</strong></span> <span class='ocrx_word' id='word_1_25' title='bbox 2207 580 2326 622; x_wconf 91' lang='lat' dir='ltr'><strong>eam</strong></span> 
     </span>
    </p>
   </div>
   <div class='ocr_carea' id='block_1_6' title="bbox 747 658 2330 738">
    <p class='ocr_par' dir='ltr' id='par_1_6' title="bbox 747 658 2330 738">
     <span class='ocr_line' id='line_1_6' title="bbox 747 658 2330 738; baseline -0.007 -16"><span class='ocrx_word' id='word_1_26' title='bbox 747 669 987 738; x_wconf 87' lang='lat' dir='ltr'><strong>denique</strong></span> <span class='ocrx_word' id='word_1_27' title='bbox 1007 664 1334 721; x_wconf 86' lang='lat' dir='ltr'><strong>sententiam</strong></span> <span class='ocrx_word' id='word_1_28' title='bbox 1368 661 1513 728; x_wconf 93' lang='lat' dir='ltr'><strong>veni,</strong></span> <span class='ocrx_word' id='word_1_29' title='bbox 1541 670 1600 715; x_wconf 93' lang='lat' dir='ltr'><strong>ut</strong></span> <span class='ocrx_word' id='word_1_30' title='bbox 1630 658 1957 732; x_wconf 79' lang='lat' dir='ltr'><strong>Cyriscelehi</strong></span> <span class='ocrx_word' id='word_1_31' title='bbox 2010 659 2154 713; x_wconf 77' lang='lat' dir='ltr'><strong>circa</strong></span> <span class='ocrx_word' id='word_1_32' title='bbox 2199 672 2330 712; x_wconf 82' lang='lat' dir='ltr'><strong>con-</strong></span> 
     </span>
    </p>
   </div>
   <div class='ocr_carea' id='block_1_7' title="bbox 749 751 2328 826">
    <p class='ocr_par' dir='ltr' id='par_1_7' title="bbox 749 751 2328 826">
     <span class='ocr_line' id='line_1_7' title="bbox 749 751 2328 826; baseline -0.004 -13"><span class='ocrx_word' id='word_1_33' title='bbox 749 761 1070 815; x_wconf 87' lang='lat' dir='ltr'><strong>troversiam</strong></span> <span class='ocrx_word' id='word_1_34' title='bbox 1103 757 1352 823; x_wconf 80' lang='lat' dir='ltr'><strong>excluso,</strong></span> <span class='ocrx_word' id='word_1_35' title='bbox 1414 754 1581 808; x_wconf 90' lang='lat' dir='ltr'><strong>veluti</strong></span> <span class='ocrx_word' id='word_1_36' title='bbox 1649 770 1810 826; x_wconf 88' lang='lat' dir='ltr'><strong>qttem</strong></span> <span class='ocrx_word' id='word_1_37' title='bbox 1862 767 1963 808; x_wconf 90' lang='lat' dir='ltr'><strong>nec</strong></span> <span class='ocrx_word' id='word_1_38' title='bbox 2002 751 2168 806; x_wconf 89' lang='lat' dir='ltr'><strong>Turci</strong></span> <span class='ocrx_word' id='word_1_39' title='bbox 2225 765 2328 806; x_wconf 90' lang='lat' dir='ltr'><strong>nec</strong></span> 
     </span>
    </p>
   </div>
   <div class='ocr_carea' id='block_1_8' title="bbox 747 843 2327 923">
    <p class='ocr_par' dir='ltr' id='par_1_8' title="bbox 747 843 2327 923">
     <span class='ocr_line' id='line_1_8' title="bbox 747 843 2327 923; baseline -0.007 -15"><span class='ocrx_word' id='word_1_40' title='bbox 747 854 920 908; x_wconf 66' lang='lat' dir='ltr'><strong>Graeci</strong></span> <span class='ocrx_word' id='word_1_41' title='bbox 987 861 1351 923; x_wconf 73' lang='lat' dir='ltr'><strong>agnoscant;</strong></span> <span class='ocrx_word' id='word_1_42' title='bbox 1435 849 1680 918; x_wconf 88' lang='lat' dir='ltr'><strong>reliquos</strong></span> <span class='ocrx_word' id='word_1_43' title='bbox 1750 848 1911 912; x_wconf 89' lang='lat' dir='ltr'><strong>duos,</strong></span> <span class='ocrx_word' id='word_1_44' title='bbox 1969 843 2327 900; x_wconf 87' lang='lat' dir='ltr'><strong>Ortliobulcm</strong></span> 
     </span>
    </p>
   </div>
   <div class='ocr_carea' id='block_1_9' title="bbox 747 937 2331 1014">
    <p class='ocr_par' dir='ltr' id='par_1_9' title="bbox 747 937 2331 1014">
     <span class='ocr_line' id='line_1_9' title="bbox 747 937 2331 1014; baseline -0.004 -14"><span class='ocrx_word' id='word_1_45' title='bbox 747 945 1290 1014; x_wconf 84' lang='lat' dir='ltr'><strong>Mulsumanemqne,</strong></span> <span class='ocrx_word' id='word_1_46' title='bbox 1329 959 1429 1014; x_wconf 90' lang='lat' dir='ltr'><strong>pro</strong></span> <span class='ocrx_word' id='word_1_47' title='bbox 1462 959 1572 1000; x_wconf 93' lang='lat' dir='ltr'><strong>uno</strong></span> <span class='ocrx_word' id='word_1_48' title='bbox 1604 952 1658 996; x_wconf 90' lang='lat' dir='ltr'><strong>et</strong></span> <span class='ocrx_word' id='word_1_49' title='bbox 1704 944 1895 997; x_wconf 88' lang='lat' dir='ltr'><strong>eodem</strong></span> <span class='ocrx_word' id='word_1_50' title='bbox 1934 939 2195 1010; x_wconf 80' lang='lat' dir='ltr'><strong>Bajazitls</strong></span> <span class='ocrx_word' id='word_1_51' title='bbox 2221 937 2331 993; x_wconf 85' lang='lat' dir='ltr'><strong>lilio</strong></span> 
     </span>
    </p>
   </div>
   <div class='ocr_carea' id='block_1_10' title="bbox 751 1032 2330 1104">
    <p class='ocr_par' dir='ltr' id='par_1_10' title="bbox 751 1032 2330 1104">
     <span class='ocr_line' id='line_1_10' title="bbox 751 1032 2330 1104; baseline -0.006 -10"><span class='ocrx_word' id='word_1_52' title='bbox 751 1041 1066 1094; x_wconf 83' lang='lat' dir='ltr'><strong>Soleimane</strong></span> <span class='ocrx_word' id='word_1_53' title='bbox 1096 1047 1335 1095; x_wconf 86' lang='lat' dir='ltr'><strong>statuam</strong></span> <span class='ocrx_word' id='word_1_54' title='bbox 1378 1037 1718 1100; x_wconf 82' lang='lat' dir='ltr'><strong>habendum,</strong></span> <span class='ocrx_word' id='word_1_55' title='bbox 1750 1050 1910 1104; x_wconf 87' lang='lat' dir='ltr'><strong>quem</strong></span> <span class='ocrx_word' id='word_1_56' title='bbox 1947 1042 2131 1088; x_wconf 91' lang='lat' dir='ltr'><strong>tamen</strong></span> <span class='ocrx_word' id='word_1_57' title='bbox 2163 1032 2330 1086; x_wconf 85' lang='lat' dir='ltr'><strong>inter-</strong></span> 
     </span>
    </p>
   </div>
   <div class='ocr_carea' id='block_1_11' title="bbox 749 1125 2327 1198">
    <p class='ocr_par' dir='ltr' id='par_1_11' title="bbox 749 1125 2327 1198">
     <span class='ocr_line' id='line_1_11' title="bbox 749 1125 2327 1198; baseline -0.006 -14"><span class='ocrx_word' id='word_1_58' title='bbox 749 1133 952 1186; x_wconf 74' lang='lat' dir='ltr'><strong>iectum</strong></span> <span class='ocrx_word' id='word_1_59' title='bbox 988 1145 1018 1185; x_wconf 90' lang='lat' dir='ltr'><strong>a</strong></span> <span class='ocrx_word' id='word_1_60' title='bbox 1069 1129 1310 1196; x_wconf 85' lang='lat' dir='ltr'><strong>Temirc,</strong></span> <span class='ocrx_word' id='word_1_61' title='bbox 1377 1138 1533 1198; x_wconf 89' lang='lat' dir='ltr'><strong>capta</strong></span> <span class='ocrx_word' id='word_1_62' title='bbox 1588 1125 1863 1190; x_wconf 84' lang='lat' dir='ltr'><strong>Sebastia,</strong></span> <span class='ocrx_word' id='word_1_63' title='bbox 1927 1138 2024 1194; x_wconf 91' lang='lat' dir='ltr'><strong>per</strong></span> <span class='ocrx_word' id='word_1_64' title='bbox 2084 1136 2327 1178; x_wconf 84' lang='lat' dir='ltr'><strong>errorem</strong></span> 
     </span>
    </p>
   </div>
   <div class='ocr_carea' id='block_1_12' title="bbox 747 1221 2326 1293">
    <p class='ocr_par' dir='ltr' id='par_1_12' title="bbox 747 1221 2326 1293">
     <span class='ocr_line' id='line_1_12' title="bbox 747 1221 2326 1293; baseline -0.007 -12"><span class='ocrx_word' id='word_1_65' title='bbox 747 1227 920 1282; x_wconf 70' lang='lat' dir='ltr'><strong>Grmci</strong></span> <span class='ocrx_word' id='word_1_66' title='bbox 975 1224 1334 1281; x_wconf 83' lang='lat' dir='ltr'><strong>crediderint.</strong></span> <span class='ocrx_word' id='word_1_67' title='bbox 1389 1222 1522 1293; x_wconf 85' lang='lat' dir='ltr'><strong>Ejus</strong></span> <span class='ocrx_word' id='word_1_68' title='bbox 1573 1221 1853 1293; x_wconf 88' lang='lat' dir='ltr'><strong>opinionis</strong></span> <span class='ocrx_word' id='word_1_69' title='bbox 1918 1233 2054 1274; x_wconf 66' lang='lat' dir='ltr'><strong>mea</strong></span> <span class='ocrx_word' id='word_1_70' title='bbox 2105 1231 2326 1271; x_wconf 84' lang='lat' dir='ltr'><strong>causam</strong></span> 
     </span>
    </p>
   </div>
   <div class='ocr_carea' id='block_1_13' title="bbox 749 1309 2332 1388">
    <p class='ocr_par' dir='ltr' id='par_1_13' title="bbox 749 1309 2332 1388">
     <span class='ocr_line' id='line_1_13' title="bbox 749 1309 2332 1388; baseline -0.008 -13"><span class='ocrx_word' id='word_1_71' title='bbox 749 1323 888 1376; x_wconf 91' lang='lat' dir='ltr'><strong>hanc</strong></span> <span class='ocrx_word' id='word_1_72' title='bbox 927 1319 1101 1374; x_wconf 81' lang='lat' dir='ltr'><strong>habeo</strong></span> <span class='ocrx_word' id='word_1_73' title='bbox 1158 1317 1302 1388; x_wconf 90' lang='lat' dir='ltr'><strong>quod</strong></span> <span class='ocrx_word' id='word_1_74' title='bbox 1363 1329 1562 1371; x_wconf 88' lang='lat' dir='ltr'><strong>nomen</strong></span> <span class='ocrx_word' id='word_1_75' title='bbox 1623 1312 1946 1369; x_wconf 87' lang='lat' dir='ltr'><strong>Ortholiulis</strong></span> <span class='ocrx_word' id='word_1_76' title='bbox 2005 1309 2332 1365; x_wconf 81' lang='lat' dir='ltr'><strong>non&#39;l‘urci-</strong></span> 
     </span>
    </p>
   </div>
   <div class='ocr_carea' id='block_1_14' title="bbox 748 1402 2333 1476">
    <p class='ocr_par' dir='ltr' id='par_1_14' title="bbox 748 1402 2333 1476">
     <span class='ocr_line' id='line_1_14' title="bbox 748 1402 2333 1476; baseline -0.006 -10"><span class='ocrx_word' id='word_1_77' title='bbox 748 1429 869 1466; x_wconf 85' lang='lat' dir='ltr'><strong>cum</strong></span> <span class='ocrx_word' id='word_1_78' title='bbox 904 1425 1046 1476; x_wconf 90' lang='lat' dir='ltr'><strong>esse,</strong></span> <span class='ocrx_word' id='word_1_79' title='bbox 1084 1412 1182 1466; x_wconf 88' lang='lat' dir='ltr'><strong>sed</strong></span> <span class='ocrx_word' id='word_1_80' title='bbox 1239 1409 1491 1465; x_wconf 72' lang='lat' dir='ltr'><strong>Graecum</strong></span> <span class='ocrx_word' id='word_1_81' title='bbox 1555 1407 1818 1471; x_wconf 85' lang='lat' dir='ltr'><strong>arbitrer,</strong></span> <span class='ocrx_word' id='word_1_82' title='bbox 1863 1414 1918 1460; x_wconf 91' lang='lat' dir='ltr'><strong>et</strong></span> <span class='ocrx_word' id='word_1_83' title='bbox 1953 1403 2094 1458; x_wconf 89' lang='lat' dir='ltr'><strong>idem</strong></span> <span class='ocrx_word' id='word_1_84' title='bbox 2165 1402 2333 1472; x_wconf 83' lang='lat' dir='ltr'><strong>signi-</strong></span> 
     </span>
    </p>
   </div>
   <div class='ocr_carea' id='block_1_15' title="bbox 751 1495 2332 1570">
    <p class='ocr_par' dir='ltr' id='par_1_15' title="bbox 751 1495 2332 1570">
     <span class='ocr_line' id='line_1_15' title="bbox 751 1495 2332 1570; baseline -0.008 -8"><span class='ocrx_word' id='word_1_85' title='bbox 751 1510 913 1562; x_wconf 87' lang='lat' dir='ltr'><strong>licare</strong></span> <span class='ocrx_word' id='word_1_86' title='bbox 971 1504 1198 1567; x_wconf 66' lang='lat' dir='ltr'><strong>Graecis,</strong></span> <span class='ocrx_word' id='word_1_87' title='bbox 1256 1503 1397 1570; x_wconf 86' lang='lat' dir='ltr'><strong>quod</strong></span> <span class='ocrx_word' id='word_1_88' title='bbox 1463 1500 1662 1555; x_wconf 79' lang='lat' dir='ltr'><strong>Turcis</strong></span> <span class='ocrx_word' id='word_1_89' title='bbox 1722 1496 2060 1553; x_wconf 68' lang='lat' dir='ltr'><strong>Blusulman.</strong></span> <span class='ocrx_word' id='word_1_90' title='bbox 2120 1495 2332 1564; x_wconf 78' lang='lat' dir='ltr'><strong>Quippe</strong></span> 
     </span>
    </p>
   </div>
   <div class='ocr_carea' id='block_1_16' title="bbox 749 1587 2331 1659">
    <p class='ocr_par' dir='ltr' id='par_1_16' title="bbox 749 1587 2331 1659">
     <span class='ocr_line' id='line_1_16' title="bbox 749 1587 2331 1659; baseline -0.008 -5"><span class='ocrx_word' id='word_1_91' title='bbox 749 1615 872 1654; x_wconf 88' lang='lat' dir='ltr'><strong>cum</strong></span> <span class='ocrx_word' id='word_1_92' title='bbox 912 1599 965 1653; x_wconf 91' lang='lat' dir='ltr'><strong>in</strong></span> <span class='ocrx_word' id='word_1_93' title='bbox 990 1595 1188 1651; x_wconf 88' lang='lat' dir='ltr'><strong>Turcia</strong></span> <span class='ocrx_word' id='word_1_94' title='bbox 1232 1608 1507 1658; x_wconf 89' lang='lat' dir='ltr'><strong>versarer,</strong></span> <span class='ocrx_word' id='word_1_95' title='bbox 1539 1592 1938 1659; x_wconf 79' lang='lat' dir='ltr'><strong>interrogatum</strong></span> <span class='ocrx_word' id='word_1_96' title='bbox 1966 1604 1995 1643; x_wconf 89' lang='lat' dir='ltr'><strong>a</strong></span> <span class='ocrx_word' id='word_1_97' title='bbox 2035 1604 2122 1644; x_wconf 90' lang='lat' dir='ltr'><strong>me</strong></span> <span class='ocrx_word' id='word_1_98' title='bbox 2153 1587 2331 1642; x_wconf 88' lang='lat' dir='ltr'><strong>virum</strong></span> 
     </span>
    </p>
   </div>
   <div class='ocr_carea' id='block_1_17' title="bbox 750 1681 2330 1760">
    <p class='ocr_par' dir='ltr' id='par_1_17' title="bbox 750 1681 2330 1760">
     <span class='ocr_line' id='line_1_17' title="bbox 750 1681 2330 1760; baseline -0.008 -15"><span class='ocrx_word' id='word_1_99' title='bbox 750 1690 1100 1760; x_wconf 78' lang='lat' dir='ltr'><strong>magnificum</strong></span> <span class='ocrx_word' id='word_1_100' title='bbox 1143 1697 1197 1742; x_wconf 90' lang='lat' dir='ltr'><strong>et</strong></span> <span class='ocrx_word' id='word_1_101' title='bbox 1251 1685 1695 1756; x_wconf 86' lang='lat' dir='ltr'><strong>amplissimum,</strong></span> <span class='ocrx_word' id='word_1_102' title='bbox 1760 1683 1822 1738; x_wconf 83' lang='grc' dir='ltr'><strong>Ι).</strong></span> <span class='ocrx_word' id='word_1_103' title='bbox 1869 1681 2330 1737; x_wconf 63' lang='grc' dir='ltr'><strong>Βωτιιιοιοηιωυτη</strong></span> 
     </span>
    </p>
   </div>
   <div class='ocr_carea' id='block_1_18' title="bbox 748 1773 2330 1850">
    <p class='ocr_par' dir='ltr' id='par_1_18' title="bbox 748 1773 2330 1850">
     <span class='ocr_line' id='line_1_18' title="bbox 748 1773 2330 1850; baseline -0.009 -11"><span class='ocrx_word' id='word_1_104' title='bbox 748 1786 1079 1849; x_wconf 78' lang='lat' dir='ltr'><strong>l‘ezzcnum,</strong></span> <span class='ocrx_word' id='word_1_105' title='bbox 1109 1782 1247 1838; x_wconf 69' lang='lat' dir='ltr'><strong>Caes.</strong></span> <span class='ocrx_word' id='word_1_106' title='bbox 1283 1779 1639 1850; x_wconf 85' lang='lat' dir='ltr'><strong>Majestatisa</strong></span> <span class='ocrx_word' id='word_1_107' title='bbox 1678 1777 1947 1842; x_wconf 77' lang='lat' dir='ltr'><strong>consiliis,</strong></span> <span class='ocrx_word' id='word_1_108' title='bbox 1983 1783 2232 1845; x_wconf 89' lang='lat' dir='ltr'><strong>etnuper</strong></span> <span class='ocrx_word' id='word_1_109' title='bbox 2264 1773 2330 1826; x_wconf 88' lang='lat' dir='ltr'><strong>ad</strong></span> 
     </span>
    </p>
   </div>
   <div class='ocr_carea' id='block_1_19' title="bbox 750 1867 2314 1940">
    <p class='ocr_par' dir='ltr' id='par_1_19' title="bbox 750 1867 2314 1940">
     <span class='ocr_line' id='line_1_19' title="bbox 750 1867 2314 1940; baseline -0.01 -7"><span class='ocrx_word' id='word_1_110' title='bbox 750 1877 1341 1934; x_wconf 76' lang='lat' dir='ltr'><strong>Pet-tamOsmanicam</strong></span> <span class='ocrx_word' id='word_1_111' title='bbox 1401 1888 1524 1927; x_wconf 91' lang='lat' dir='ltr'><strong>cum</strong></span> <span class='ocrx_word' id='word_1_112' title='bbox 1573 1886 1798 1925; x_wconf 75' lang='lat' dir='ltr'><strong>inlinere</strong></span> <span class='ocrx_word' id='word_1_113' title='bbox 1842 1867 2002 1940; x_wconf 89' lang='lat' dir='ltr'><strong>legati</strong></span> <span class='ocrx_word' id='word_1_114' title='bbox 2061 1868 2314 1928; x_wconf 86' lang='lat' dir='ltr'><strong>missurn,</strong></span> 
     </span>
    </p>
   </div>
   <div class='ocr_carea' id='block_1_20' title="bbox 750 1959 2322 2039">
    <p class='ocr_par' dir='ltr' id='par_1_20' title="bbox 750 1959 2322 2039">
     <span class='ocr_line' id='line_1_20' title="bbox 750 1959 2322 2039; baseline -0.008 -17"><span class='ocrx_word' id='word_1_115' title='bbox 750 1968 1011 2039; x_wconf 83' lang='lat' dir='ltr'><strong>quidnam</strong></span> <span class='ocrx_word' id='word_1_116' title='bbox 1078 1983 1177 2021; x_wconf 80' lang='lat' dir='ltr'><strong>vox</strong></span> <span class='ocrx_word' id='word_1_117' title='bbox 1212 1965 1517 2019; x_wconf 80' lang='lat' dir='ltr'><strong>Musulman</strong></span> <span class='ocrx_word' id='word_1_118' title='bbox 1579 1960 1775 2016; x_wconf 77' lang='lat' dir='ltr'><strong>Turcis</strong></span> <span class='ocrx_word' id='word_1_119' title='bbox 1837 1959 2194 2030; x_wconf 78' lang='lat' dir='ltr'><strong>si&#39;gnillcarel,</strong></span> <span class='ocrx_word' id='word_1_120' title='bbox 2235 1972 2322 2011; x_wconf 87' lang='lat' dir='ltr'><strong>re-</strong></span> 
     </span>
    </p>
   </div>
   <div class='ocr_carea' id='block_1_21' title="bbox 749 2050 2322 2130">
    <p class='ocr_par' dir='ltr' id='par_1_21' title="bbox 749 2050 2322 2130">
     <span class='ocr_line' id='line_1_21' title="bbox 749 2050 2322 2130; baseline -0.01 -15"><span class='ocrx_word' id='word_1_121' title='bbox 749 2062 1018 2130; x_wconf 87' lang='lat' dir='ltr'><strong>spondere</strong></span> <span class='ocrx_word' id='word_1_122' title='bbox 1061 2057 1306 2119; x_wconf 87' lang='lat' dir='ltr'><strong>memini,</strong></span> <span class='ocrx_word' id='word_1_123' title='bbox 1359 2054 1466 2106; x_wconf 91' lang='lat' dir='ltr'><strong>vim</strong></span> <span class='ocrx_word' id='word_1_124' title='bbox 1501 2051 1652 2106; x_wconf 89' lang='lat' dir='ltr'><strong>illius</strong></span> <span class='ocrx_word' id='word_1_125' title='bbox 1710 2050 1956 2104; x_wconf 85' lang='lat' dir='ltr'><strong>eamdem</strong></span> <span class='ocrx_word' id='word_1_126' title='bbox 2023 2063 2146 2103; x_wconf 89' lang='lat' dir='ltr'><strong>esse</strong></span> <span class='ocrx_word' id='word_1_127' title='bbox 2198 2061 2322 2101; x_wconf 90' lang='lat' dir='ltr'><strong>cum</strong></span> 
     </span>
    </p>
   </div>
   <div class='ocr_carea' id='block_1_22' title="bbox 749 2138 2325 2206">
    <p class='ocr_par' dir='ltr' id='par_1_22' title="bbox 749 2138 2325 2206">
     <span class='ocr_line' id='line_1_22' title="bbox 749 2138 2325 2206; baseline -0.006 -3"><span class='ocrx_word' id='word_1_128' title='bbox 749 2148 1047 2206; x_wconf 77' lang='lat' dir='ltr'><strong>Urtliodoxi</strong></span> <span class='ocrx_word' id='word_1_129' title='bbox 1086 2147 1309 2202; x_wconf 90' lang='lat' dir='ltr'><strong>nomine</strong></span> <span class='ocrx_word' id='word_1_130' title='bbox 1353 2139 1801 2197; x_wconf 63' lang='lat' dir='ltr'><strong>(irwcoNixerat</strong></span> <span class='ocrx_word' id='word_1_131' title='bbox 1853 2149 2035 2193; x_wconf 86' lang='lat' dir='ltr'><strong>autem</strong></span> <span class='ocrx_word' id='word_1_132' title='bbox 2069 2138 2157 2192; x_wconf 91' lang='lat' dir='ltr'><strong>ille</strong></span> <span class='ocrx_word' id='word_1_133' title='bbox 2179 2146 2325 2193; x_wconf 88' lang='lat' dir='ltr'><strong>totos</strong></span> 
     </span>
    </p>
   </div>
   <div class='ocr_carea' id='block_1_23' title="bbox 748 2227 2323 2311">
    <p class='ocr_par' dir='ltr' id='par_1_23' title="bbox 748 2227 2323 2311">
     <span class='ocr_line' id='line_1_23' title="bbox 748 2227 2323 2311; baseline -0.006 -16"><span class='ocrx_word' id='word_1_134' title='bbox 748 2255 874 2298; x_wconf 91' lang='lat' dir='ltr'><strong>octo</strong></span> <span class='ocrx_word' id='word_1_135' title='bbox 899 2241 1213 2311; x_wconf 73' lang='lat' dir='ltr'><strong>rcipublica:</strong></span> <span class='ocrx_word' id='word_1_136' title='bbox 1243 2252 1411 2292; x_wconf 89' lang='lat' dir='ltr'><strong>causa</strong></span> <span class='ocrx_word' id='word_1_137' title='bbox 1447 2243 1578 2289; x_wconf 91' lang='lat' dir='ltr'><strong>tunc</strong></span> <span class='ocrx_word' id='word_1_138' title='bbox 1634 2247 1807 2288; x_wconf 90' lang='lat' dir='ltr'><strong>annos</strong></span> <span class='ocrx_word' id='word_1_139' title='bbox 1840 2232 1981 2286; x_wconf 86' lang='lat' dir='ltr'><strong>inter</strong></span> <span class='ocrx_word' id='word_1_140' title='bbox 2029 2227 2323 2295; x_wconf 79' lang='lat' dir='ltr'><strong>Barbaros,</strong></span> 
     </span>
    </p>
   </div>
   <div class='ocr_carea' id='block_1_24' title="bbox 747 2320 2326 2404">
    <p class='ocr_par' dir='ltr' id='par_1_24' title="bbox 747 2320 2326 2404">
     <span class='ocr_line' id='line_1_24' title="bbox 747 2320 2326 2404; baseline -0.009 -16"><span class='ocrx_word' id='word_1_141' title='bbox 747 2348 1051 2404; x_wconf 83' lang='lat' dir='ltr'><strong>eorumque</strong></span> <span class='ocrx_word' id='word_1_142' title='bbox 1101 2332 1344 2400; x_wconf 84' lang='lat' dir='ltr'><strong>linguam</strong></span> <span class='ocrx_word' id='word_1_143' title='bbox 1397 2336 1577 2382; x_wconf 85' lang='lat' dir='ltr'><strong>norat.</strong></span> <span class='ocrx_word' id='word_1_144' title='bbox 1613 2324 1751 2380; x_wconf 89' lang='lat' dir='ltr'><strong>Cum</strong></span> <span class='ocrx_word' id='word_1_145' title='bbox 1795 2323 1960 2394; x_wconf 90' lang='lat' dir='ltr'><strong>igitur</strong></span> <span class='ocrx_word' id='word_1_146' title='bbox 1996 2320 2202 2377; x_wconf 64' lang='lat' dir='ltr'><strong>Gracis</strong></span> <span class='ocrx_word' id='word_1_147' title='bbox 2233 2335 2326 2375; x_wconf 63' lang='lat' dir='ltr'><strong>ora</strong></span> 
     </span>
    </p>
   </div>
   <div class='ocr_carea' id='block_1_25' title="bbox 749 2414 2325 2494">
    <p class='ocr_par' dir='ltr' id='par_1_25' title="bbox 749 2414 2325 2494">
     <span class='ocr_line' id='line_1_25' title="bbox 749 2414 2325 2494; baseline -0.01 -12"><span class='ocrx_word' id='word_1_148' title='bbox 749 2429 1022 2484; x_wconf 81' lang='lat' dir='ltr'><strong>tliodoxus</strong></span> <span class='ocrx_word' id='word_1_149' title='bbox 1050 2428 1142 2488; x_wconf 86' lang='lat' dir='ltr'><strong>sit,</strong></span> <span class='ocrx_word' id='word_1_150' title='bbox 1192 2425 1284 2494; x_wconf 87' lang='lat' dir='ltr'><strong>qui</strong></span> <span class='ocrx_word' id='word_1_151' title='bbox 1319 2431 1522 2477; x_wconf 90' lang='lat' dir='ltr'><strong>rectam</strong></span> <span class='ocrx_word' id='word_1_152' title='bbox 1577 2419 1906 2473; x_wconf 87' lang='lat' dir='ltr'><strong>sententiam</strong></span> <span class='ocrx_word' id='word_1_153' title='bbox 1955 2423 2121 2478; x_wconf 85' lang='lat' dir='ltr'><strong>tenet,</strong></span> <span class='ocrx_word' id='word_1_154' title='bbox 2151 2414 2325 2468; x_wconf 82' lang='lat' dir='ltr'><strong>idem-</strong></span> 
     </span>
    </p>
   </div>
   <div class='ocr_carea' id='block_1_26' title="bbox 748 2506 2322 2593">
    <p class='ocr_par' dir='ltr' id='par_1_26' title="bbox 748 2506 2322 2593">
     <span class='ocr_line' id='line_1_26' title="bbox 748 2506 2322 2593; baseline -0.01 -18"><span class='ocrx_word' id='word_1_155' title='bbox 748 2539 856 2593; x_wconf 89' lang='lat' dir='ltr'><strong>que</strong></span> <span class='ocrx_word' id='word_1_156' title='bbox 911 2519 1183 2590; x_wconf 78' lang='lat' dir='ltr'><strong>signiﬁcet</strong></span> <span class='ocrx_word' id='word_1_157' title='bbox 1237 2512 1559 2570; x_wconf 80' lang='lat' dir='ltr'><strong>vocabulum</strong></span> <span class='ocrx_word' id='word_1_158' title='bbox 1623 2509 1918 2564; x_wconf 89' lang='lat' dir='ltr'><strong>Turcicum</strong></span> <span class='ocrx_word' id='word_1_159' title='bbox 1970 2506 2322 2562; x_wconf 77' lang='lat' dir='ltr'><strong>Musulman:</strong></span> 
     </span>
    </p>
   </div>
   <div class='ocr_carea' id='block_1_27' title="bbox 751 2600 2327 2686">
    <p class='ocr_par' dir='ltr' id='par_1_27' title="bbox 751 2600 2327 2686">
     <span class='ocr_line' id='line_1_27' title="bbox 751 2600 2327 2686; baseline -0.012 -14"><span class='ocrx_word' id='word_1_160' title='bbox 751 2618 1024 2686; x_wconf 89' lang='lat' dir='ltr'><strong>sequitur,</strong></span> <span class='ocrx_word' id='word_1_161' title='bbox 1073 2610 1399 2666; x_wconf 87' lang='lat' dir='ltr'><strong>Ortliobulis</strong></span> <span class='ocrx_word' id='word_1_162' title='bbox 1467 2619 1686 2676; x_wconf 88' lang='lat' dir='ltr'><strong>quoque</strong></span> <span class='ocrx_word' id='word_1_163' title='bbox 1756 2618 1952 2657; x_wconf 88' lang='lat' dir='ltr'><strong>nomen</strong></span> <span class='ocrx_word' id='word_1_164' title='bbox 2009 2600 2151 2655; x_wconf 87' lang='lat' dir='ltr'><strong>idem</strong></span> <span class='ocrx_word' id='word_1_165' title='bbox 2204 2613 2327 2654; x_wconf 87' lang='lat' dir='ltr'><strong>esse</strong></span> 
     </span>
    </p>
   </div>
   <div class='ocr_carea' id='block_1_28' title="bbox 751 2689 2324 2767">
    <p class='ocr_par' dir='ltr' id='par_1_28' title="bbox 751 2689 2324 2767">
     <span class='ocr_line' id='line_1_28' title="bbox 751 2689 2324 2767; baseline -0.011 -5"><span class='ocrx_word' id='word_1_166' title='bbox 751 2725 875 2763; x_wconf 89' lang='lat' dir='ltr'><strong>cttm</strong></span> <span class='ocrx_word' id='word_1_167' title='bbox 910 2705 1280 2765; x_wconf 84' lang='lat' dir='ltr'><strong>Musulmano,</strong></span> <span class='ocrx_word' id='word_1_168' title='bbox 1310 2699 1528 2767; x_wconf 92' lang='lat' dir='ltr'><strong>quando</strong></span> <span class='ocrx_word' id='word_1_169' title='bbox 1561 2697 1640 2752; x_wconf 92' lang='lat' dir='ltr'><strong>sic</strong></span> <span class='ocrx_word' id='word_1_170' title='bbox 1668 2695 1874 2749; x_wconf 69' lang='lat' dir='ltr'><strong>Graecis</strong></span> <span class='ocrx_word' id='word_1_171' title='bbox 1914 2692 2220 2761; x_wconf 84' lang='lat' dir='ltr'><strong>appellatur</strong></span> <span class='ocrx_word' id='word_1_172' title='bbox 2255 2689 2324 2756; x_wconf 93' lang='lat' dir='ltr'><strong>is,</strong></span> 
     </span>
    </p>
   </div>
   <div class='ocr_carea' id='block_1_29' title="bbox 745 2781 2327 2870">
    <p class='ocr_par' dir='ltr' id='par_1_29' title="bbox 745 2781 2327 2870">
     <span class='ocr_line' id='line_1_29' title="bbox 745 2781 2327 2870; baseline -0.013 -14"><span class='ocrx_word' id='word_1_173' title='bbox 745 2800 914 2870; x_wconf 85' lang='lat' dir='ltr'><strong>cujus</strong></span> <span class='ocrx_word' id='word_1_174' title='bbox 957 2806 1169 2851; x_wconf 84' lang='lat' dir='ltr'><strong>rectum</strong></span> <span class='ocrx_word' id='word_1_175' title='bbox 1204 2793 1523 2857; x_wconf 90' lang='lat' dir='ltr'><strong>consilium,</strong></span> <span class='ocrx_word' id='word_1_176' title='bbox 1567 2798 1714 2843; x_wconf 86' lang='lat' dir='ltr'><strong>recta</strong></span> <span class='ocrx_word' id='word_1_177' title='bbox 1771 2786 2024 2840; x_wconf 84' lang='lat' dir='ltr'><strong>voluntas</strong></span> <span class='ocrx_word' id='word_1_178' title='bbox 2069 2793 2175 2839; x_wconf 77' lang='lat' dir='ltr'><strong>est.</strong></span> <span class='ocrx_word' id='word_1_179' title='bbox 2213 2781 2327 2837; x_wconf 86' lang='lat' dir='ltr'><strong>lloc</strong></span> 
     </span>
    </p>
   </div>
   <div class='ocr_carea' id='block_1_30' title="bbox 751 2876 2316 2954">
    <p class='ocr_par' dir='ltr' id='par_1_30' title="bbox 751 2876 2316 2954">
     <span class='ocr_line' id='line_1_30' title="bbox 751 2876 2316 2954; baseline -0.012 -8"><span class='ocrx_word' id='word_1_180' title='bbox 751 2892 914 2946; x_wconf 87' lang='lat' dir='ltr'><strong>modo</strong></span> <span class='ocrx_word' id='word_1_181' title='bbox 945 2887 1235 2942; x_wconf 75' lang='lat' dir='ltr'><strong>manifesto</strong></span> <span class='ocrx_word' id='word_1_182' title='bbox 1270 2891 1446 2954; x_wconf 83' lang='lat' dir='ltr'><strong>paret,</strong></span> <span class='ocrx_word' id='word_1_183' title='bbox 1494 2880 1637 2934; x_wconf 89' lang='lat' dir='ltr'><strong>unde</strong></span> <span class='ocrx_word' id='word_1_184' title='bbox 1671 2876 2129 2945; x_wconf 82' lang='lat' dir='ltr'><strong>Clialcocondylis</strong></span> <span class='ocrx_word' id='word_1_185' title='bbox 2161 2889 2316 2930; x_wconf 86' lang='lat' dir='ltr'><strong>error</strong></span> 
     </span>
    </p>
   </div>
   <div class='ocr_carea' id='block_1_31' title="bbox 752 2967 2328 3043">
    <p class='ocr_par' dir='ltr' id='par_1_31' title="bbox 752 2967 2328 3043">
     <span class='ocr_line' id='line_1_31' title="bbox 752 2967 2328 3043; baseline -0.01 -7"><span class='ocrx_word' id='word_1_186' title='bbox 752 2982 1008 3043; x_wconf 81' lang='lat' dir='ltr'><strong>manarit,</strong></span> <span class='ocrx_word' id='word_1_187' title='bbox 1044 2978 1184 3032; x_wconf 83' lang='lat' dir='ltr'><strong>duos</strong></span> <span class='ocrx_word' id='word_1_188' title='bbox 1211 2991 1275 3029; x_wconf 79' lang='lat' dir='ltr'><strong>ex</strong></span> <span class='ocrx_word' id='word_1_189' title='bbox 1309 2989 1419 3028; x_wconf 95' lang='lat' dir='ltr'><strong>uno</strong></span> <span class='ocrx_word' id='word_1_190' title='bbox 1450 2972 1707 3040; x_wconf 80' lang='lat' dir='ltr'><strong>Bajazitis</strong></span> <span class='ocrx_word' id='word_1_191' title='bbox 1741 2970 1881 3023; x_wconf 89' lang='lat' dir='ltr'><strong>lilios</strong></span> <span class='ocrx_word' id='word_1_192' title='bbox 1910 2967 2172 3022; x_wconf 79' lang='lat' dir='ltr'><strong>facientis</strong></span> <span class='ocrx_word' id='word_1_193' title='bbox 2201 2986 2213 3022; x_wconf 88' lang='lat'><strong>:</strong></span> <span class='ocrx_word' id='word_1_194' title='bbox 2260 2982 2328 3022; x_wconf 73' lang='lat' dir='ltr'><strong>ex</strong></span> 
     </span>
    </p>
   </div>
   <div class='ocr_carea' id='block_1_32' title="bbox 751 3059 2326 3137">
    <p class='ocr_par' dir='ltr' id='par_1_32' title="bbox 751 3059 2326 3137">
     <span class='ocr_line' id='line_1_32' title="bbox 751 3059 2326 3137; baseline -0.012 -7"><span class='ocrx_word' id='word_1_195' title='bbox 751 3089 816 3131; x_wconf 84' lang='lat' dir='ltr'><strong>eo</strong></span> <span class='ocrx_word' id='word_1_196' title='bbox 846 3073 1127 3135; x_wconf 89' lang='lat' dir='ltr'><strong>nimirum,</strong></span> <span class='ocrx_word' id='word_1_197' title='bbox 1171 3069 1311 3137; x_wconf 86' lang='lat' dir='ltr'><strong>quod</strong></span> <span class='ocrx_word' id='word_1_198' title='bbox 1343 3082 1510 3120; x_wconf 87' lang='lat' dir='ltr'><strong>unum</strong></span> <span class='ocrx_word' id='word_1_199' title='bbox 1557 3065 1612 3117; x_wconf 92' lang='lat' dir='ltr'><strong>in</strong></span> <span class='ocrx_word' id='word_1_200' title='bbox 1639 3063 1780 3117; x_wconf 91' lang='lat' dir='ltr'><strong>duos</strong></span> <span class='ocrx_word' id='word_1_201' title='bbox 1813 3061 2200 3128; x_wconf 84' lang='lat' dir='ltr'><strong>distingueret,</strong></span> <span class='ocrx_word' id='word_1_202' title='bbox 2239 3059 2326 3114; x_wconf 92' lang='lat' dir='ltr'><strong>cui</strong></span> 
     </span>
    </p>
   </div>
   <div class='ocr_carea' id='block_1_33' title="bbox 751 3145 2324 3226">
    <p class='ocr_par' dir='ltr' id='par_1_33' title="bbox 751 3145 2324 3226">
     <span class='ocr_line' id='line_1_33' title="bbox 751 3145 2324 3226; baseline -0.013 -5"><span class='ocrx_word' id='word_1_203' title='bbox 751 3145 986 3221; x_wconf 82' lang='lat' dir='ltr'><strong>diversis</strong></span> <span class='ocrx_word' id='word_1_204' title='bbox 1055 3162 1108 3214; x_wconf 93' lang='lat' dir='ltr'><strong>in</strong></span> <span class='ocrx_word' id='word_1_205' title='bbox 1158 3156 1360 3226; x_wconf 79' lang='lat' dir='ltr'><strong>linguis</strong></span> <span class='ocrx_word' id='word_1_206' title='bbox 1422 3154 1724 3213; x_wconf 77' lang='lat' dir='ltr'><strong>diversum,</strong></span> <span class='ocrx_word' id='word_1_207' title='bbox 1761 3150 1855 3205; x_wconf 87' lang='lat' dir='ltr'><strong>sed</strong></span> <span class='ocrx_word' id='word_1_208' title='bbox 1921 3149 2087 3203; x_wconf 90' lang='lat' dir='ltr'><strong>unius</strong></span> <span class='ocrx_word' id='word_1_209' title='bbox 2145 3157 2324 3201; x_wconf 89' lang='lat' dir='ltr'><strong>tamen</strong></span> 
     </span>
    </p>
   </div>
   <div class='ocr_carea' id='block_1_34' title="bbox 753 3240 2328 3327">
    <p class='ocr_par' dir='ltr' id='par_1_34' title="bbox 753 3240 2328 3327">
     <span class='ocr_line' id='line_1_34' title="bbox 753 3240 2328 3327; baseline -0.012 -15"><span class='ocrx_word' id='word_1_210' title='bbox 753 3253 1068 3327; x_wconf 85' lang='lat' dir='ltr'><strong>sigtiilicati,</strong></span> <span class='ocrx_word' id='word_1_211' title='bbox 1109 3265 1306 3304; x_wconf 85' lang='lat' dir='ltr'><strong>nomen</strong></span> <span class='ocrx_word' id='word_1_212' title='bbox 1356 3257 1496 3300; x_wconf 82' lang='lat' dir='ltr'><strong>erat.</strong></span> <span class='ocrx_word' id='word_1_213' title='bbox 1531 3243 1641 3299; x_wconf 81' lang='lat' dir='ltr'><strong>Nec</strong></span> <span class='ocrx_word' id='word_1_214' title='bbox 1676 3245 1810 3297; x_wconf 85' lang='lat' dir='ltr'><strong>milii</strong></span> <span class='ocrx_word' id='word_1_215' title='bbox 1848 3242 2138 3311; x_wconf 87' lang='lat' dir='ltr'><strong>quisquam</strong></span> <span class='ocrx_word' id='word_1_216' title='bbox 2182 3240 2328 3311; x_wconf 85' lang='lat' dir='ltr'><strong>obje-</strong></span> 
     </span>
    </p>
   </div>
   <div class='ocr_carea' id='block_1_35' title="bbox 755 3333 2322 3411">
    <p class='ocr_par' dir='ltr' id='par_1_35' title="bbox 755 3333 2322 3411">
     <span class='ocr_line' id='line_1_35' title="bbox 755 3333 2322 3411; baseline -0.01 -8"><span class='ocrx_word' id='word_1_217' title='bbox 755 3349 909 3411; x_wconf 91' lang='lat' dir='ltr'><strong>cerit,</strong></span> <span class='ocrx_word' id='word_1_218' title='bbox 943 3343 1088 3399; x_wconf 87' lang='lat' dir='ltr'><strong>aliud</strong></span> <span class='ocrx_word' id='word_1_219' title='bbox 1127 3356 1247 3396; x_wconf 85' lang='lat' dir='ltr'><strong>esse</strong></span> <span class='ocrx_word' id='word_1_220' title='bbox 1308 3339 1638 3402; x_wconf 79' lang='lat' dir='ltr'><strong>Musulman,</strong></span> <span class='ocrx_word' id='word_1_221' title='bbox 1692 3345 1747 3390; x_wconf 88' lang='lat' dir='ltr'><strong>et</strong></span> <span class='ocrx_word' id='word_1_222' title='bbox 1790 3335 1936 3389; x_wconf 83' lang='lat' dir='ltr'><strong>aliud</strong></span> <span class='ocrx_word' id='word_1_223' title='bbox 1992 3333 2322 3388; x_wconf 79' lang='lat' dir='ltr'><strong>Mulsumau.</strong></span> 
     </span>
    </p>
   </div>
   <div class='ocr_carea' id='block_1_36' title="bbox 753 3426 2330 3512">
    <p class='ocr_par' dir='ltr' id='par_1_36' title="bbox 753 3426 2330 3512">
     <span class='ocr_line' id='line_1_36' title="bbox 753 3426 2330 3512; baseline -0.01 -16"><span class='ocrx_word' id='word_1_224' title='bbox 753 3443 964 3512; x_wconf 84' lang='lat' dir='ltr'><strong>Quippe</strong></span> <span class='ocrx_word' id='word_1_225' title='bbox 994 3455 1179 3495; x_wconf 91' lang='lat' dir='ltr'><strong>vocem</strong></span> <span class='ocrx_word' id='word_1_226' title='bbox 1216 3436 1522 3491; x_wconf 83' lang='lat' dir='ltr'><strong>Musulmau</strong></span> <span class='ocrx_word' id='word_1_227' title='bbox 1569 3449 1597 3486; x_wconf 89' lang='lat' dir='ltr'><strong>a</strong></span> <span class='ocrx_word' id='word_1_228' title='bbox 1628 3432 1832 3487; x_wconf 70' lang='lat' dir='ltr'><strong>Gramis</strong></span> <span class='ocrx_word' id='word_1_229' title='bbox 1887 3429 2158 3486; x_wconf 89' lang='lat' dir='ltr'><strong>enuntiari</strong></span> <span class='ocrx_word' id='word_1_230' title='bbox 2196 3426 2330 3481; x_wconf 79' lang='lat' dir='ltr'><strong>Mul-</strong></span> 
     </span>
    </p>
   </div>
   <div class='ocr_carea' id='block_1_37' title="bbox 753 3517 2327 3597">
    <p class='ocr_par' dir='ltr' id='par_1_37' title="bbox 753 3517 2327 3597">
     <span class='ocr_line' id='line_1_37' title="bbox 753 3517 2327 3597; baseline -0.011 -9"><span class='ocrx_word' id='word_1_231' title='bbox 753 3549 972 3597; x_wconf 81' lang='lat' dir='ltr'><strong>suman,</strong></span> <span class='ocrx_word' id='word_1_232' title='bbox 1018 3541 1072 3586; x_wconf 90' lang='lat' dir='ltr'><strong>et</strong></span> <span class='ocrx_word' id='word_1_233' title='bbox 1130 3532 1183 3584; x_wconf 92' lang='lat' dir='ltr'><strong>in</strong></span> <span class='ocrx_word' id='word_1_234' title='bbox 1251 3527 1521 3590; x_wconf 72' lang='lat' dir='ltr'><strong>historiis,</strong></span> <span class='ocrx_word' id='word_1_235' title='bbox 1583 3537 1634 3580; x_wconf 89' lang='lat' dir='ltr'><strong>et</strong></span> <span class='ocrx_word' id='word_1_236' title='bbox 1688 3523 1812 3578; x_wconf 90' lang='lat' dir='ltr'><strong>aliis</strong></span> <span class='ocrx_word' id='word_1_237' title='bbox 1859 3525 2106 3592; x_wconf 83' lang='lat' dir='ltr'><strong>ipsorum</strong></span> <span class='ocrx_word' id='word_1_238' title='bbox 2169 3517 2327 3573; x_wconf 85' lang='lat' dir='ltr'><strong>libris</strong></span> 
     </span>
    </p>
   </div>
   <div class='ocr_carea' id='block_1_38' title="bbox 756 3608 2332 3695">
    <p class='ocr_par' dir='ltr' id='par_1_38' title="bbox 756 3608 2332 3695">
     <span class='ocr_line' id='line_1_38' title="bbox 756 3608 2332 3695; baseline -0.013 -15"><span class='ocrx_word' id='word_1_239' title='bbox 756 3626 1061 3695; x_wconf 74' lang='lat' dir='ltr'><strong>saepissime</strong></span> <span class='ocrx_word' id='word_1_240' title='bbox 1097 3618 1457 3691; x_wconf 69' lang='lat' dir='ltr'><strong>deiireliendi.</strong></span> <span class='ocrx_word' id='word_1_241' title='bbox 1489 3617 1636 3682; x_wconf 83' lang='lat' dir='ltr'><strong>Quin</strong></span> <span class='ocrx_word' id='word_1_242' title='bbox 1668 3615 1833 3670; x_wconf 89' lang='lat' dir='ltr'><strong>etiam</strong></span> <span class='ocrx_word' id='word_1_243' title='bbox 1870 3613 2094 3667; x_wconf 85' lang='lat' dir='ltr'><strong>verbum</strong></span> <span class='ocrx_word' id='word_1_244' title='bbox 2126 3608 2332 3665; x_wconf 72' lang='lat' dir='ltr'><strong>Musul-</strong></span> 
     </span>
    </p>
   </div>
   <div class='ocr_carea' id='block_1_39' title="bbox 757 3702 2328 3782">
    <p class='ocr_par' dir='ltr' id='par_1_39' title="bbox 757 3702 2328 3782">
     <span class='ocr_line' id='line_1_39' title="bbox 757 3702 2328 3782; baseline -0.013 -7"><span class='ocrx_word' id='word_1_245' title='bbox 757 3720 1082 3779; x_wconf 88' lang='lat' dir='ltr'><strong>nianissare,</strong></span> <span class='ocrx_word' id='word_1_246' title='bbox 1125 3716 1193 3769; x_wconf 87' lang='lat' dir='ltr'><strong>de</strong></span> <span class='ocrx_word' id='word_1_247' title='bbox 1243 3727 1354 3782; x_wconf 91' lang='lat' dir='ltr'><strong>quo</strong></span> <span class='ocrx_word' id='word_1_248' title='bbox 1397 3711 1655 3779; x_wconf 86' lang='lat' dir='ltr'><strong>superius</strong></span> <span class='ocrx_word' id='word_1_249' title='bbox 1697 3708 1907 3762; x_wconf 86' lang='lat' dir='ltr'><strong>dictum</strong></span> <span class='ocrx_word' id='word_1_250' title='bbox 1960 3719 2187 3760; x_wconf 89' lang='lat' dir='ltr'><strong>numero</strong></span> <span class='ocrx_word' id='word_1_251' title='bbox 2235 3702 2328 3769; x_wconf 69' lang='lat'><strong>22,</strong></span> 
     </span>
    </p>
   </div>
   <div class='ocr_carea' id='block_1_40' title="bbox 757 3796 2331 3874">
    <p class='ocr_par' dir='ltr' id='par_1_40' title="bbox 757 3796 2331 3874">
     <span class='ocr_line' id='line_1_40' title="bbox 757 3796 2331 3874; baseline -0.011 -8"><span class='ocrx_word' id='word_1_252' title='bbox 757 3812 944 3867; x_wconf 90' lang='lat' dir='ltr'><strong>nmltis</strong></span> <span class='ocrx_word' id='word_1_253' title='bbox 971 3811 1023 3866; x_wconf 93' lang='lat' dir='ltr'><strong>in</strong></span> <span class='ocrx_word' id='word_1_254' title='bbox 1069 3807 1203 3862; x_wconf 91' lang='lat' dir='ltr'><strong>locis</strong></span> <span class='ocrx_word' id='word_1_255' title='bbox 1253 3807 1395 3874; x_wconf 90' lang='lat' dir='ltr'><strong>apud</strong></span> <span class='ocrx_word' id='word_1_256' title='bbox 1453 3801 1674 3858; x_wconf 86' lang='lat' dir='ltr'><strong>Gra-cos</strong></span> <span class='ocrx_word' id='word_1_257' title='bbox 1723 3801 1791 3854; x_wconf 87' lang='lat' dir='ltr'><strong>ita</strong></span> <span class='ocrx_word' id='word_1_258' title='bbox 1822 3806 2089 3852; x_wconf 89' lang='lat' dir='ltr'><strong>mutatum</strong></span> <span class='ocrx_word' id='word_1_259' title='bbox 2150 3796 2331 3864; x_wconf 88' lang='lat' dir='ltr'><strong>reperi</strong></span> 
     </span>
    </p>
   </div>
   <div class='ocr_carea' id='block_1_41' title="bbox 757 3890 2328 3972">
    <p class='ocr_par' dir='ltr' id='par_1_41' title="bbox 757 3890 2328 3972">
     <span class='ocr_line' id='line_1_41' title="bbox 757 3890 2328 3972; baseline -0.013 -13"><span class='ocrx_word' id='word_1_260' title='bbox 757 3903 1112 3972; x_wconf 89' lang='lat' dir='ltr'><strong>transpositis</strong></span> <span class='ocrx_word' id='word_1_261' title='bbox 1143 3899 1363 3960; x_wconf 88' lang='lat' dir='ltr'><strong>litteris,</strong></span> <span class='ocrx_word' id='word_1_262' title='bbox 1401 3905 1462 3948; x_wconf 92' lang='lat' dir='ltr'><strong>ut</strong></span> <span class='ocrx_word' id='word_1_263' title='bbox 1499 3891 1990 3947; x_wconf 81' lang='lat' dir='ltr'><strong>Mulsumanissare</strong></span> <span class='ocrx_word' id='word_1_264' title='bbox 2033 3890 2328 3957; x_wconf 82' lang='lat' dir='ltr'><strong>legeretur.</strong></span> 
     </span>
    </p>
   </div>
   <div class='ocr_carea' id='block_1_42' title="bbox 757 3979 2330 4063">
    <p class='ocr_par' dir='ltr' id='par_1_42' title="bbox 757 3979 2330 4063">
     <span class='ocr_line' id='line_1_42' title="bbox 757 3979 2330 4063; baseline -0.012 -10"><span class='ocrx_word' id='word_1_265' title='bbox 757 4001 836 4053; x_wconf 87' lang='lat' dir='ltr'><strong>Ne</strong></span> <span class='ocrx_word' id='word_1_266' title='bbox 879 3999 980 4051; x_wconf 90' lang='lat' dir='ltr'><strong>hoc</strong></span> <span class='ocrx_word' id='word_1_267' title='bbox 1011 3993 1232 4063; x_wconf 84' lang='lat' dir='ltr'><strong>quidem</strong></span> <span class='ocrx_word' id='word_1_268' title='bbox 1287 3988 1601 4050; x_wconf 84' lang='lat' dir='ltr'><strong>tacendum,</strong></span> <span class='ocrx_word' id='word_1_269' title='bbox 1655 3997 2002 4054; x_wconf 62' lang='lat' dir='ltr'><strong>quascunque</strong></span> <span class='ocrx_word' id='word_1_270' title='bbox 2043 3979 2210 4034; x_wconf 79' lang='lat' dir='ltr'><strong>Turci</strong></span> <span class='ocrx_word' id='word_1_271' title='bbox 2262 3979 2330 4034; x_wconf 88' lang='lat' dir='ltr'><strong>de</strong></span> 
     </span>
    </p>
   </div>
   <div class='ocr_carea' id='block_1_43' title="bbox 760 4076 2329 4148">
    <p class='ocr_par' dir='ltr' id='par_1_43' title="bbox 760 4076 2329 4148">
     <span class='ocr_line' id='line_1_43' title="bbox 760 4076 2329 4148; baseline -0.015 0"><span class='ocrx_word' id='word_1_272' title='bbox 760 4092 1071 4148; x_wconf 78' lang='lat' dir='ltr'><strong>Soleimaue</strong></span> <span class='ocrx_word' id='word_1_273' title='bbox 1115 4092 1446 4143; x_wconf 83' lang='lat' dir='ltr'><strong>memorant,</strong></span> <span class='ocrx_word' id='word_1_274' title='bbox 1485 4095 1514 4134; x_wconf 91' lang='lat' dir='ltr'><strong>a</strong></span> <span class='ocrx_word' id='word_1_275' title='bbox 1561 4079 1801 4132; x_wconf 87' lang='lat' dir='ltr'><strong>Laonico</strong></span> <span class='ocrx_word' id='word_1_276' title='bbox 1833 4079 1898 4131; x_wconf 90' lang='lat' dir='ltr'><strong>ad</strong></span> <span class='ocrx_word' id='word_1_277' title='bbox 1933 4076 2329 4130; x_wconf 79' lang='lat' dir='ltr'><strong>Musnlmanem</strong></span> 
     </span>
    </p>
   </div>
   <div class='ocr_carea' id='block_1_44' title="bbox 758 4169 2335 4248">
    <p class='ocr_par' dir='ltr' id='par_1_44' title="bbox 758 4169 2335 4248">
     <span class='ocr_line' id='line_1_44' title="bbox 758 4169 2335 4248; baseline -0.015 -8"><span class='ocrx_word' id='word_1_278' title='bbox 758 4175 1131 4248; x_wconf 81' lang='lat' dir='ltr'><strong>rel‘erri.Quis</strong></span> <span class='ocrx_word' id='word_1_279' title='bbox 1159 4193 1288 4247; x_wconf 84' lang='lat' dir='ltr'><strong>ergo</strong></span> <span class='ocrx_word' id='word_1_280' title='bbox 1345 4175 1458 4229; x_wconf 90' lang='lat' dir='ltr'><strong>lieri</strong></span> <span class='ocrx_word' id='word_1_281' title='bbox 1517 4186 1676 4242; x_wconf 85' lang='lat' dir='ltr'><strong>posse</strong></span> <span class='ocrx_word' id='word_1_282' title='bbox 1737 4185 1843 4223; x_wconf 91' lang='lat' dir='ltr'><strong>non</strong></span> <span class='ocrx_word' id='word_1_283' title='bbox 1900 4169 2203 4230; x_wconf 76' lang='lat' dir='ltr'><strong>existimet,</strong></span> <span class='ocrx_word' id='word_1_284' title='bbox 2275 4172 2335 4217; x_wconf 91' lang='lat' dir='ltr'><strong>ut</strong></span> 
     </span>
    </p>
   </div>
   <div class='ocr_carea' id='block_1_45' title="bbox 759 4260 2330 4332">
    <p class='ocr_par' dir='ltr' id='par_1_45' title="bbox 759 4260 2330 4332">
     <span class='ocr_line' id='line_1_45' title="bbox 759 4260 2330 4332; baseline -0.015 0"><span class='ocrx_word' id='word_1_285' title='bbox 759 4294 958 4332; x_wconf 89' lang='lat' dir='ltr'><strong>nomen</strong></span> <span class='ocrx_word' id='word_1_286' title='bbox 994 4276 1094 4327; x_wconf 79' lang='lat' dir='ltr'><strong>Mir</strong></span> <span class='ocrx_word' id='word_1_287' title='bbox 1142 4271 1367 4324; x_wconf 80' lang='lat' dir='ltr'><strong>Sulman</strong></span> <span class='ocrx_word' id='word_1_288' title='bbox 1411 4269 1478 4320; x_wconf 87' lang='lat' dir='ltr'><strong>ab</strong></span> <span class='ocrx_word' id='word_1_289' title='bbox 1526 4266 1728 4319; x_wconf 81' lang='lat' dir='ltr'><strong>exteris</strong></span> <span class='ocrx_word' id='word_1_290' title='bbox 1785 4268 2222 4315; x_wconf 87' lang='lat' dir='ltr'><strong>commutaretur</strong></span> <span class='ocrx_word' id='word_1_291' title='bbox 2279 4260 2330 4309; x_wconf 90' lang='lat' dir='ltr'><strong>in</strong></span> 
     </span>
    </p>
   </div>
   <div class='ocr_carea' id='block_1_46' title="bbox 760 4354 2326 4423">
    <p class='ocr_par' dir='ltr' id='par_1_46' title="bbox 760 4354 2326 4423">
     <span class='ocr_line' id='line_1_46' title="bbox 760 4354 2326 4423; baseline -0.015 0"><span class='ocrx_word' id='word_1_292' title='bbox 760 4365 1115 4423; x_wconf 85' lang='lat' dir='ltr'><strong>Mnsulman?</strong></span> <span class='ocrx_word' id='word_1_293' title='bbox 1165 4364 1257 4416; x_wconf 85' lang='lat' dir='ltr'><strong>Sic</strong></span> <span class='ocrx_word' id='word_1_294' title='bbox 1311 4368 1458 4414; x_wconf 90' lang='lat' dir='ltr'><strong>certe</strong></span> <span class='ocrx_word' id='word_1_295' title='bbox 1488 4356 1730 4410; x_wconf 66' lang='lat' dir='ltr'><strong>hlirclian</strong></span> <span class='ocrx_word' id='word_1_296' title='bbox 1795 4354 1998 4406; x_wconf 85' lang='lat' dir='ltr'><strong>alicubi</strong></span> <span class='ocrx_word' id='word_1_297' title='bbox 2057 4354 2326 4419; x_wconf 83' lang='lat' dir='ltr'><strong>scriptum</strong></span> 
     </span>
    </p>
   </div>
   <div class='ocr_carea' id='block_1_47' title="bbox 757 4440 2333 4529">
    <p class='ocr_par' dir='ltr' id='par_1_47' title="bbox 757 4440 2333 4529">
     <span class='ocr_line' id='line_1_47' title="bbox 757 4440 2333 4529; baseline -0.017 -11"><span class='ocrx_word' id='word_1_298' title='bbox 757 4465 935 4529; x_wconf 79' lang='lat' dir='ltr'><strong>legere</strong></span> <span class='ocrx_word' id='word_1_299' title='bbox 959 4458 1204 4518; x_wconf 88' lang='lat' dir='ltr'><strong>memini,</strong></span> <span class='ocrx_word' id='word_1_300' title='bbox 1233 4455 1324 4522; x_wconf 87' lang='lat' dir='ltr'><strong>qui</strong></span> <span class='ocrx_word' id='word_1_301' title='bbox 1365 4450 1585 4505; x_wconf 88' lang='lat' dir='ltr'><strong>nomine</strong></span> <span class='ocrx_word' id='word_1_302' title='bbox 1622 4449 1838 4515; x_wconf 88' lang='lat' dir='ltr'><strong>integro</strong></span> <span class='ocrx_word' id='word_1_303' title='bbox 1871 4445 2154 4498; x_wconf 89' lang='lat' dir='ltr'><strong>diceretur</strong></span> <span class='ocrx_word' id='word_1_304' title='bbox 2182 4440 2333 4493; x_wconf 87' lang='lat' dir='ltr'><strong>Emir</strong></span> 
     </span>
    </p>
   </div>
   <div class='ocr_carea' id='block_1_48' title="bbox 2434 551 4012 623">
    <p class='ocr_par' dir='ltr' id='par_1_48' title="bbox 2434 551 4012 623">
     <span class='ocr_line' id='line_1_48' title="bbox 2434 551 4012 623; baseline -0.003 -10"><span class='ocrx_word' id='word_1_305' title='bbox 2434 566 2541 613; x_wconf 89' lang='lat' dir='ltr'><strong>tein</strong></span> <span class='ocrx_word' id='word_1_306' title='bbox 2579 554 2814 611; x_wconf 85' lang='lat' dir='ltr'><strong>Temiris</strong></span> <span class='ocrx_word' id='word_1_307' title='bbox 2849 553 3083 610; x_wconf 89' lang='lat' dir='ltr'><strong>venisse.</strong></span> <span class='ocrx_word' id='word_1_308' title='bbox 3117 553 3257 619; x_wconf 90' lang='lat' dir='ltr'><strong>Quid</strong></span> <span class='ocrx_word' id='word_1_309' title='bbox 3288 555 3528 623; x_wconf 85' lang='lat' dir='ltr'><strong>optatius</strong></span> <span class='ocrx_word' id='word_1_310' title='bbox 3553 552 3803 608; x_wconf 84' lang='lat' dir='ltr'><strong>accidere</strong></span> <span class='ocrx_word' id='word_1_311' title='bbox 3829 551 4012 608; x_wconf 82' lang='lat' dir='ltr'><strong>Temi-</strong></span> 
     </span>
    </p>
   </div>
   <div class='ocr_carea' id='block_1_49' title="bbox 2431 648 4014 720">
    <p class='ocr_par' dir='ltr' id='par_1_49' title="bbox 2431 648 4014 720">
     <span class='ocr_line' id='line_1_49' title="bbox 2431 648 4014 720; baseline -0.003 -16"><span class='ocrx_word' id='word_1_312' title='bbox 2431 652 2476 705; x_wconf 91' lang='lat' dir='ltr'><strong>rl</strong></span> <span class='ocrx_word' id='word_1_313' title='bbox 2509 657 2742 720; x_wconf 89' lang='lat' dir='ltr'><strong>poterat,</strong></span> <span class='ocrx_word' id='word_1_314' title='bbox 2781 663 2942 717; x_wconf 89' lang='lat' dir='ltr'><strong>quam</strong></span> <span class='ocrx_word' id='word_1_315' title='bbox 3003 655 3197 718; x_wconf 55' lang='lat' dir='ltr'><strong>preter</strong></span> <span class='ocrx_word' id='word_1_316' title='bbox 3246 648 3423 716; x_wconf 84' lang='lat' dir='ltr'><strong>ipsum</strong></span> <span class='ocrx_word' id='word_1_317' title='bbox 3467 656 3674 715; x_wconf 77' lang='lat' dir='ltr'><strong>patrem</strong></span> <span class='ocrx_word' id='word_1_318' title='bbox 3727 648 3870 702; x_wconf 88' lang='lat' dir='ltr'><strong>lilios</strong></span> <span class='ocrx_word' id='word_1_319' title='bbox 3926 649 4014 701; x_wconf 83' lang='lat' dir='ltr'><strong>lia-</strong></span> 
     </span>
    </p>
   </div>
   <div class='ocr_carea' id='block_1_50' title="bbox 2431 737 4012 812">
    <p class='ocr_par' dir='ltr' id='par_1_50' title="bbox 2431 737 4012 812">
     <span class='ocr_line' id='line_1_50' title="bbox 2431 737 4012 812; baseline -0.003 -13"><span class='ocrx_word' id='word_1_320' title='bbox 2431 740 2556 799; x_wconf 85' lang='lat' dir='ltr'><strong>bere</strong></span> <span class='ocrx_word' id='word_1_321' title='bbox 2584 741 2636 794; x_wconf 86' lang='lat' dir='ltr'><strong>iii</strong></span> <span class='ocrx_word' id='word_1_322' title='bbox 2679 747 2968 812; x_wconf 87' lang='lat' dir='ltr'><strong>potestate,</strong></span> <span class='ocrx_word' id='word_1_323' title='bbox 3009 740 3209 809; x_wconf 88' lang='lat' dir='ltr'><strong>quibus</strong></span> <span class='ocrx_word' id='word_1_324' title='bbox 3245 740 3464 803; x_wconf 73' lang='lat' dir='ltr'><strong>occisis,</strong></span> <span class='ocrx_word' id='word_1_325' title='bbox 3503 737 3928 796; x_wconf 78' lang='lat' dir='ltr'><strong>0smanid-rnm</strong></span> <span class='ocrx_word' id='word_1_326' title='bbox 3964 742 4012 795; x_wconf 91' lang='lat' dir='ltr'><strong>in</strong></span> 
     </span>
    </p>
   </div>
   <div class='ocr_carea' id='block_1_51' title="bbox 2431 831 4016 904">
    <p class='ocr_par' dir='ltr' id='par_1_51' title="bbox 2431 831 4016 904">
     <span class='ocr_line' id='line_1_51' title="bbox 2431 831 4016 904; baseline -0.003 -14"><span class='ocrx_word' id='word_1_327' title='bbox 2431 836 2558 890; x_wconf 79' lang='lat' dir='ltr'><strong>Asia</strong></span> <span class='ocrx_word' id='word_1_328' title='bbox 2591 850 2776 904; x_wconf 88' lang='lat' dir='ltr'><strong>regno,</strong></span> <span class='ocrx_word' id='word_1_329' title='bbox 2802 835 3020 888; x_wconf 90' lang='lat' dir='ltr'><strong>nemine</strong></span> <span class='ocrx_word' id='word_1_330' title='bbox 3053 843 3412 903; x_wconf 76' lang='lat' dir='ltr'><strong>repugnante,</strong></span> <span class='ocrx_word' id='word_1_331' title='bbox 3436 844 3698 903; x_wconf 80' lang='lat' dir='ltr'><strong>perpetuo</strong></span> <span class='ocrx_word' id='word_1_332' title='bbox 3720 831 4016 888; x_wconf 80' lang='lat' dir='ltr'><strong>frueretur?</strong></span> 
     </span>
    </p>
   </div>
   <div class='ocr_carea' id='block_1_52' title="bbox 2433 925 4016 993">
    <p class='ocr_par' dir='ltr' id='par_1_52' title="bbox 2433 925 4016 993">
     <span class='ocr_line' id='line_1_52' title="bbox 2433 925 4016 993; baseline -0.002 -11"><span class='ocrx_word' id='word_1_333' title='bbox 2433 929 2503 982; x_wconf 82' lang='lat' dir='ltr'><strong>At</strong></span> <span class='ocrx_word' id='word_1_334' title='bbox 2532 936 2741 982; x_wconf 89' lang='lat' dir='ltr'><strong>tantum</strong></span> <span class='ocrx_word' id='word_1_335' title='bbox 2767 926 2961 993; x_wconf 71' lang='lat' dir='ltr'><strong>abfuit,</strong></span> <span class='ocrx_word' id='word_1_336' title='bbox 2987 935 3046 982; x_wconf 93' lang='lat' dir='ltr'><strong>ut</strong></span> <span class='ocrx_word' id='word_1_337' title='bbox 3071 926 3120 980; x_wconf 90' lang='lat' dir='ltr'><strong>id</strong></span> <span class='ocrx_word' id='word_1_338' title='bbox 3146 928 3371 991; x_wconf 76' lang='lat' dir='ltr'><strong>laceret,</strong></span> <span class='ocrx_word' id='word_1_339' title='bbox 3397 936 3455 981; x_wconf 88' lang='lat' dir='ltr'><strong>ut</strong></span> <span class='ocrx_word' id='word_1_340' title='bbox 3475 929 3637 981; x_wconf 90' lang='lat' dir='ltr'><strong>etiam</strong></span> <span class='ocrx_word' id='word_1_341' title='bbox 3667 927 3870 982; x_wconf 86' lang='lat' dir='ltr'><strong>diserte</strong></span> <span class='ocrx_word' id='word_1_342' title='bbox 3889 925 4016 979; x_wconf 85' lang='lat' dir='ltr'><strong>Lao-</strong></span> 
     </span>
    </p>
   </div>
   <div class='ocr_carea' id='block_1_53' title="bbox 2435 1016 4016 1090">
    <p class='ocr_par' dir='ltr' id='par_1_53' title="bbox 2435 1016 4016 1090">
     <span class='ocr_line' id='line_1_53' title="bbox 2435 1016 4016 1090; baseline -0.002 -14"><span class='ocrx_word' id='word_1_343' title='bbox 2435 1022 2591 1077; x_wconf 87' lang='lat' dir='ltr'><strong>nicus</strong></span> <span class='ocrx_word' id='word_1_344' title='bbox 2621 1019 2776 1074; x_wconf 88' lang='lat' dir='ltr'><strong>initio</strong></span> <span class='ocrx_word' id='word_1_345' title='bbox 2803 1021 2927 1074; x_wconf 85' lang='lat' dir='ltr'><strong>libri</strong></span> <span class='ocrx_word' id='word_1_346' title='bbox 2961 1021 3140 1090; x_wconf 83' lang='lat' dir='ltr'><strong>quarti</strong></span> <span class='ocrx_word' id='word_1_347' title='bbox 3170 1022 3424 1083; x_wconf 85' lang='lat' dir='ltr'><strong>l&#39;ateatur,</strong></span> <span class='ocrx_word' id='word_1_348' title='bbox 3447 1016 3653 1073; x_wconf 71' lang='lat' dir='ltr'><strong>Mosen)</strong></span> <span class='ocrx_word' id='word_1_349' title='bbox 3689 1034 3720 1074; x_wconf 87' lang='lat' dir='ltr'><strong>a</strong></span> <span class='ocrx_word' id='word_1_350' title='bbox 3755 1034 3885 1090; x_wconf 83' lang='lat' dir='ltr'><strong>rege</strong></span> <span class='ocrx_word' id='word_1_351' title='bbox 3920 1018 4016 1073; x_wconf 86' lang='lat' dir='ltr'><strong>Te-</strong></span> 
     </span>
    </p>
   </div>
   <div class='ocr_carea' id='block_1_54' title="bbox 2436 1109 4018 1180">
    <p class='ocr_par' dir='ltr' id='par_1_54' title="bbox 2436 1109 4018 1180">
     <span class='ocr_line' id='line_1_54' title="bbox 2436 1109 4018 1180; baseline -0.001 -14"><span class='ocrx_word' id='word_1_352' title='bbox 2436 1113 2570 1167; x_wconf 90' lang='lat' dir='ltr'><strong>mire</strong></span> <span class='ocrx_word' id='word_1_353' title='bbox 2593 1127 2840 1166; x_wconf 86' lang='lat' dir='ltr'><strong>annonas</strong></span> <span class='ocrx_word' id='word_1_354' title='bbox 2865 1111 3133 1167; x_wconf 90' lang='lat' dir='ltr'><strong>incastris</strong></span> <span class='ocrx_word' id='word_1_355' title='bbox 3162 1109 3442 1175; x_wconf 81' lang='lat' dir='ltr'><strong>habuisse,</strong></span> <span class='ocrx_word' id='word_1_356' title='bbox 3476 1112 3806 1180; x_wconf 78' lang='lat' dir='ltr'><strong>tandemque</strong></span> <span class='ocrx_word' id='word_1_357' title='bbox 3835 1111 4018 1165; x_wconf 86' lang='lat' dir='ltr'><strong>dimis-</strong></span> 
     </span>
    </p>
   </div>
   <div class='ocr_carea' id='block_1_55' title="bbox 2437 1202 4014 1274">
    <p class='ocr_par' dir='ltr' id='par_1_55' title="bbox 2437 1202 4014 1274">
     <span class='ocr_line' id='line_1_55' title="bbox 2437 1202 4014 1274; baseline -0.004 -11"><span class='ocrx_word' id='word_1_358' title='bbox 2437 1221 2556 1263; x_wconf 83' lang='lat' dir='ltr'><strong>sum</strong></span> <span class='ocrx_word' id='word_1_359' title='bbox 2583 1221 2648 1260; x_wconf 78' lang='lat' dir='ltr'><strong>ex</strong></span> <span class='ocrx_word' id='word_1_360' title='bbox 2678 1203 3016 1274; x_wconf 81' lang='lat' dir='ltr'><strong>captivitate,</strong></span> <span class='ocrx_word' id='word_1_361' title='bbox 3045 1205 3180 1258; x_wconf 89' lang='lat' dir='ltr'><strong>mari</strong></span> <span class='ocrx_word' id='word_1_362' title='bbox 3211 1202 3278 1257; x_wconf 90' lang='lat' dir='ltr'><strong>ad</strong></span> <span class='ocrx_word' id='word_1_363' title='bbox 3312 1203 3587 1272; x_wconf 80' lang='lat' dir='ltr'><strong>regionem</strong></span> <span class='ocrx_word' id='word_1_364' title='bbox 3646 1203 3884 1271; x_wconf 79' lang='lat' dir='ltr'><strong>patriam</strong></span> <span class='ocrx_word' id='word_1_365' title='bbox 3941 1219 4014 1257; x_wconf 80' lang='lat' dir='ltr'><strong>re-</strong></span> 
     </span>
    </p>
   </div>
   <div class='ocr_carea' id='block_1_56' title="bbox 2436 1295 4016 1371">
    <p class='ocr_par' dir='ltr' id='par_1_56' title="bbox 2436 1295 4016 1371">
     <span class='ocr_line' id='line_1_56' title="bbox 2436 1295 4016 1371; baseline -0.006 -16"><span class='ocrx_word' id='word_1_366' title='bbox 2436 1300 2626 1356; x_wconf 85' lang='lat' dir='ltr'><strong>diisse.</strong></span> <span class='ocrx_word' id='word_1_367' title='bbox 2654 1298 2756 1366; x_wconf 85' lang='lat' dir='ltr'><strong>Qui</strong></span> <span class='ocrx_word' id='word_1_368' title='bbox 2785 1297 3046 1368; x_wconf 89' lang='lat' dir='ltr'><strong>plurium,</strong></span> <span class='ocrx_word' id='word_1_369' title='bbox 3074 1295 3156 1350; x_wconf 88' lang='lat' dir='ltr'><strong>vel</strong></span> <span class='ocrx_word' id='word_1_370' title='bbox 3187 1295 3430 1351; x_wconf 88' lang='lat' dir='ltr'><strong>onmium</strong></span> <span class='ocrx_word' id='word_1_371' title='bbox 3464 1295 3643 1371; x_wconf 85' lang='lat' dir='ltr'><strong>potius</strong></span> <span class='ocrx_word' id='word_1_372' title='bbox 3678 1297 3800 1349; x_wconf 67' lang='lat' dir='ltr'><strong>vitae</strong></span> <span class='ocrx_word' id='word_1_373' title='bbox 3831 1309 4016 1364; x_wconf 83' lang='lat' dir='ltr'><strong>peper-</strong></span> 
     </span>
    </p>
   </div>
   <div class='ocr_carea' id='block_1_57' title="bbox 2437 1386 4004 1458">
    <p class='ocr_par' dir='ltr' id='par_1_57' title="bbox 2437 1386 4004 1458">
     <span class='ocr_line' id='line_1_57' title="bbox 2437 1386 4004 1458; baseline -0.004 -11"><span class='ocrx_word' id='word_1_374' title='bbox 2437 1392 2543 1458; x_wconf 89' lang='lat' dir='ltr'><strong>cit,</strong></span> <span class='ocrx_word' id='word_1_375' title='bbox 2580 1406 2678 1445; x_wconf 88' lang='lat' dir='ltr'><strong>cur</strong></span> <span class='ocrx_word' id='word_1_376' title='bbox 2709 1390 2763 1445; x_wconf 91' lang='lat' dir='ltr'><strong>in</strong></span> <span class='ocrx_word' id='word_1_377' title='bbox 2798 1405 2966 1444; x_wconf 89' lang='lat' dir='ltr'><strong>unum</strong></span> <span class='ocrx_word' id='word_1_378' title='bbox 2997 1387 3243 1444; x_wconf 76' lang='lat' dir='ltr'><strong>saeviisse</strong></span> <span class='ocrx_word' id='word_1_379' title='bbox 3274 1386 3556 1441; x_wconf 83' lang='lat' dir='ltr'><strong>credatur?</strong></span> <span class='ocrx_word' id='word_1_380' title='bbox 3587 1386 3735 1440; x_wconf 81' lang='lat' dir='ltr'><strong>Adde</strong></span> <span class='ocrx_word' id='word_1_381' title='bbox 3763 1387 4004 1440; x_wconf 84' lang='lat' dir='ltr'><strong>testimo-</strong></span> 
     </span>
    </p>
   </div>
   <div class='ocr_carea' id='block_1_58' title="bbox 2439 1477 4013 1552">
    <p class='ocr_par' dir='ltr' id='par_1_58' title="bbox 2439 1477 4013 1552">
     <span class='ocr_line' id='line_1_58' title="bbox 2439 1477 4013 1552; baseline -0.004 -13"><span class='ocrx_word' id='word_1_382' title='bbox 2439 1485 2590 1540; x_wconf 90' lang='lat' dir='ltr'><strong>nium</strong></span> <span class='ocrx_word' id='word_1_383' title='bbox 2621 1485 2817 1539; x_wconf 85' lang='lat' dir='ltr'><strong>liostis.</strong></span> <span class='ocrx_word' id='word_1_384' title='bbox 2849 1481 3131 1552; x_wconf 80' lang='lat' dir='ltr'><strong>Nusquam</strong></span> <span class='ocrx_word' id='word_1_385' title='bbox 3159 1478 3320 1535; x_wconf 81' lang='lat' dir='ltr'><strong>Turci</strong></span> <span class='ocrx_word' id='word_1_386' title='bbox 3358 1481 3696 1549; x_wconf 87' lang='lat' dir='ltr'><strong>scripserunt</strong></span> <span class='ocrx_word' id='word_1_387' title='bbox 3726 1479 3780 1533; x_wconf 84' lang='lat' dir='ltr'><strong>in</strong></span> <span class='ocrx_word' id='word_1_388' title='bbox 3807 1477 4013 1533; x_wconf 85' lang='lat' dir='ltr'><strong>annali-</strong></span> 
     </span>
    </p>
   </div>
   <div class='ocr_carea' id='block_1_59' title="bbox 2437 1571 4014 1647">
    <p class='ocr_par' dir='ltr' id='par_1_59' title="bbox 2437 1571 4014 1647">
     <span class='ocr_line' id='line_1_59' title="bbox 2437 1571 4014 1647; baseline -0.004 -14"><span class='ocrx_word' id='word_1_389' title='bbox 2437 1579 2559 1642; x_wconf 88' lang='lat' dir='ltr'><strong>bus,</strong></span> <span class='ocrx_word' id='word_1_390' title='bbox 2585 1578 2970 1647; x_wconf 85' lang='lat' dir='ltr'><strong>interemptum</strong></span> <span class='ocrx_word' id='word_1_391' title='bbox 2995 1590 3026 1629; x_wconf 88' lang='lat' dir='ltr'><strong>a</strong></span> <span class='ocrx_word' id='word_1_392' title='bbox 3052 1573 3269 1629; x_wconf 88' lang='lat' dir='ltr'><strong>Temire</strong></span> <span class='ocrx_word' id='word_1_393' title='bbox 3291 1572 3546 1642; x_wconf 84' lang='lat' dir='ltr'><strong>Bajazitis</strong></span> <span class='ocrx_word' id='word_1_394' title='bbox 3577 1571 3813 1642; x_wconf 85' lang='lat' dir='ltr'><strong>aliquem</strong></span> <span class='ocrx_word' id='word_1_395' title='bbox 3851 1571 4014 1626; x_wconf 80' lang='lat' dir='ltr'><strong>fuisse</strong></span> 
     </span>
    </p>
   </div>
   <div class='ocr_carea' id='block_1_60' title="bbox 2438 1664 4014 1739">
    <p class='ocr_par' dir='ltr' id='par_1_60' title="bbox 2438 1664 4014 1739">
     <span class='ocr_line' id='line_1_60' title="bbox 2438 1664 4014 1739; baseline -0.006 -13"><span class='ocrx_word' id='word_1_396' title='bbox 2438 1670 2652 1738; x_wconf 81' lang='lat' dir='ltr'><strong>lilium,</strong></span> <span class='ocrx_word' id='word_1_397' title='bbox 2706 1671 2799 1726; x_wconf 89' lang='lat' dir='ltr'><strong>sed</strong></span> <span class='ocrx_word' id='word_1_398' title='bbox 2839 1683 3095 1739; x_wconf 85' lang='lat' dir='ltr'><strong>sperasse</strong></span> <span class='ocrx_word' id='word_1_399' title='bbox 3129 1665 3402 1722; x_wconf 85' lang='lat' dir='ltr'><strong>Temirem</strong></span> <span class='ocrx_word' id='word_1_400' title='bbox 3454 1664 3657 1735; x_wconf 86' lang='lat' dir='ltr'><strong>petitis,</strong></span> <span class='ocrx_word' id='word_1_401' title='bbox 3705 1665 4014 1735; x_wconf 82' lang='lat' dir='ltr'><strong>quempiam</strong></span> 
     </span>
    </p>
   </div>
   <div class='ocr_carea' id='block_1_61' title="bbox 2440 1755 4015 1825">
    <p class='ocr_par' dir='ltr' id='par_1_61' title="bbox 2440 1755 4015 1825">
     <span class='ocr_line' id='line_1_61' title="bbox 2440 1755 4015 1825; baseline -0.006 -7"><span class='ocrx_word' id='word_1_402' title='bbox 2440 1763 2676 1818; x_wconf 80' lang='lat' dir='ltr'><strong>ﬁliorum</strong></span> <span class='ocrx_word' id='word_1_403' title='bbox 2703 1757 3022 1817; x_wconf 73' lang='lat' dir='ltr'><strong>Gilderunis</strong></span> <span class='ocrx_word' id='word_1_404' title='bbox 3053 1773 3112 1814; x_wconf 88' lang='lat' dir='ltr'><strong>se</strong></span> <span class='ocrx_word' id='word_1_405' title='bbox 3145 1765 3544 1813; x_wconf 90' lang='lat' dir='ltr'><strong>conventurum</strong></span> <span class='ocrx_word' id='word_1_406' title='bbox 3567 1797 3582 1821; x_wconf 95' lang='lat'><strong>,</strong></span> <span class='ocrx_word' id='word_1_407' title='bbox 3616 1755 3762 1825; x_wconf 93' lang='lat' dir='ltr'><strong>quod</strong></span> <span class='ocrx_word' id='word_1_408' title='bbox 3802 1755 3880 1808; x_wconf 91' lang='lat' dir='ltr'><strong>illi</strong></span> <span class='ocrx_word' id='word_1_409' title='bbox 3915 1755 4015 1809; x_wconf 81' lang='lat' dir='ltr'><strong>for-</strong></span> 
     </span>
    </p>
   </div>
   <div class='ocr_carea' id='block_1_62' title="bbox 2361 1833 4017 1921">
    <p class='ocr_par' dir='ltr' id='par_1_62' title="bbox 2361 1833 4017 1921">
     <span class='ocr_line' id='line_1_62' title="bbox 2361 1833 4017 1921; baseline -0.004 -11"><span class='ocrx_word' id='word_1_410' title='bbox 2361 1833 2405 1895; x_wconf 71' lang='lat' dir='ltr'><strong><em>B</em></strong></span> <span class='ocrx_word' id='word_1_411' title='bbox 2437 1857 2641 1912; x_wconf 90' lang='lat' dir='ltr'><strong>midine</strong></span> <span class='ocrx_word' id='word_1_412' title='bbox 2669 1870 2780 1910; x_wconf 92' lang='lat' dir='ltr'><strong>non</strong></span> <span class='ocrx_word' id='word_1_413' title='bbox 2813 1854 3120 1910; x_wconf 87' lang='lat' dir='ltr'><strong>necessaria</strong></span> <span class='ocrx_word' id='word_1_414' title='bbox 3152 1848 3374 1921; x_wconf 89' lang='lat' dir='ltr'><strong>trepidi,</strong></span> <span class='ocrx_word' id='word_1_415' title='bbox 3402 1849 3706 1905; x_wconf 85' lang='lat' dir='ltr'><strong>omiserint.</strong></span> <span class='ocrx_word' id='word_1_416' title='bbox 3742 1847 3860 1904; x_wconf 84' lang='lat' dir='ltr'><strong>lnio</strong></span> <span class='ocrx_word' id='word_1_417' title='bbox 3888 1849 4017 1904; x_wconf 83' lang='lat' dir='ltr'><strong>fero-</strong></span> 
     </span>
    </p>
   </div>
   <div class='ocr_carea' id='block_1_63' title="bbox 2435 1943 4015 2020">
    <p class='ocr_par' dir='ltr' id='par_1_63' title="bbox 2435 1943 4015 2020">
     <span class='ocr_line' id='line_1_63' title="bbox 2435 1943 4015 2020; baseline -0.007 -15"><span class='ocrx_word' id='word_1_418' title='bbox 2435 1951 2574 2006; x_wconf 88' lang='lat' dir='ltr'><strong>ciam</strong></span> <span class='ocrx_word' id='word_1_419' title='bbox 2601 1950 2779 2020; x_wconf 90' lang='lat' dir='ltr'><strong>potius</strong></span> <span class='ocrx_word' id='word_1_420' title='bbox 2801 1957 2854 2004; x_wconf 91' lang='lat' dir='ltr'><strong>et</strong></span> <span class='ocrx_word' id='word_1_421' title='bbox 2877 1948 3217 2003; x_wconf 87' lang='lat' dir='ltr'><strong>iracundiam</strong></span> <span class='ocrx_word' id='word_1_422' title='bbox 3244 1948 3328 2002; x_wconf 90' lang='lat' dir='ltr'><strong>sui</strong></span> <span class='ocrx_word' id='word_1_423' title='bbox 3375 1945 3639 2017; x_wconf 79' lang='lat' dir='ltr'><strong>Bajazitis</strong></span> <span class='ocrx_word' id='word_1_424' title='bbox 3689 1943 4015 2013; x_wconf 87' lang='lat' dir='ltr'><strong>vituperant;</strong></span> 
     </span>
    </p>
   </div>
   <div class='ocr_carea' id='block_1_64' title="bbox 2433 2029 4016 2100">
    <p class='ocr_par' dir='ltr' id='par_1_64' title="bbox 2433 2029 4016 2100">
     <span class='ocr_line' id='line_1_64' title="bbox 2433 2029 4016 2100; baseline -0.007 -3"><span class='ocrx_word' id='word_1_425' title='bbox 2433 2031 2669 2097; x_wconf 78' lang='lat' dir='ltr'><strong>Temiris</strong></span> <span class='ocrx_word' id='word_1_426' title='bbox 2697 2039 3091 2094; x_wconf 82' lang='lat' dir='ltr'><strong>humanitatem</strong></span> <span class='ocrx_word' id='word_1_427' title='bbox 3109 2052 3172 2092; x_wconf 88' lang='lat' dir='ltr'><strong>ac</strong></span> <span class='ocrx_word' id='word_1_428' title='bbox 3198 2036 3517 2092; x_wconf 87' lang='lat' dir='ltr'><strong>modestiam</strong></span> <span class='ocrx_word' id='word_1_429' title='bbox 3543 2035 3788 2090; x_wconf 86' lang='lat' dir='ltr'><strong>laudant.</strong></span> <span class='ocrx_word' id='word_1_430' title='bbox 3818 2029 4016 2100; x_wconf 73' lang='lat' dir='ltr'><strong>Super-</strong></span> 
     </span>
    </p>
   </div>
   <div class='ocr_carea' id='block_1_65' title="bbox 2432 2124 4018 2202">
    <p class='ocr_par' dir='ltr' id='par_1_65' title="bbox 2432 2124 4018 2202">
     <span class='ocr_line' id='line_1_65' title="bbox 2432 2124 4018 2202; baseline -0.007 -13"><span class='ocrx_word' id='word_1_431' title='bbox 2432 2143 2516 2190; x_wconf 87' lang='lat' dir='ltr'><strong>est</strong></span> <span class='ocrx_word' id='word_1_432' title='bbox 2543 2146 2737 2194; x_wconf 88' lang='lat' dir='ltr'><strong>unum,</strong></span> <span class='ocrx_word' id='word_1_433' title='bbox 2779 2145 2923 2202; x_wconf 90' lang='lat' dir='ltr'><strong>quoc</strong></span> <span class='ocrx_word' id='word_1_434' title='bbox 2960 2129 3121 2199; x_wconf 84' lang='lat' dir='ltr'><strong>objici</strong></span> <span class='ocrx_word' id='word_1_435' title='bbox 3151 2129 3342 2200; x_wconf 87' lang='lat' dir='ltr'><strong>possit,</strong></span> <span class='ocrx_word' id='word_1_436' title='bbox 3400 2130 3466 2183; x_wconf 90' lang='lat' dir='ltr'><strong>de</strong></span> <span class='ocrx_word' id='word_1_437' title='bbox 3495 2124 3661 2182; x_wconf 83' lang='lat' dir='ltr'><strong>Ziclie</strong></span> <span class='ocrx_word' id='word_1_438' title='bbox 3697 2124 4018 2180; x_wconf 87' lang='lat' dir='ltr'><strong>Orihobulis</strong></span> 
     </span>
    </p>
   </div>
   <div class='ocr_carea' id='block_1_66' title="bbox 2437 2215 4017 2292">
    <p class='ocr_par' dir='ltr' id='par_1_66' title="bbox 2437 2215 4017 2292">
     <span class='ocr_line' id='line_1_66' title="bbox 2437 2215 4017 2292; baseline -0.006 -12"><span class='ocrx_word' id='word_1_439' title='bbox 2437 2226 2570 2291; x_wconf 87' lang='lat' dir='ltr'><strong>lilio,</strong></span> <span class='ocrx_word' id='word_1_440' title='bbox 2623 2239 2782 2292; x_wconf 85' lang='lat' dir='ltr'><strong>quem</strong></span> <span class='ocrx_word' id='word_1_441' title='bbox 2832 2220 3109 2276; x_wconf 77' lang='lat' dir='ltr'><strong>Laonicus</strong></span> <span class='ocrx_word' id='word_1_442' title='bbox 3157 2221 3232 2275; x_wconf 91' lang='lat' dir='ltr'><strong>ait</strong></span> <span class='ocrx_word' id='word_1_443' title='bbox 3267 2219 3469 2275; x_wconf 90' lang='lat' dir='ltr'><strong>bellum</strong></span> <span class='ocrx_word' id='word_1_444' title='bbox 3519 2217 3776 2273; x_wconf 84' lang='lat' dir='ltr'><strong>intulisse</strong></span> <span class='ocrx_word' id='word_1_445' title='bbox 3828 2215 4017 2272; x_wconf 80' lang='lat' dir='ltr'><strong>Joanni</strong></span> 
     </span>
    </p>
   </div>
   <div class='ocr_carea' id='block_1_67' title="bbox 2434 2305 4015 2384">
    <p class='ocr_par' dir='ltr' id='par_1_67' title="bbox 2434 2305 4015 2384">
     <span class='ocr_line' id='line_1_67' title="bbox 2434 2305 4015 2384; baseline -0.006 -12"><span class='ocrx_word' id='word_1_446' title='bbox 2434 2316 2738 2380; x_wconf 87' lang='lat' dir='ltr'><strong>Comneno,</strong></span> <span class='ocrx_word' id='word_1_447' title='bbox 2805 2305 3212 2384; x_wconf 84' lang='lat' dir='ltr'><strong>Trapezuntino</strong></span> <span class='ocrx_word' id='word_1_448' title='bbox 3245 2312 3584 2380; x_wconf 87' lang='lat' dir='ltr'><strong>imperatori.</strong></span> <span class='ocrx_word' id='word_1_449' title='bbox 3624 2309 3730 2366; x_wconf 89' lang='lat' dir='ltr'><strong>Sed</strong></span> <span class='ocrx_word' id='word_1_450' title='bbox 3767 2311 3858 2366; x_wconf 90' lang='lat' dir='ltr'><strong>liic</strong></span> <span class='ocrx_word' id='word_1_451' title='bbox 3893 2309 4015 2365; x_wconf 86' lang='lat' dir='ltr'><strong>niilii</strong></span> 
     </span>
    </p>
   </div>
   <div class='ocr_carea' id='block_1_68' title="bbox 2435 2401 4021 2478">
    <p class='ocr_par' dir='ltr' id='par_1_68' title="bbox 2435 2401 4021 2478">
     <span class='ocr_line' id='line_1_68' title="bbox 2435 2401 4021 2478; baseline -0.005 -16"><span class='ocrx_word' id='word_1_452' title='bbox 2435 2409 2762 2478; x_wconf 84' lang='lat' dir='ltr'><strong>respondeat</strong></span> <span class='ocrx_word' id='word_1_453' title='bbox 2809 2407 3027 2476; x_wconf 87' lang='lat' dir='ltr'><strong>aliquis,</strong></span> <span class='ocrx_word' id='word_1_454' title='bbox 3083 2405 3226 2459; x_wconf 91' lang='lat' dir='ltr'><strong>unde</strong></span> <span class='ocrx_word' id='word_1_455' title='bbox 3271 2403 3490 2459; x_wconf 87' lang='lat' dir='ltr'><strong>tandem</strong></span> <span class='ocrx_word' id='word_1_456' title='bbox 3541 2402 3734 2458; x_wconf 88' lang='lat' dir='ltr'><strong>Ziclies</strong></span> <span class='ocrx_word' id='word_1_457' title='bbox 3770 2401 3862 2457; x_wconf 90' lang='lat' dir='ltr'><strong>ille</strong></span> <span class='ocrx_word' id='word_1_458' title='bbox 3909 2409 4021 2472; x_wconf 85' lang='lat' dir='ltr'><strong>post</strong></span> 
     </span>
    </p>
   </div>
   <div class='ocr_carea' id='block_1_69' title="bbox 2434 2495 4022 2571">
    <p class='ocr_par' dir='ltr' id='par_1_69' title="bbox 2434 2495 4022 2571">
     <span class='ocr_line' id='line_1_69' title="bbox 2434 2495 4022 2571; baseline -0.006 -13"><span class='ocrx_word' id='word_1_459' title='bbox 2434 2511 2665 2558; x_wconf 92' lang='lat' dir='ltr'><strong>mortem</strong></span> <span class='ocrx_word' id='word_1_460' title='bbox 2693 2499 2865 2571; x_wconf 88' lang='lat' dir='ltr'><strong>patris</strong></span> <span class='ocrx_word' id='word_1_461' title='bbox 2889 2497 3213 2554; x_wconf 87' lang='lat' dir='ltr'><strong>Orthobulis</strong></span> <span class='ocrx_word' id='word_1_462' title='bbox 3242 2511 3387 2551; x_wconf 90' lang='lat' dir='ltr'><strong>anno</strong></span> <span class='ocrx_word' id='word_1_463' title='bbox 3412 2495 3648 2566; x_wconf 86' lang='lat' dir='ltr'><strong>denique</strong></span> <span class='ocrx_word' id='word_1_464' title='bbox 3681 2496 4022 2563; x_wconf 79' lang='lat' dir='ltr'><strong>sexagesimo</strong></span> 
     </span>
    </p>
   </div>
   <div class='ocr_carea' id='block_1_70' title="bbox 2435 2589 4023 2665">
    <p class='ocr_par' dir='ltr' id='par_1_70' title="bbox 2435 2589 4023 2665">
     <span class='ocr_line' id='line_1_70' title="bbox 2435 2589 4023 2665; baseline -0.004 -16"><span class='ocrx_word' id='word_1_465' title='bbox 2435 2596 2671 2665; x_wconf 82' lang='lat' dir='ltr'><strong>primum</strong></span> <span class='ocrx_word' id='word_1_466' title='bbox 2729 2596 2784 2650; x_wconf 86' lang='lat' dir='ltr'><strong>in</strong></span> <span class='ocrx_word' id='word_1_467' title='bbox 2829 2607 3050 2651; x_wconf 89' lang='lat' dir='ltr'><strong>scenam</strong></span> <span class='ocrx_word' id='word_1_468' title='bbox 3109 2589 3337 2662; x_wconf 75' lang='lat' dir='ltr'><strong>prodiit?</strong></span> <span class='ocrx_word' id='word_1_469' title='bbox 3385 2605 3563 2660; x_wconf 88' lang='lat' dir='ltr'><strong>quove</strong></span> <span class='ocrx_word' id='word_1_470' title='bbox 3627 2590 3792 2644; x_wconf 88' lang='lat' dir='ltr'><strong>modo</strong></span> <span class='ocrx_word' id='word_1_471' title='bbox 3843 2591 4023 2642; x_wconf 85' lang='lat' dir='ltr'><strong>salvus</strong></span> 
     </span>
    </p>
   </div>
   <div class='ocr_carea' id='block_1_71' title="bbox 2434 2683 4022 2758">
    <p class='ocr_par' dir='ltr' id='par_1_71' title="bbox 2434 2683 4022 2758">
     <span class='ocr_line' id='line_1_71' title="bbox 2434 2683 4022 2758; baseline -0.007 -12"><span class='ocrx_word' id='word_1_472' title='bbox 2434 2689 2607 2746; x_wconf 90' lang='lat' dir='ltr'><strong>evasit</strong></span> <span class='ocrx_word' id='word_1_473' title='bbox 2636 2705 2667 2745; x_wconf 90' lang='lat' dir='ltr'><strong>e</strong></span> <span class='ocrx_word' id='word_1_474' title='bbox 2697 2697 2774 2743; x_wconf 91' lang='lat' dir='ltr'><strong>tot</strong></span> <span class='ocrx_word' id='word_1_475' title='bbox 2806 2687 3115 2758; x_wconf 88' lang='lat' dir='ltr'><strong>parricidiis</strong></span> <span class='ocrx_word' id='word_1_476' title='bbox 3151 2695 3203 2741; x_wconf 90' lang='lat' dir='ltr'><strong>ct</strong></span> <span class='ocrx_word' id='word_1_477' title='bbox 3227 2685 3464 2740; x_wconf 91' lang='lat' dir='ltr'><strong>lanienis</strong></span> <span class='ocrx_word' id='word_1_478' title='bbox 3490 2683 3686 2738; x_wconf 85' lang='lat' dir='ltr'><strong>horum</strong></span> <span class='ocrx_word' id='word_1_479' title='bbox 3717 2693 4022 2753; x_wconf 84' lang='lat' dir='ltr'><strong>temporum</strong></span> 
     </span>
    </p>
   </div>
   <div class='ocr_carea' id='block_1_72' title="bbox 2434 2772 4025 2845">
    <p class='ocr_par' dir='ltr' id='par_1_72' title="bbox 2434 2772 4025 2845">
     <span class='ocr_line' id='line_1_72' title="bbox 2434 2772 4025 2845; baseline -0.007 -7"><span class='ocrx_word' id='word_1_480' title='bbox 2434 2781 2489 2838; x_wconf 93' lang='lat' dir='ltr'><strong>in</strong></span> <span class='ocrx_word' id='word_1_481' title='bbox 2530 2781 2953 2838; x_wconf 87' lang='lat' dir='ltr'><strong>Osmanidarum</strong></span> <span class='ocrx_word' id='word_1_482' title='bbox 3003 2779 3234 2845; x_wconf 77' lang='lat' dir='ltr'><strong>familia,</strong></span> <span class='ocrx_word' id='word_1_483' title='bbox 3305 2780 3407 2834; x_wconf 89' lang='lat' dir='ltr'><strong>sub</strong></span> <span class='ocrx_word' id='word_1_484' title='bbox 3460 2775 3633 2840; x_wconf 78' lang='lat' dir='ltr'><strong>Musa,</strong></span> <span class='ocrx_word' id='word_1_485' title='bbox 3685 2772 4025 2830; x_wconf 78' lang='lat' dir='ltr'><strong>Muchemete</strong></span> 
     </span>
    </p>
   </div>
   <div class='ocr_carea' id='block_1_73' title="bbox 2436 2867 4024 2946">
    <p class='ocr_par' dir='ltr' id='par_1_73' title="bbox 2436 2867 4024 2946">
     <span class='ocr_line' id='line_1_73' title="bbox 2436 2867 4024 2946; baseline -0.008 -15"><span class='ocrx_word' id='word_1_486' title='bbox 2436 2877 2632 2946; x_wconf 88' lang='lat' dir='ltr'><strong>primo,</strong></span> <span class='ocrx_word' id='word_1_487' title='bbox 2674 2871 2883 2930; x_wconf 80' lang='lat' dir='ltr'><strong>Murate</strong></span> <span class='ocrx_word' id='word_1_488' title='bbox 2911 2875 3154 2928; x_wconf 87' lang='lat' dir='ltr'><strong>secundo</strong></span> <span class='ocrx_word' id='word_1_489' title='bbox 3187 2914 3201 2939; x_wconf 94' lang='lat'><strong>,</strong></span> <span class='ocrx_word' id='word_1_490' title='bbox 3254 2871 3597 2926; x_wconf 79' lang='lat' dir='ltr'><strong>Mucliemete</strong></span> <span class='ocrx_word' id='word_1_491' title='bbox 3631 2869 3906 2930; x_wconf 86' lang='lat' dir='ltr'><strong>secundo,</strong></span> <span class='ocrx_word' id='word_1_492' title='bbox 3937 2867 4024 2936; x_wconf 87' lang='lat' dir='ltr'><strong>qui</strong></span> 
     </span>
    </p>
   </div>
   <div class='ocr_carea' id='block_1_74' title="bbox 2435 2963 4027 3038">
    <p class='ocr_par' dir='ltr' id='par_1_74' title="bbox 2435 2963 4027 3038">
     <span class='ocr_line' id='line_1_74' title="bbox 2435 2963 4027 3038; baseline -0.008 -12"><span class='ocrx_word' id='word_1_493' title='bbox 2435 2986 2624 3026; x_wconf 89' lang='lat' dir='ltr'><strong>omnes</strong></span> <span class='ocrx_word' id='word_1_494' title='bbox 2663 2967 2943 3038; x_wconf 71' lang='lat' dir='ltr'><strong>parricidae</strong></span> <span class='ocrx_word' id='word_1_495' title='bbox 2964 2965 3231 3020; x_wconf 79' lang='lat' dir='ltr'><strong>luerunt?</strong></span> <span class='ocrx_word' id='word_1_496' title='bbox 3259 2965 3372 3019; x_wconf 70' lang='lat' dir='ltr'><strong>(Zur</strong></span> <span class='ocrx_word' id='word_1_497' title='bbox 3401 2963 3527 3018; x_wconf 90' lang='lat' dir='ltr'><strong>buic</strong></span> <span class='ocrx_word' id='word_1_498' title='bbox 3565 2972 3671 3017; x_wconf 89' lang='lat' dir='ltr'><strong>tam</strong></span> <span class='ocrx_word' id='word_1_499' title='bbox 3721 2963 3814 3016; x_wconf 90' lang='lat' dir='ltr'><strong>diu</strong></span> <span class='ocrx_word' id='word_1_500' title='bbox 3851 2975 4027 3016; x_wconf 66' lang='lat' dir='ltr'><strong>savus</strong></span> 
     </span>
    </p>
   </div>
   <div class='ocr_carea' id='block_1_75' title="bbox 2445 3053 4028 3126">
    <p class='ocr_par' dir='ltr' id='par_1_75' title="bbox 2445 3053 4028 3126">
     <span class='ocr_line' id='line_1_75' title="bbox 2445 3053 4028 3126; baseline -0.008 -9"><span class='ocrx_word' id='word_1_501' title='bbox 2445 3063 2534 3117; x_wconf 87' lang='lat' dir='ltr'><strong>ille</strong></span> <span class='ocrx_word' id='word_1_502' title='bbox 2557 3061 2925 3116; x_wconf 83' lang='lat' dir='ltr'><strong>Muclicnietcs</strong></span> <span class='ocrx_word' id='word_1_503' title='bbox 2971 3055 3246 3114; x_wconf 87' lang='lat' dir='ltr'><strong>secundus</strong></span> <span class='ocrx_word' id='word_1_504' title='bbox 3276 3056 3543 3126; x_wconf 82' lang='lat' dir='ltr'><strong>pepercit,</strong></span> <span class='ocrx_word' id='word_1_505' title='bbox 3567 3055 3659 3124; x_wconf 89' lang='lat' dir='ltr'><strong>qui</strong></span> <span class='ocrx_word' id='word_1_506' title='bbox 3689 3053 3774 3106; x_wconf 72' lang='lat' dir='ltr'><strong>vix</strong></span> <span class='ocrx_word' id='word_1_507' title='bbox 3813 3062 4028 3108; x_wconf 86' lang='lat' dir='ltr'><strong>mortuo</strong></span> 
     </span>
    </p>
   </div>
   <div class='ocr_carea' id='block_1_76' title="bbox 2438 3147 4028 3221">
    <p class='ocr_par' dir='ltr' id='par_1_76' title="bbox 2438 3147 4028 3221">
     <span class='ocr_line' id='line_1_76' title="bbox 2438 3147 4028 3221; baseline -0.005 -13"><span class='ocrx_word' id='word_1_508' title='bbox 2438 3162 2612 3220; x_wconf 84' lang='lat' dir='ltr'><strong>patre,</strong></span> <span class='ocrx_word' id='word_1_509' title='bbox 2641 3155 2963 3221; x_wconf 84' lang='lat' dir='ltr'><strong>sanguinem</strong></span> <span class='ocrx_word' id='word_1_510' title='bbox 3000 3153 3181 3207; x_wconf 85' lang='lat' dir='ltr'><strong>statim</strong></span> <span class='ocrx_word' id='word_1_511' title='bbox 3232 3148 3538 3204; x_wconf 77' lang='lat' dir='ltr'><strong>fraternum</strong></span> <span class='ocrx_word' id='word_1_512' title='bbox 3573 3147 3737 3204; x_wconf 81' lang='lat' dir='ltr'><strong>sitiit‘.’</strong></span> <span class='ocrx_word' id='word_1_513' title='bbox 3789 3148 3876 3202; x_wconf 79' lang='lat' dir='ltr'><strong>An</strong></span> <span class='ocrx_word' id='word_1_514' title='bbox 3907 3148 4028 3202; x_wconf 85' lang='lat' dir='ltr'><strong>huic</strong></span> 
     </span>
    </p>
   </div>
   <div class='ocr_carea' id='block_1_77' title="bbox 2437 3243 4030 3316">
    <p class='ocr_par' dir='ltr' id='par_1_77' title="bbox 2437 3243 4030 3316">
     <span class='ocr_line' id='line_1_77' title="bbox 2437 3243 4030 3316; baseline -0.006 -11"><span class='ocrx_word' id='word_1_515' title='bbox 2437 3248 2669 3305; x_wconf 86' lang='lat' dir='ltr'><strong>credidit</strong></span> <span class='ocrx_word' id='word_1_516' title='bbox 2699 3249 2999 3302; x_wconf 78' lang='lat' dir='ltr'><strong>exercitum</strong></span> <span class='ocrx_word' id='word_1_517' title='bbox 3024 3245 3532 3316; x_wconf 87' lang='lat' dir='ltr'><strong>suspiciosissimus</strong></span> <span class='ocrx_word' id='word_1_518' title='bbox 3556 3243 3806 3299; x_wconf 90' lang='lat' dir='ltr'><strong>omnium</strong></span> <span class='ocrx_word' id='word_1_519' title='bbox 3839 3255 4030 3313; x_wconf 80' lang='lat' dir='ltr'><strong>tyran-</strong></span> 
     </span>
    </p>
   </div>
   <div class='ocr_carea' id='block_1_78' title="bbox 2442 3329 4029 3407">
    <p class='ocr_par' dir='ltr' id='par_1_78' title="bbox 2442 3329 4029 3407">
     <span class='ocr_line' id='line_1_78' title="bbox 2442 3329 4029 3407; baseline -0.006 -12"><span class='ocrx_word' id='word_1_520' title='bbox 2442 3340 2586 3395; x_wconf 74' lang='lat' dir='ltr'><strong>nus?</strong></span> <span class='ocrx_word' id='word_1_521' title='bbox 2657 3337 2899 3407; x_wconf 89' lang='lat' dir='ltr'><strong>Denique</strong></span> <span class='ocrx_word' id='word_1_522' title='bbox 2951 3343 3167 3392; x_wconf 89' lang='lat' dir='ltr'><strong>constat</strong></span> <span class='ocrx_word' id='word_1_523' title='bbox 3214 3350 3278 3388; x_wconf 80' lang='lat' dir='ltr'><strong>ex</strong></span> <span class='ocrx_word' id='word_1_524' title='bbox 3317 3332 3564 3390; x_wconf 87' lang='lat' dir='ltr'><strong>Turcicis</strong></span> <span class='ocrx_word' id='word_1_525' title='bbox 3614 3329 3933 3398; x_wconf 83' lang='lat' dir='ltr'><strong>annalibus,</strong></span> <span class='ocrx_word' id='word_1_526' title='bbox 3979 3333 4029 3388; x_wconf 90' lang='lat' dir='ltr'><strong>id</strong></span> 
     </span>
    </p>
   </div>
   <div class='ocr_carea' id='block_1_79' title="bbox 2442 3425 4030 3500">
    <p class='ocr_par' dir='ltr' id='par_1_79' title="bbox 2442 3425 4030 3500">
     <span class='ocr_line' id='line_1_79' title="bbox 2442 3425 4030 3500; baseline -0.004 -14"><span class='ocrx_word' id='word_1_527' title='bbox 2442 3431 2702 3500; x_wconf 88' lang='lat' dir='ltr'><strong>temporis</strong></span> <span class='ocrx_word' id='word_1_528' title='bbox 2734 3430 2947 3484; x_wconf 61' lang='lat' dir='ltr'><strong>viciniae</strong></span> <span class='ocrx_word' id='word_1_529' title='bbox 2979 3426 3346 3498; x_wconf 74' lang='lat' dir='ltr'><strong>Trapezuntis</strong></span> <span class='ocrx_word' id='word_1_530' title='bbox 3387 3427 3703 3493; x_wconf 64' lang='lat' dir='ltr'><strong>praelectum</strong></span> <span class='ocrx_word' id='word_1_531' title='bbox 3741 3440 3771 3480; x_wconf 89' lang='lat' dir='ltr'><strong>a</strong></span> <span class='ocrx_word' id='word_1_532' title='bbox 3806 3425 4030 3481; x_wconf 76' lang='lat' dir='ltr'><strong>Muclie-</strong></span> 
     </span>
    </p>
   </div>
   <div class='ocr_carea' id='block_1_80' title="bbox 2445 3517 4029 3589">
    <p class='ocr_par' dir='ltr' id='par_1_80' title="bbox 2445 3517 4029 3589">
     <span class='ocr_line' id='line_1_80' title="bbox 2445 3517 4029 3589; baseline -0.004 -12"><span class='ocrx_word' id='word_1_533' title='bbox 2445 3532 2585 3577; x_wconf 89' lang='lat' dir='ltr'><strong>mete</strong></span> <span class='ocrx_word' id='word_1_534' title='bbox 2618 3521 2788 3577; x_wconf 86' lang='lat' dir='ltr'><strong>luisse</strong></span> <span class='ocrx_word' id='word_1_535' title='bbox 2825 3521 3122 3574; x_wconf 75' lang='lat' dir='ltr'><strong>maximum</strong></span> <span class='ocrx_word' id='word_1_536' title='bbox 3159 3529 3288 3573; x_wconf 90' lang='lat' dir='ltr'><strong>natu</strong></span> <span class='ocrx_word' id='word_1_537' title='bbox 3321 3519 3494 3573; x_wconf 83' lang='lat' dir='ltr'><strong>tilium</strong></span> <span class='ocrx_word' id='word_1_538' title='bbox 3523 3517 3905 3588; x_wconf 81' lang='lat' dir='ltr'><strong>Mustapliam,</strong></span> <span class='ocrx_word' id='word_1_539' title='bbox 3941 3523 4029 3589; x_wconf 86' lang='lat' dir='ltr'><strong>qui</strong></span> 
     </span>
    </p>
   </div>
   <div class='ocr_carea' id='block_1_81' title="bbox 2443 3607 4032 3683">
    <p class='ocr_par' dir='ltr' id='par_1_81' title="bbox 2443 3607 4032 3683">
     <span class='ocr_line' id='line_1_81' title="bbox 2443 3607 4032 3683; baseline -0.003 -13"><span class='ocrx_word' id='word_1_540' title='bbox 2443 3624 2656 3670; x_wconf 83' lang='lat' dir='ltr'><strong>tantum</strong></span> <span class='ocrx_word' id='word_1_541' title='bbox 2680 3614 2947 3670; x_wconf 90' lang='lat' dir='ltr'><strong>decennio</strong></span> <span class='ocrx_word' id='word_1_542' title='bbox 2979 3623 3100 3683; x_wconf 88' lang='lat' dir='ltr'><strong>post</strong></span> <span class='ocrx_word' id='word_1_543' title='bbox 3130 3612 3217 3666; x_wconf 88' lang='lat' dir='ltr'><strong>illa</strong></span> <span class='ocrx_word' id='word_1_544' title='bbox 3248 3627 3369 3667; x_wconf 90' lang='lat' dir='ltr'><strong>cum</strong></span> <span class='ocrx_word' id='word_1_545' title='bbox 3398 3607 3844 3679; x_wconf 88' lang='lat' dir='ltr'><strong>Trapezuntibus</strong></span> <span class='ocrx_word' id='word_1_546' title='bbox 3870 3612 4032 3677; x_wconf 83' lang='lat' dir='ltr'><strong>bella,</strong></span> 
     </span>
    </p>
   </div>
   <div class='ocr_carea' id='block_1_82' title="bbox 2443 3705 4032 3772">
    <p class='ocr_par' dir='ltr' id='par_1_82' title="bbox 2443 3705 4032 3772">
     <span class='ocr_line' id='line_1_82' title="bbox 2443 3705 4032 3772; baseline -0.002 -10"><span class='ocrx_word' id='word_1_547' title='bbox 2443 3707 2724 3762; x_wconf 73' lang='lat' dir='ltr'><strong>[’artliisin</strong></span> <span class='ocrx_word' id='word_1_548' title='bbox 2746 3710 3056 3761; x_wconf 82' lang='lat' dir='ltr'><strong>Armeniam</strong></span> <span class='ocrx_word' id='word_1_549' title='bbox 3073 3706 3522 3762; x_wconf 82' lang='lat' dir='ltr'><strong>etCaramaniam</strong></span> <span class='ocrx_word' id='word_1_550' title='bbox 3545 3705 3742 3760; x_wconf 76' lang='lat' dir='ltr'><strong>infusis</strong></span> <span class='ocrx_word' id='word_1_551' title='bbox 3765 3709 4032 3772; x_wconf 88' lang='lat' dir='ltr'><strong>occurrit,</strong></span> 
     </span>
    </p>
   </div>
   <div class='ocr_carea' id='block_1_83' title="bbox 2442 3797 4035 3870">
    <p class='ocr_par' dir='ltr' id='par_1_83' title="bbox 2442 3797 4035 3870">
     <span class='ocr_line' id='line_1_83' title="bbox 2442 3797 4035 3870; baseline -0.001 -16"><span class='ocrx_word' id='word_1_552' title='bbox 2442 3801 2629 3870; x_wconf 88' lang='lat' dir='ltr'><strong>eisque</strong></span> <span class='ocrx_word' id='word_1_553' title='bbox 2653 3797 3134 3862; x_wconf 66' lang='lat' dir='ltr'><strong>caesisJusnfzem</strong></span> <span class='ocrx_word' id='word_1_554' title='bbox 3184 3799 3380 3870; x_wconf 84' lang='lat' dir='ltr'><strong>begum</strong></span> <span class='ocrx_word' id='word_1_555' title='bbox 3407 3797 3603 3854; x_wconf 91' lang='lat' dir='ltr'><strong>ducem</strong></span> <span class='ocrx_word' id='word_1_556' title='bbox 3657 3800 3846 3853; x_wconf 86' lang='lat' dir='ltr'><strong>vivum</strong></span> <span class='ocrx_word' id='word_1_557' title='bbox 3893 3807 4035 3870; x_wconf 81' lang='lat' dir='ltr'><strong>cepit</strong></span> 
     </span>
    </p>
   </div>
   <div class='ocr_carea' id='block_1_84' title="bbox 2441 3892 4035 3962">
    <p class='ocr_par' dir='ltr' id='par_1_84' title="bbox 2441 3892 4035 3962">
     <span class='ocr_line' id='line_1_84' title="bbox 2441 3892 4035 3962; baseline 0.001 -15"><span class='ocrx_word' id='word_1_558' title='bbox 2441 3902 2494 3948; x_wconf 90' lang='lat' dir='ltr'><strong>et</strong></span> <span class='ocrx_word' id='word_1_559' title='bbox 2526 3893 2663 3959; x_wconf 82' lang='lat' dir='ltr'><strong>patri</strong></span> <span class='ocrx_word' id='word_1_560' title='bbox 2699 3893 2866 3946; x_wconf 85' lang='lat' dir='ltr'><strong>misit:</strong></span> <span class='ocrx_word' id='word_1_561' title='bbox 2896 3893 3041 3962; x_wconf 90' lang='lat' dir='ltr'><strong>quod</strong></span> <span class='ocrx_word' id='word_1_562' title='bbox 3073 3901 3454 3959; x_wconf 79' lang='lat' dir='ltr'><strong>argumentum</strong></span> <span class='ocrx_word' id='word_1_563' title='bbox 3484 3900 3564 3946; x_wconf 88' lang='lat' dir='ltr'><strong>est</strong></span> <span class='ocrx_word' id='word_1_564' title='bbox 3584 3892 3834 3957; x_wconf 79' lang='lat' dir='ltr'><strong>evidens,</strong></span> <span class='ocrx_word' id='word_1_565' title='bbox 3864 3895 4035 3948; x_wconf 80' lang='lat' dir='ltr'><strong>fuisse</strong></span> 
     </span>
    </p>
   </div>
   <div class='ocr_carea' id='block_1_85' title="bbox 2445 3977 4034 4052">
    <p class='ocr_par' dir='ltr' id='par_1_85' title="bbox 2445 3977 4034 4052">
     <span class='ocr_line' id='line_1_85' title="bbox 2445 3977 4034 4052; baseline 0.001 -14"><span class='ocrx_word' id='word_1_566' title='bbox 2445 3995 2557 4038; x_wconf 92' lang='lat' dir='ltr'><strong>tum</strong></span> <span class='ocrx_word' id='word_1_567' title='bbox 2613 3983 2953 4052; x_wconf 82' lang='lat' dir='ltr'><strong>Mustapliam</strong></span> <span class='ocrx_word' id='word_1_568' title='bbox 3007 3985 3179 4037; x_wconf 80' lang='lat' dir='ltr'><strong>virilis</strong></span> <span class='ocrx_word' id='word_1_569' title='bbox 3222 3986 3434 4047; x_wconf 66' lang='lat' dir='ltr'><strong>aetatis,</strong></span> <span class='ocrx_word' id='word_1_570' title='bbox 3486 3998 3588 4037; x_wconf 90' lang='lat' dir='ltr'><strong>nec</strong></span> <span class='ocrx_word' id='word_1_571' title='bbox 3644 3977 3873 4038; x_wconf 85' lang='lat' dir='ltr'><strong>Zichein</strong></span> <span class='ocrx_word' id='word_1_572' title='bbox 3937 3988 4034 4040; x_wconf 74' lang='lat' dir='ltr'><strong>Us-</strong></span> 
     </span>
    </p>
   </div>
   <div class='ocr_carea' id='block_1_86' title="bbox 2448 4077 4034 4147">
    <p class='ocr_par' dir='ltr' id='par_1_86' title="bbox 2448 4077 4034 4147">
     <span class='ocr_line' id='line_1_86' title="bbox 2448 4077 4034 4147; baseline 0 -17"><span class='ocrx_word' id='word_1_573' title='bbox 2448 4078 2724 4131; x_wconf 87' lang='lat' dir='ltr'><strong>manidam</strong></span> <span class='ocrx_word' id='word_1_574' title='bbox 2756 4080 2807 4131; x_wconf 91' lang='lat' dir='ltr'><strong>in</strong></span> <span class='ocrx_word' id='word_1_575' title='bbox 2869 4079 2936 4132; x_wconf 88' lang='lat' dir='ltr'><strong>iis</strong></span> <span class='ocrx_word' id='word_1_576' title='bbox 2973 4078 3104 4131; x_wconf 86' lang='lat' dir='ltr'><strong>locis</strong></span> <span class='ocrx_word' id='word_1_577' title='bbox 3157 4078 3236 4131; x_wconf 88' lang='lat' dir='ltr'><strong>vel</strong></span> <span class='ocrx_word' id='word_1_578' title='bbox 3299 4077 3588 4147; x_wconf 86' lang='lat' dir='ltr'><strong>imperium</strong></span> <span class='ocrx_word' id='word_1_579' title='bbox 3640 4077 3893 4146; x_wconf 86' lang='lat' dir='ltr'><strong>aliquod,</strong></span> <span class='ocrx_word' id='word_1_580' title='bbox 3959 4081 4034 4130; x_wconf 69' lang='lat' dir='ltr'><strong>vel</strong></span> 
     </span>
    </p>
   </div>
   <div class='ocr_carea' id='block_1_87' title="bbox 2444 4170 4036 4234">
    <p class='ocr_par' dir='ltr' id='par_1_87' title="bbox 2444 4170 4036 4234">
     <span class='ocr_line' id='line_1_87' title="bbox 2444 4170 4036 4234; baseline -0.001 -9"><span class='ocrx_word' id='word_1_581' title='bbox 2444 4172 2744 4225; x_wconf 85' lang='lat' dir='ltr'><strong>exercitum</strong></span> <span class='ocrx_word' id='word_1_582' title='bbox 2780 4171 3057 4224; x_wconf 72' lang='lat' dir='ltr'><strong>habuisse.</strong></span> <span class='ocrx_word' id='word_1_583' title='bbox 3087 4172 3217 4234; x_wconf 61' lang='lat' dir='ltr'><strong>QUAE</strong></span> <span class='ocrx_word' id='word_1_584' title='bbox 3238 4186 3360 4223; x_wconf 85' lang='lat' dir='ltr'><strong>cum</strong></span> <span class='ocrx_word' id='word_1_585' title='bbox 3379 4170 3453 4222; x_wconf 90' lang='lat' dir='ltr'><strong>ita</strong></span> <span class='ocrx_word' id='word_1_586' title='bbox 3477 4172 3606 4232; x_wconf 86' lang='lat' dir='ltr'><strong>sint,</strong></span> <span class='ocrx_word' id='word_1_587' title='bbox 3634 4180 3808 4224; x_wconf 87' lang='lat' dir='ltr'><strong>restat</strong></span> <span class='ocrx_word' id='word_1_588' title='bbox 3847 4181 3906 4224; x_wconf 92' lang='lat' dir='ltr'><strong>ut</strong></span> <span class='ocrx_word' id='word_1_589' title='bbox 3928 4181 4036 4224; x_wconf 86' lang='lat' dir='ltr'><strong>sta-</strong></span> 
     </span>
    </p>
   </div>
   <div class='ocr_carea' id='block_1_88' title="bbox 2447 4261 4039 4333">
    <p class='ocr_par' dir='ltr' id='par_1_88' title="bbox 2447 4261 4039 4333">
     <span class='ocr_line' id='line_1_88' title="bbox 2447 4261 4039 4333; baseline -0.001 -15"><span class='ocrx_word' id='word_1_590' title='bbox 2447 4276 2666 4318; x_wconf 87' lang='lat' dir='ltr'><strong>tuamus</strong></span> <span class='ocrx_word' id='word_1_591' title='bbox 2716 4278 2952 4333; x_wconf 84' lang='lat' dir='ltr'><strong>quatuor</strong></span> <span class='ocrx_word' id='word_1_592' title='bbox 2999 4264 3226 4315; x_wconf 77' lang='lat' dir='ltr'><strong>omnino</strong></span> <span class='ocrx_word' id='word_1_593' title='bbox 3291 4264 3535 4326; x_wconf 88' lang='lat' dir='ltr'><strong>nomina,</strong></span> <span class='ocrx_word' id='word_1_594' title='bbox 3595 4261 3931 4317; x_wconf 72' lang='lat' dir='ltr'><strong>Ortliolmlis</strong></span> <span class='ocrx_word' id='word_1_595' title='bbox 3989 4277 4039 4316; x_wconf 80' lang='lat' dir='ltr'><strong>et</strong></span> 
     </span>
    </p>
   </div>
   <div class='ocr_carea' id='block_1_89' title="bbox 2450 4354 4032 4423">
    <p class='ocr_par' dir='ltr' id='par_1_89' title="bbox 2450 4354 4032 4423">
     <span class='ocr_line' id='line_1_89' title="bbox 2450 4354 4032 4423; baseline -0.003 -16"><span class='ocrx_word' id='word_1_596' title='bbox 2450 4355 2835 4415; x_wconf 82' lang='lat' dir='ltr'><strong>Mulsumanis,</strong></span> <span class='ocrx_word' id='word_1_597' title='bbox 2869 4369 2988 4421; x_wconf 73' lang='lat' dir='ltr'><strong>quae</strong></span> <span class='ocrx_word' id='word_1_598' title='bbox 3015 4355 3185 4407; x_wconf 58' lang='lat' dir='ltr'><strong>Gra‘ci</strong></span> <span class='ocrx_word' id='word_1_599' title='bbox 3211 4354 3556 4406; x_wconf 83' lang='lat' dir='ltr'><strong>tradiderunt</strong></span> <span class='ocrx_word' id='word_1_600' title='bbox 3583 4369 3597 4417; x_wconf 90' lang='lat'><strong>;</strong></span> <span class='ocrx_word' id='word_1_601' title='bbox 3633 4354 4032 4423; x_wconf 65' lang='lat' dir='ltr'><strong>Cyrsicelebis.</strong></span> 
     </span>
    </p>
   </div>
   <div class='ocr_carea' id='block_1_90' title="bbox 2446 4442 4038 4514">
    <p class='ocr_par' dir='ltr' id='par_1_90' title="bbox 2446 4442 4038 4514">
     <span class='ocr_line' id='line_1_90' title="bbox 2446 4442 4038 4514; baseline -0.003 -15"><span class='ocrx_word' id='word_1_602' title='bbox 2446 4447 2590 4514; x_wconf 83' lang='lat' dir='ltr'><strong>quod</strong></span> <span class='ocrx_word' id='word_1_603' title='bbox 2647 4449 2816 4500; x_wconf 83' lang='lat' dir='ltr'><strong>nostri</strong></span> <span class='ocrx_word' id='word_1_604' title='bbox 2855 4445 3248 4511; x_wconf 82' lang='lat' dir='ltr'><strong>;So|cimanis,</strong></span> <span class='ocrx_word' id='word_1_605' title='bbox 3282 4445 3424 4513; x_wconf 90' lang='lat' dir='ltr'><strong>quod</strong></span> <span class='ocrx_word' id='word_1_606' title='bbox 3485 4442 3670 4508; x_wconf 83' lang='lat' dir='ltr'><strong>Turci;</strong></span> <span class='ocrx_word' id='word_1_607' title='bbox 3710 4447 3939 4498; x_wconf 72' lang='lat' dir='ltr'><strong>tandem</strong></span> <span class='ocrx_word' id='word_1_608' title='bbox 3990 4451 4038 4495; x_wconf 85' lang='lat' dir='ltr'><strong>in</strong></span> 
     </span>
    </p>
   </div>
   <div class='ocr_carea' id='block_1_91' title="bbox 756 4537 4036 4631">
    <p class='ocr_par' dir='ltr' id='par_1_91' title="bbox 756 4537 4036 4631">
     <span class='ocr_line' id='line_1_91' title="bbox 756 4537 4036 4631; baseline -0.006 -23"><span class='ocrx_word' id='word_1_609' title='bbox 756 4558 933 4609; x_wconf 75' lang='lat' dir='ltr'><strong>Clian.</strong></span> <span class='ocrx_word' id='word_1_610' title='bbox 990 4551 1147 4617; x_wconf 89' lang='lat' dir='ltr'><strong>Quod</strong></span> <span class='ocrx_word' id='word_1_611' title='bbox 1181 4563 1309 4603; x_wconf 87' lang='lat' dir='ltr'><strong>vero</strong></span> <span class='ocrx_word' id='word_1_612' title='bbox 1340 4560 1526 4600; x_wconf 85' lang='lat' dir='ltr'><strong>necem</strong></span> <span class='ocrx_word' id='word_1_613' title='bbox 1583 4538 1900 4597; x_wconf 87' lang='lat' dir='ltr'><strong>Ortliobulis</strong></span> <span class='ocrx_word' id='word_1_614' title='bbox 1955 4538 2167 4599; x_wconf 87' lang='lat' dir='ltr'><strong>attinet,</strong></span> <span class='ocrx_word' id='word_1_615' title='bbox 2212 4549 2335 4603; x_wconf 71' lang='lat' dir='ltr'><strong>qua:</strong></span> <span class='ocrx_word' id='word_1_616' title='bbox 2371 4578 2411 4631; x_wconf 64' lang='grc' dir='ltr'><strong>Β</strong></span> <span class='ocrx_word' id='word_1_617' title='bbox 2445 4556 2611 4593; x_wconf 93' lang='lat' dir='ltr'><strong>unum</strong></span> <span class='ocrx_word' id='word_1_618' title='bbox 2646 4538 2971 4592; x_wconf 79' lang='lat' dir='ltr'><strong>conferenda</strong></span> <span class='ocrx_word' id='word_1_619' title='bbox 3007 4537 3372 4593; x_wconf 85' lang='lat' dir='ltr'><strong>Soleimanem</strong></span> <span class='ocrx_word' id='word_1_620' title='bbox 3422 4537 3673 4603; x_wconf 83' lang='lat' dir='ltr'><strong>Bajazitis</strong></span> <span class='ocrx_word' id='word_1_621' title='bbox 3703 4554 4036 4605; x_wconf 75' lang='lat' dir='ltr'><strong>germanum</strong></span> 
     </span>
    </p>
   </div>
   <div class='ocr_carea' id='block_1_92' title="bbox 759 4629 2330 4703">
    <p class='ocr_par' dir='ltr' id='par_1_92' title="bbox 759 4629 2330 4703">
     <span class='ocr_line' id='line_1_92' title="bbox 759 4629 2330 4703; baseline -0.015 0"><span class='ocrx_word' id='word_1_622' title='bbox 759 4657 1080 4703; x_wconf 86' lang='lat' dir='ltr'><strong>recensetur</strong></span> <span class='ocrx_word' id='word_1_623' title='bbox 1104 4658 1131 4696; x_wconf 88' lang='lat' dir='ltr'><strong>a</strong></span> <span class='ocrx_word' id='word_1_624' title='bbox 1161 4640 1393 4702; x_wconf 70' lang='lat' dir='ltr'><strong>Grai-cis,</strong></span> <span class='ocrx_word' id='word_1_625' title='bbox 1425 4654 1453 4690; x_wconf 87' lang='lat' dir='ltr'><strong>a</strong></span> <span class='ocrx_word' id='word_1_626' title='bbox 1482 4635 1676 4689; x_wconf 86' lang='lat' dir='ltr'><strong>Turcis</strong></span> <span class='ocrx_word' id='word_1_627' title='bbox 1707 4632 1926 4687; x_wconf 84' lang='lat' dir='ltr'><strong>silentio</strong></span> <span class='ocrx_word' id='word_1_628' title='bbox 1981 4629 2330 4699; x_wconf 66' lang='lat' dir='ltr'><strong>praeteritur:</strong></span> 
     </span>
    </p>
   </div>
   <div class='ocr_carea' id='block_1_93' title="bbox 760 4721 2332 4795">
    <p class='ocr_par' dir='ltr' id='par_1_93' title="bbox 760 4721 2332 4795">
     <span class='ocr_line' id='line_1_93' title="bbox 760 4721 2332 4795; baseline -0.015 0"><span class='ocrx_word' id='word_1_629' title='bbox 760 4743 892 4795; x_wconf 85' lang='lat' dir='ltr'><strong>nihil</strong></span> <span class='ocrx_word' id='word_1_630' title='bbox 921 4755 982 4794; x_wconf 90' lang='lat' dir='ltr'><strong>ea</strong></span> <span class='ocrx_word' id='word_1_631' title='bbox 1010 4736 1217 4791; x_wconf 89' lang='lat' dir='ltr'><strong>nostris</strong></span> <span class='ocrx_word' id='word_1_632' title='bbox 1271 4731 1581 4787; x_wconf 80' lang='lat' dir='ltr'><strong>rationibus</strong></span> <span class='ocrx_word' id='word_1_633' title='bbox 1620 4727 1816 4790; x_wconf 79' lang='lat' dir='ltr'><strong>officit,</strong></span> <span class='ocrx_word' id='word_1_634' title='bbox 1852 4738 1974 4778; x_wconf 91' lang='lat' dir='ltr'><strong>cum</strong></span> <span class='ocrx_word' id='word_1_635' title='bbox 2027 4721 2147 4775; x_wconf 88' lang='lat' dir='ltr'><strong>vice</strong></span> <span class='ocrx_word' id='word_1_636' title='bbox 2175 4732 2332 4773; x_wconf 87' lang='lat' dir='ltr'><strong>versa</strong></span> 
     </span>
    </p>
   </div>
   <div class='ocr_carea' id='block_1_94' title="bbox 757 4808 2334 4891">
    <p class='ocr_par' dir='ltr' id='par_1_94' title="bbox 757 4808 2334 4891">
     <span class='ocr_line' id='line_1_94' title="bbox 757 4808 2334 4891; baseline -0.018 -4"><span class='ocrx_word' id='word_1_637' title='bbox 757 4833 921 4886; x_wconf 78' lang='lat' dir='ltr'><strong>&#39;l‘urci</strong></span> <span class='ocrx_word' id='word_1_638' title='bbox 1003 4827 1321 4883; x_wconf 83' lang='lat' dir='ltr'><strong>&#39;l‘emiriauo</strong></span> <span class='ocrx_word' id='word_1_639' title='bbox 1401 4820 1587 4891; x_wconf 67' lang='lat' dir='ltr'><strong>prtelio</strong></span> <span class='ocrx_word' id='word_1_640' title='bbox 1656 4815 1995 4883; x_wconf 83' lang='lat' dir='ltr'><strong>Mustapham</strong></span> <span class='ocrx_word' id='word_1_641' title='bbox 2079 4808 2334 4878; x_wconf 79' lang='lat' dir='ltr'><strong>Bajazitis</strong></span> 
     </span>
    </p>
   </div>
   <div class='ocr_carea' id='block_1_95' title="bbox 757 4903 2330 4980">
    <p class='ocr_par' dir='ltr' id='par_1_95' title="bbox 757 4903 2330 4980">
     <span class='ocr_line' id='line_1_95' title="bbox 757 4903 2330 4980; baseline -0.019 0"><span class='ocrx_word' id='word_1_642' title='bbox 757 4927 927 4980; x_wconf 82' lang='lat' dir='ltr'><strong>lilium</strong></span> <span class='ocrx_word' id='word_1_643' title='bbox 991 4917 1319 4975; x_wconf 88' lang='lat' dir='ltr'><strong>occubuisse</strong></span> <span class='ocrx_word' id='word_1_644' title='bbox 1377 4919 1704 4970; x_wconf 87' lang='lat' dir='ltr'><strong>memorent,</strong></span> <span class='ocrx_word' id='word_1_645' title='bbox 1774 4921 1936 4975; x_wconf 90' lang='lat' dir='ltr'><strong>quem</strong></span> <span class='ocrx_word' id='word_1_646' title='bbox 1995 4903 2166 4957; x_wconf 68' lang='lat' dir='ltr'><strong>Graeci</strong></span> <span class='ocrx_word' id='word_1_647' title='bbox 2223 4910 2330 4953; x_wconf 88' lang='lat' dir='ltr'><strong>tam</strong></span> 
     </span>
    </p>
   </div>
   <div class='ocr_carea' id='block_1_96' title="bbox 759 4996 2328 5084">
    <p class='ocr_par' dir='ltr' id='par_1_96' title="bbox 759 4996 2328 5084">
     <span class='ocr_line' id='line_1_96' title="bbox 759 4996 2328 5084; baseline -0.019 -8"><span class='ocrx_word' id='word_1_648' title='bbox 759 5029 911 5076; x_wconf 85' lang='lat' dir='ltr'><strong>certo</strong></span> <span class='ocrx_word' id='word_1_649' title='bbox 943 5033 1050 5072; x_wconf 91' lang='lat' dir='ltr'><strong>non</strong></span> <span class='ocrx_word' id='word_1_650' title='bbox 1089 5014 1318 5084; x_wconf 86' lang='lat' dir='ltr'><strong>periisse</strong></span> <span class='ocrx_word' id='word_1_651' title='bbox 1351 5008 1668 5067; x_wconf 86' lang='lat' dir='ltr'><strong>credebant,</strong></span> <span class='ocrx_word' id='word_1_652' title='bbox 1727 5011 1786 5056; x_wconf 94' lang='lat' dir='ltr'><strong>ut</strong></span> <span class='ocrx_word' id='word_1_653' title='bbox 1817 5002 1981 5055; x_wconf 87' lang='lat' dir='ltr'><strong>alium</strong></span> <span class='ocrx_word' id='word_1_654' title='bbox 2038 4996 2328 5068; x_wconf 85' lang='lat' dir='ltr'><strong>quemdam</strong></span> 
     </span>
    </p>
   </div>
   <div class='ocr_carea' id='block_1_97' title="bbox 760 5087 2332 5166">
    <p class='ocr_par' dir='ltr' id='par_1_97' title="bbox 760 5087 2332 5166">
     <span class='ocr_line' id='line_1_97' title="bbox 760 5087 2332 5166; baseline -0.018 -2"><span class='ocrx_word' id='word_1_655' title='bbox 760 5112 1113 5166; x_wconf 85' lang='lat' dir='ltr'><strong>mentientem</strong></span> <span class='ocrx_word' id='word_1_656' title='bbox 1146 5107 1248 5158; x_wconf 87' lang='lat' dir='ltr'><strong>hoc</strong></span> <span class='ocrx_word' id='word_1_657' title='bbox 1281 5117 1502 5161; x_wconf 88' lang='lat' dir='ltr'><strong>nomen,</strong></span> <span class='ocrx_word' id='word_1_658' title='bbox 1531 5097 1694 5151; x_wconf 86' lang='lat' dir='ltr'><strong>veluti</strong></span> <span class='ocrx_word' id='word_1_659' title='bbox 1750 5091 2165 5163; x_wconf 87' lang='lat' dir='ltr'><strong>supposititinm</strong></span> <span class='ocrx_word' id='word_1_660' title='bbox 2225 5087 2332 5140; x_wconf 80' lang='lat' dir='ltr'><strong>fra-</strong></span> 
     </span>
    </p>
   </div>
   <div class='ocr_carea' id='block_1_98' title="bbox 758 5185 2332 5268">
    <p class='ocr_par' dir='ltr' id='par_1_98' title="bbox 758 5185 2332 5268">
     <span class='ocr_line' id='line_1_98' title="bbox 758 5185 2332 5268; baseline -0.015 -12"><span class='ocrx_word' id='word_1_661' title='bbox 758 5215 891 5256; x_wconf 81' lang='lat' dir='ltr'><strong>trem</strong></span> <span class='ocrx_word' id='word_1_662' title='bbox 938 5196 1183 5268; x_wconf 78' lang='lat' dir='ltr'><strong>poscenti</strong></span> <span class='ocrx_word' id='word_1_663' title='bbox 1219 5191 1545 5246; x_wconf 67' lang='lat' dir='ltr'><strong>hlucliemeti</strong></span> <span class='ocrx_word' id='word_1_664' title='bbox 1572 5189 1772 5242; x_wconf 88' lang='lat' dir='ltr'><strong>dedere</strong></span> <span class='ocrx_word' id='word_1_665' title='bbox 1804 5185 2029 5248; x_wconf 91' lang='lat' dir='ltr'><strong>nollent,</strong></span> <span class='ocrx_word' id='word_1_666' title='bbox 2091 5190 2332 5234; x_wconf 85' lang='lat' dir='ltr'><strong>mortuo-</strong></span> 
     </span>
    </p>
   </div>
   <div class='ocr_carea' id='block_1_99' title="bbox 755 5272 2329 5363">
    <p class='ocr_par' dir='ltr' id='par_1_99' title="bbox 755 5272 2329 5363">
     <span class='ocr_line' id='line_1_99' title="bbox 755 5272 2329 5363; baseline -0.015 -17"><span class='ocrx_word' id='word_1_667' title='bbox 755 5311 861 5363; x_wconf 90' lang='lat' dir='ltr'><strong>que</strong></span> <span class='ocrx_word' id='word_1_668' title='bbox 906 5290 1251 5344; x_wconf 85' lang='lat' dir='ltr'><strong>Muchemete</strong></span> <span class='ocrx_word' id='word_1_669' title='bbox 1281 5293 1471 5338; x_wconf 86' lang='lat' dir='ltr'><strong>contra</strong></span> <span class='ocrx_word' id='word_1_670' title='bbox 1523 5281 1789 5333; x_wconf 78' lang='lat' dir='ltr'><strong>liluratein</strong></span> <span class='ocrx_word' id='word_1_671' title='bbox 1843 5275 2166 5335; x_wconf 87' lang='lat' dir='ltr'><strong>secundum,</strong></span> <span class='ocrx_word' id='word_1_672' title='bbox 2217 5272 2329 5324; x_wconf 74' lang='lat' dir='ltr'><strong>blu-</strong></span> 
     </span>
    </p>
   </div>
   <div class='ocr_carea' id='block_1_100' title="bbox 755 5362 2328 5441">
    <p class='ocr_par' dir='ltr' id='par_1_100' title="bbox 755 5362 2328 5441">
     <span class='ocr_line' id='line_1_100' title="bbox 755 5362 2328 5441; baseline -0.015 -2"><span class='ocrx_word' id='word_1_673' title='bbox 755 5362 1020 5439; x_wconf 86' lang='lat' dir='ltr'><strong>cliemetis</strong></span> <span class='ocrx_word' id='word_1_674' title='bbox 1053 5380 1244 5441; x_wconf 90' lang='lat' dir='ltr'><strong>lilium,</strong></span> <span class='ocrx_word' id='word_1_675' title='bbox 1299 5389 1398 5428; x_wconf 90' lang='lat' dir='ltr'><strong>sua</strong></span> <span class='ocrx_word' id='word_1_676' title='bbox 1430 5388 1554 5426; x_wconf 88' lang='lat' dir='ltr'><strong>cum</strong></span> <span class='ocrx_word' id='word_1_677' title='bbox 1577 5370 1818 5438; x_wconf 81' lang='lat' dir='ltr'><strong>pernicie</strong></span> <span class='ocrx_word' id='word_1_678' title='bbox 1873 5368 2143 5420; x_wconf 82' lang='lat' dir='ltr'><strong>foverent.</strong></span> <span class='ocrx_word' id='word_1_679' title='bbox 2184 5362 2328 5417; x_wconf 63' lang='lat' dir='ltr'><strong>Pras-</strong></span> 
     </span>
    </p>
   </div>
   <div class='ocr_carea' id='block_1_101' title="bbox 754 5457 2326 5533">
    <p class='ocr_par' dir='ltr' id='par_1_101' title="bbox 754 5457 2326 5533">
     <span class='ocr_line' id='line_1_101' title="bbox 754 5457 2326 5533; baseline -0.015 0"><span class='ocrx_word' id='word_1_680' title='bbox 754 5492 902 5533; x_wconf 80' lang='lat' dir='ltr'><strong>terea</strong></span> <span class='ocrx_word' id='word_1_681' title='bbox 928 5490 1035 5528; x_wconf 91' lang='lat' dir='ltr'><strong>non</strong></span> <span class='ocrx_word' id='word_1_682' title='bbox 1067 5474 1166 5526; x_wconf 89' lang='lat' dir='ltr'><strong>abs</strong></span> <span class='ocrx_word' id='word_1_683' title='bbox 1201 5485 1256 5522; x_wconf 88' lang='lat' dir='ltr'><strong>re</strong></span> <span class='ocrx_word' id='word_1_684' title='bbox 1282 5467 1482 5521; x_wconf 90' lang='lat' dir='ltr'><strong>mirum</strong></span> <span class='ocrx_word' id='word_1_685' title='bbox 1518 5463 1685 5518; x_wconf 85' lang='lat' dir='ltr'><strong>alicui</strong></span> <span class='ocrx_word' id='word_1_686' title='bbox 1721 5461 1994 5521; x_wconf 88' lang='lat' dir='ltr'><strong>videatur,</strong></span> <span class='ocrx_word' id='word_1_687' title='bbox 2023 5457 2326 5511; x_wconf 54' lang='lat' dir='ltr'><strong>liaonicum</strong></span> 
     </span>
    </p>
   </div>
   <div class='ocr_carea' id='block_1_102' title="bbox 749 5551 2330 5631">
    <p class='ocr_par' dir='ltr' id='par_1_102' title="bbox 749 5551 2330 5631">
     <span class='ocr_line' id='line_1_102' title="bbox 749 5551 2330 5631; baseline -0.015 -7"><span class='ocrx_word' id='word_1_688' title='bbox 749 5575 953 5631; x_wconf 81' lang='lat' dir='ltr'><strong>dicere,</strong></span> <span class='ocrx_word' id='word_1_689' title='bbox 981 5574 1230 5620; x_wconf 78' lang='lat' dir='ltr'><strong>necatum</strong></span> <span class='ocrx_word' id='word_1_690' title='bbox 1258 5577 1288 5615; x_wconf 87' lang='lat' dir='ltr'><strong>a</strong></span> <span class='ocrx_word' id='word_1_691' title='bbox 1317 5561 1535 5614; x_wconf 84' lang='lat' dir='ltr'><strong>&#39;l‘emire</strong></span> <span class='ocrx_word' id='word_1_692' title='bbox 1563 5555 1819 5624; x_wconf 80' lang='lat' dir='ltr'><strong>Bajazitis</strong></span> <span class='ocrx_word' id='word_1_693' title='bbox 1852 5553 2020 5606; x_wconf 91' lang='lat' dir='ltr'><strong>lilium</strong></span> <span class='ocrx_word' id='word_1_694' title='bbox 2053 5551 2330 5605; x_wconf 86' lang='lat' dir='ltr'><strong>Orthobu-</strong></span> 
     </span>
    </p>
   </div>
   <div class='ocr_carea' id='block_1_103' title="bbox 751 5641 2326 5730">
    <p class='ocr_par' dir='ltr' id='par_1_103' title="bbox 751 5641 2326 5730">
     <span class='ocr_line' id='line_1_103' title="bbox 751 5641 2326 5730; baseline -0.014 -14"><span class='ocrx_word' id='word_1_695' title='bbox 751 5666 854 5716; x_wconf 78' lang='lat' dir='ltr'><strong>leni</strong></span> <span class='ocrx_word' id='word_1_696' title='bbox 884 5681 896 5715; x_wconf 91' lang='lat'>:</span> <span class='ocrx_word' id='word_1_697' title='bbox 932 5656 1094 5730; x_wconf 65' lang='grc'><strong>425</strong></span> <span class='ocrx_word' id='word_1_698' title='bbox 1121 5671 1243 5708; x_wconf 91' lang='lat' dir='ltr'><strong>cum</strong></span> <span class='ocrx_word' id='word_1_699' title='bbox 1277 5655 1322 5707; x_wconf 81' lang='lat' dir='ltr'><strong>is</strong></span> <span class='ocrx_word' id='word_1_700' title='bbox 1353 5650 1564 5705; x_wconf 91' lang='lat' dir='ltr'><strong>auctori</strong></span> <span class='ocrx_word' id='word_1_701' title='bbox 1589 5649 1710 5700; x_wconf 86' lang='lat' dir='ltr'><strong>belli</strong></span> <span class='ocrx_word' id='word_1_702' title='bbox 1746 5657 1797 5699; x_wconf 90' lang='lat' dir='ltr'><strong>et</strong></span> <span class='ocrx_word' id='word_1_703' title='bbox 1815 5643 2167 5712; x_wconf 71' lang='lat' dir='ltr'><strong>iniuriarum,</strong></span> <span class='ocrx_word' id='word_1_704' title='bbox 2190 5641 2326 5709; x_wconf 84' lang='lat' dir='ltr'><strong>patri</strong></span> 
     </span>
    </p>
   </div>
   <div class='ocr_carea' id='block_1_104' title="bbox 749 5737 2330 5826">
    <p class='ocr_par' dir='ltr' id='par_1_104' title="bbox 749 5737 2330 5826">
     <span class='ocr_line' id='line_1_104' title="bbox 749 5737 2330 5826; baseline -0.011 -19"><span class='ocrx_word' id='word_1_705' title='bbox 749 5757 1068 5826; x_wconf 70' lang='lat' dir='ltr'><strong>pepercerit;</strong></span> <span class='ocrx_word' id='word_1_706' title='bbox 1097 5762 1151 5806; x_wconf 90' lang='lat' dir='ltr'><strong>et</strong></span> <span class='ocrx_word' id='word_1_707' title='bbox 1183 5763 1441 5819; x_wconf 79' lang='lat' dir='ltr'><strong>expresse</strong></span> <span class='ocrx_word' id='word_1_708' title='bbox 1474 5745 1751 5799; x_wconf 80' lang='lat' dir='ltr'><strong>Laonicus</strong></span> <span class='ocrx_word' id='word_1_709' title='bbox 1788 5743 1927 5796; x_wconf 90' lang='lat' dir='ltr'><strong>idem</strong></span> <span class='ocrx_word' id='word_1_710' title='bbox 1963 5752 2145 5810; x_wconf 89' lang='lat' dir='ltr'><strong>postea</strong></span> <span class='ocrx_word' id='word_1_711' title='bbox 2195 5737 2330 5792; x_wconf 89' lang='lat' dir='ltr'><strong>scri-</strong></span> 
     </span>
    </p>
   </div>
   <div class='ocr_carea' id='block_1_105' title="bbox 748 5831 2324 5912">
    <p class='ocr_par' dir='ltr' id='par_1_105' title="bbox 748 5831 2324 5912">
     <span class='ocr_line' id='line_1_105' title="bbox 748 5831 2324 5912; baseline -0.015 -5"><span class='ocrx_word' id='word_1_712' title='bbox 748 5854 838 5907; x_wconf 79' lang='lat' dir='ltr'><strong>bat</strong></span> <span class='ocrx_word' id='word_1_713' title='bbox 866 5849 989 5910; x_wconf 73' lang='lat' dir='ltr'><strong>tilde</strong></span> <span class='ocrx_word' id='word_1_714' title='bbox 1021 5846 1142 5903; x_wconf 74' lang='lat' dir='ltr'><strong>lzcct</strong></span> <span class='ocrx_word' id='word_1_715' title='bbox 1166 5845 1376 5912; x_wconf 78' lang='lat' dir='ltr'><strong>dubia),</strong></span> <span class='ocrx_word' id='word_1_716' title='bbox 1402 5840 1820 5903; x_wconf 78' lang='lat' dir='ltr'><strong>Mulsumanem,</strong></span> <span class='ocrx_word' id='word_1_717' title='bbox 1865 5836 2087 5898; x_wconf 85' lang='lat' dir='ltr'><strong>Moscm,</strong></span> <span class='ocrx_word' id='word_1_718' title='bbox 2115 5831 2324 5898; x_wconf 70' lang='lat' dir='ltr'><strong>Jesum,</strong></span> 
     </span>
    </p>
   </div>
   <div class='ocr_carea' id='block_1_106' title="bbox 2445 4629 4036 4699">
    <p class='ocr_par' dir='ltr' id='par_1_106' title="bbox 2445 4629 4036 4699">
     <span class='ocr_line' id='line_1_106' title="bbox 2445 4629 4036 4699; baseline -0.003 -14"><span class='ocrx_word' id='word_1_719' title='bbox 2445 4631 2653 4693; x_wconf 86' lang='lat' dir='ltr'><strong>lilium,</strong></span> <span class='ocrx_word' id='word_1_720' title='bbox 2699 4643 2826 4683; x_wconf 84' lang='lat' dir='ltr'><strong>natu</strong></span> <span class='ocrx_word' id='word_1_721' title='bbox 2874 4646 3204 4683; x_wconf 67' lang='lat' dir='ltr'><strong>maximum:</strong></span> <span class='ocrx_word' id='word_1_722' title='bbox 3241 4632 3398 4699; x_wconf 83' lang='lat' dir='ltr'><strong>cujus</strong></span> <span class='ocrx_word' id='word_1_723' title='bbox 3426 4632 3467 4683; x_wconf 89' lang='lat' dir='ltr'><strong>si</strong></span> <span class='ocrx_word' id='word_1_724' title='bbox 3508 4629 3706 4682; x_wconf 81' lang='lat' dir='ltr'><strong>Zielies</strong></span> <span class='ocrx_word' id='word_1_725' title='bbox 3759 4631 3853 4683; x_wconf 78' lang='lat' dir='ltr'><strong>ille</strong></span> <span class='ocrx_word' id='word_1_726' title='bbox 3892 4634 4036 4683; x_wconf 67' lang='lat' dir='ltr'><strong>lilius</strong></span> 
     </span>
    </p>
   </div>
   <div class='ocr_carea' id='block_1_107' title="bbox 2439 4719 4039 4789">
    <p class='ocr_par' dir='ltr' id='par_1_107' title="bbox 2439 4719 4039 4789">
     <span class='ocr_line' id='line_1_107' title="bbox 2439 4719 4039 4789; baseline 0 -15"><span class='ocrx_word' id='word_1_727' title='bbox 2439 4737 2546 4775; x_wconf 90' lang='lat' dir='ltr'><strong>non</strong></span> <span class='ocrx_word' id='word_1_728' title='bbox 2609 4722 2752 4780; x_wconf 78' lang='lat' dir='ltr'><strong>fuit.</strong></span> <span class='ocrx_word' id='word_1_729' title='bbox 2826 4735 3096 4789; x_wconf 83' lang='lat' dir='ltr'><strong>nusquam</strong></span> <span class='ocrx_word' id='word_1_730' title='bbox 3153 4735 3217 4772; x_wconf 87' lang='lat' dir='ltr'><strong>ne</strong></span> <span class='ocrx_word' id='word_1_731' title='bbox 3281 4719 3502 4772; x_wconf 87' lang='lat' dir='ltr'><strong>nomine</strong></span> <span class='ocrx_word' id='word_1_732' title='bbox 3577 4719 3801 4789; x_wconf 86' lang='lat' dir='ltr'><strong>quidem</strong></span> <span class='ocrx_word' id='word_1_733' title='bbox 3875 4729 4039 4774; x_wconf 63' lang='lat' dir='ltr'><strong>tenus</strong></span> 
     </span>
    </p>
   </div>
   <div class='ocr_carea' id='block_1_108' title="bbox 2441 4813 4044 4881">
    <p class='ocr_par' dir='ltr' id='par_1_108' title="bbox 2441 4813 4044 4881">
     <span class='ocr_line' id='line_1_108' title="bbox 2441 4813 4044 4881; baseline -0.004 -14"><span class='ocrx_word' id='word_1_734' title='bbox 2441 4814 2636 4868; x_wconf 87' lang='lat' dir='ltr'><strong>Turcis</strong></span> <span class='ocrx_word' id='word_1_735' title='bbox 2689 4813 3355 4877; x_wconf 84' lang='lat' dir='ltr'><strong>notus;cum0rtliobule</strong></span> <span class='ocrx_word' id='word_1_736' title='bbox 3414 4813 3605 4866; x_wconf 86' lang='lat' dir='ltr'><strong>lietitio</strong></span> <span class='ocrx_word' id='word_1_737' title='bbox 3665 4826 3849 4881; x_wconf 70' lang='lat' dir='ltr'><strong>patre.</strong></span> <span class='ocrx_word' id='word_1_738' title='bbox 3911 4834 4044 4881; x_wconf 63' lang='lat' dir='ltr'><strong>sup.</strong></span> 
     </span>
    </p>
   </div>
   <div class='ocr_carea' id='block_1_109' title="bbox 2441 4905 4041 4976">
    <p class='ocr_par' dir='ltr' id='par_1_109' title="bbox 2441 4905 4041 4976">
     <span class='ocr_line' id='line_1_109' title="bbox 2441 4905 4041 4976; baseline -0.003 -14"><span class='ocrx_word' id='word_1_739' title='bbox 2441 4908 2602 4976; x_wconf 83' lang='lat' dir='ltr'><strong>positi</strong></span> <span class='ocrx_word' id='word_1_740' title='bbox 2637 4907 2721 4961; x_wconf 84' lang='lat' dir='ltr'><strong>ius</strong></span> <span class='ocrx_word' id='word_1_741' title='bbox 2775 4908 2919 4961; x_wconf 80' lang='lat' dir='ltr'><strong>lilius</strong></span> <span class='ocrx_word' id='word_1_742' title='bbox 2989 4906 3193 4961; x_wconf 65' lang='lat' dir='ltr'><strong>Graecis</strong></span> <span class='ocrx_word' id='word_1_743' title='bbox 3255 4905 3627 4959; x_wconf 59' lang='lat' dir='ltr'><strong>defendendus</strong></span> <span class='ocrx_word' id='word_1_744' title='bbox 3678 4906 4041 4974; x_wconf 70' lang='lat' dir='ltr'><strong>relinquitur.</strong></span> 
     </span>
    </p>
   </div>
   <div class='ocr_carea' id='block_1_110' title="bbox 2438 5000 4045 5067">
    <p class='ocr_par' dir='ltr' id='par_1_110' title="bbox 2438 5000 4045 5067">
     <span class='ocr_line' id='line_1_110' title="bbox 2438 5000 4045 5067; baseline -0.005 -12"><span class='ocrx_word' id='word_1_745' title='bbox 2438 5001 2650 5056; x_wconf 82' lang='lat' dir='ltr'><strong>Habent</strong></span> <span class='ocrx_word' id='word_1_746' title='bbox 2723 5002 2951 5055; x_wconf 79' lang='lat' dir='ltr'><strong>lectores</strong></span> <span class='ocrx_word' id='word_1_747' title='bbox 3036 5000 3236 5053; x_wconf 87' lang='lat' dir='ltr'><strong>eruditi</strong></span> <span class='ocrx_word' id='word_1_748' title='bbox 3314 5000 3551 5052; x_wconf 89' lang='lat' dir='ltr'><strong>rationes</strong></span> <span class='ocrx_word' id='word_1_749' title='bbox 3635 5015 3836 5059; x_wconf 64' lang='lat' dir='ltr'><strong>meas,</strong></span> <span class='ocrx_word' id='word_1_750' title='bbox 3901 5017 4045 5067; x_wconf 66' lang='lat' dir='ltr'><strong>quas</strong></span> 
     </span>
    </p>
   </div>
   <div class='ocr_carea' id='block_1_111' title="bbox 2440 5092 4048 5163">
    <p class='ocr_par' dir='ltr' id='par_1_111' title="bbox 2440 5092 4048 5163">
     <span class='ocr_line' id='line_1_111' title="bbox 2440 5092 4048 5163; baseline -0.002 -15"><span class='ocrx_word' id='word_1_751' title='bbox 2440 5095 2524 5148; x_wconf 89' lang='lat' dir='ltr'><strong>vel</strong></span> <span class='ocrx_word' id='word_1_752' title='bbox 2571 5093 2930 5163; x_wconf 86' lang='lat' dir='ltr'><strong>approbandi,</strong></span> <span class='ocrx_word' id='word_1_753' title='bbox 2984 5094 3065 5145; x_wconf 85' lang='lat' dir='ltr'><strong>vel</strong></span> <span class='ocrx_word' id='word_1_754' title='bbox 3115 5092 3453 5154; x_wconf 86' lang='lat' dir='ltr'><strong>conl&#39;utandi,</strong></span> <span class='ocrx_word' id='word_1_755' title='bbox 3510 5092 3737 5143; x_wconf 85' lang='lat' dir='ltr'><strong>liberam</strong></span> <span class='ocrx_word' id='word_1_756' title='bbox 3807 5094 3891 5144; x_wconf 80' lang='lat' dir='ltr'><strong>eis</strong></span> <span class='ocrx_word' id='word_1_757' title='bbox 3951 5109 4048 5160; x_wconf 78' lang='grc' dir='ltr'><strong>ρυ-</strong></span> 
     </span>
    </p>
   </div>
   <div class='ocr_carea' id='block_1_112' title="bbox 2441 5183 4045 5241">
    <p class='ocr_par' dir='ltr' id='par_1_112' title="bbox 2441 5183 4045 5241">
     <span class='ocr_line' id='line_1_112' title="bbox 2441 5183 4045 5241; baseline -0.002 -1"><span class='ocrx_word' id='word_1_758' title='bbox 2441 5195 2693 5241; x_wconf 87' lang='lat' dir='ltr'><strong>testatem</strong></span> <span class='ocrx_word' id='word_1_759' title='bbox 2746 5187 2906 5241; x_wconf 84' lang='lat' dir='ltr'><strong>l&#39;acio.</strong></span> <span class='ocrx_word' id='word_1_760' title='bbox 2979 5183 3240 5237; x_wconf 82' lang='lat' dir='ltr'><strong>Neutrum</strong></span> <span class='ocrx_word' id='word_1_761' title='bbox 3295 5195 3473 5236; x_wconf 88' lang='lat' dir='ltr'><strong>tamen</strong></span> <span class='ocrx_word' id='word_1_762' title='bbox 3526 5200 3583 5236; x_wconf 72' lang='lat' dir='ltr'><strong>ex</strong></span> <span class='ocrx_word' id='word_1_763' title='bbox 3647 5183 3874 5237; x_wconf 88' lang='lat' dir='ltr'><strong>duobus</strong></span> <span class='ocrx_word' id='word_1_764' title='bbox 3932 5188 4045 5239; x_wconf 60' lang='lat' dir='ltr'><strong>ills</strong></span> 
     </span>
    </p>
   </div>
   <div class='ocr_carea' id='block_1_113' title="bbox 2444 5277 4048 5333">
    <p class='ocr_par' dir='ltr' id='par_1_113' title="bbox 2444 5277 4048 5333">
     <span class='ocr_line' id='line_1_113' title="bbox 2444 5277 4048 5333; baseline -0.003 -2"><span class='ocrx_word' id='word_1_765' title='bbox 2444 5294 2473 5331; x_wconf 88' lang='lat' dir='ltr'><strong>a</strong></span> <span class='ocrx_word' id='word_1_766' title='bbox 2498 5279 2739 5333; x_wconf 88' lang='lat' dir='ltr'><strong>Laonico</strong></span> <span class='ocrx_word' id='word_1_767' title='bbox 2772 5279 3091 5332; x_wconf 87' lang='lat' dir='ltr'><strong>memoratis</strong></span> <span class='ocrx_word' id='word_1_768' title='bbox 3129 5278 3180 5330; x_wconf 92' lang='lat' dir='ltr'><strong>in</strong></span> <span class='ocrx_word' id='word_1_769' title='bbox 3230 5277 3649 5330; x_wconf 81' lang='lat' dir='ltr'><strong>Usmanidaruin</strong></span> <span class='ocrx_word' id='word_1_770' title='bbox 3682 5278 3850 5327; x_wconf 81' lang='lat' dir='ltr'><strong>mnisi</strong></span> <span class='ocrx_word' id='word_1_771' title='bbox 3881 5277 4048 5328; x_wconf 77' lang='lat' dir='ltr'><strong>faint-</strong></span> 
     </span>
    </p>
   </div>
   <div class='ocr_carea' id='block_1_114' title="bbox 2437 5368 4044 5439">
    <p class='ocr_par' dir='ltr' id='par_1_114' title="bbox 2437 5368 4044 5439">
     <span class='ocr_line' id='line_1_114' title="bbox 2437 5368 4044 5439; baseline -0.004 -14"><span class='ocrx_word' id='word_1_772' title='bbox 2437 5373 2530 5436; x_wconf 77' lang='lat' dir='ltr'><strong>lia,</strong></span> <span class='ocrx_word' id='word_1_773' title='bbox 2585 5387 2651 5426; x_wconf 86' lang='lat' dir='ltr'><strong>ne</strong></span> <span class='ocrx_word' id='word_1_774' title='bbox 2698 5373 2822 5439; x_wconf 89' lang='lat' dir='ltr'><strong>quis</strong></span> <span class='ocrx_word' id='word_1_775' title='bbox 2866 5370 3043 5423; x_wconf 73' lang='lat' dir='ltr'><strong>nimiae</strong></span> <span class='ocrx_word' id='word_1_776' title='bbox 3101 5384 3186 5422; x_wconf 91' lang='lat' dir='ltr'><strong>me</strong></span> <span class='ocrx_word' id='word_1_777' title='bbox 3238 5368 3558 5421; x_wconf 84' lang='lat' dir='ltr'><strong>temeritatis</strong></span> <span class='ocrx_word' id='word_1_778' title='bbox 3612 5379 3906 5419; x_wconf 82' lang='lat' dir='ltr'><strong>arcessat:</strong></span> <span class='ocrx_word' id='word_1_779' title='bbox 3954 5373 4044 5428; x_wconf 71' lang='lat' dir='ltr'><strong>.,-ii</strong></span> 
     </span>
    </p>
   </div>
   <div class='ocr_carea' id='block_1_115' title="bbox 2442 5457 4045 5535">
    <p class='ocr_par' dir='ltr' id='par_1_115' title="bbox 2442 5457 4045 5535">
     <span class='ocr_line' id='line_1_115' title="bbox 2442 5457 4045 5535; baseline -0.004 -16"><span class='ocrx_word' id='word_1_780' title='bbox 2442 5475 2638 5535; x_wconf 67' lang='lat' dir='ltr'><strong>praeter</strong></span> <span class='ocrx_word' id='word_1_781' title='bbox 2670 5465 2790 5528; x_wconf 89' lang='lat' dir='ltr'><strong>hos,</strong></span> <span class='ocrx_word' id='word_1_782' title='bbox 2826 5464 3051 5516; x_wconf 88' lang='lat' dir='ltr'><strong>necdum</strong></span> <span class='ocrx_word' id='word_1_783' title='bbox 3082 5463 3282 5514; x_wconf 86' lang='lat' dir='ltr'><strong>auditis</strong></span> <span class='ocrx_word' id='word_1_784' title='bbox 3313 5461 3544 5512; x_wconf 86' lang='lat' dir='ltr'><strong>aliorum</strong></span> <span class='ocrx_word' id='word_1_785' title='bbox 3565 5457 3821 5526; x_wconf 74' lang='lat' dir='ltr'><strong>jutliciis,</strong></span> <span class='ocrx_word' id='word_1_786' title='bbox 3861 5461 4045 5528; x_wconf 78' lang='lat' dir='ltr'><strong>pluri-</strong></span> 
     </span>
    </p>
   </div>
   <div class='ocr_carea' id='block_1_116' title="bbox 2437 5548 4042 5623">
    <p class='ocr_par' dir='ltr' id='par_1_116' title="bbox 2437 5548 4042 5623">
     <span class='ocr_line' id='line_1_116' title="bbox 2437 5548 4042 5623; baseline -0.006 -11"><span class='ocrx_word' id='word_1_787' title='bbox 2437 5558 2539 5612; x_wconf 88' lang='lat' dir='ltr'><strong>bus</strong></span> <span class='ocrx_word' id='word_1_788' title='bbox 2567 5556 2728 5610; x_wconf 88' lang='lat' dir='ltr'><strong>etiam</strong></span> <span class='ocrx_word' id='word_1_789' title='bbox 2761 5554 3013 5623; x_wconf 68' lang='lat' dir='ltr'><strong>Bai-alitis</strong></span> <span class='ocrx_word' id='word_1_790' title='bbox 3047 5553 3206 5615; x_wconf 90' lang='lat' dir='ltr'><strong>liliis,</strong></span> <span class='ocrx_word' id='word_1_791' title='bbox 3237 5549 3365 5605; x_wconf 83' lang='lat' dir='ltr'><strong>Jesu</strong></span> <span class='ocrx_word' id='word_1_792' title='bbox 3408 5551 3636 5611; x_wconf 86' lang='lat' dir='ltr'><strong>minori,</strong></span> <span class='ocrx_word' id='word_1_793' title='bbox 3673 5549 3754 5599; x_wconf 81' lang='lat' dir='ltr'><strong>Ali</strong></span> <span class='ocrx_word' id='word_1_794' title='bbox 3785 5588 3802 5613; x_wconf 89' lang='lat'><strong>,</strong></span> <span class='ocrx_word' id='word_1_795' title='bbox 3845 5548 4042 5605; x_wconf 81' lang='lat' dir='ltr'><strong>DllSlIll</strong></span> 
     </span>
    </p>
   </div>
   <div class='ocr_carea' id='block_1_117' title="bbox 2441 5647 4035 5718">
    <p class='ocr_par' dir='ltr' id='par_1_117' title="bbox 2441 5647 4035 5718">
     <span class='ocr_line' id='line_1_117' title="bbox 2441 5647 4035 5718; baseline -0.003 -14"><span class='ocrx_word' id='word_1_796' title='bbox 2441 5649 2778 5718; x_wconf 66' lang='lat' dir='ltr'><strong>Mustapliae,</strong></span> <span class='ocrx_word' id='word_1_797' title='bbox 2843 5648 3102 5702; x_wconf 88' lang='lat' dir='ltr'><strong>natalium</strong></span> <span class='ocrx_word' id='word_1_798' title='bbox 3153 5647 3585 5702; x_wconf 83' lang='lat' dir='ltr'><strong>controversiam</strong></span> <span class='ocrx_word' id='word_1_799' title='bbox 3639 5660 3872 5700; x_wconf 82' lang='lat' dir='ltr'><strong>movere</strong></span> <span class='ocrx_word' id='word_1_800' title='bbox 3920 5662 4035 5702; x_wconf 83' lang='lat' dir='ltr'><strong>non</strong></span> 
     </span>
    </p>
   </div>
   <div class='ocr_carea' id='block_1_118' title="bbox 2439 5738 2822 5794">
    <p class='ocr_par' dir='ltr' id='par_1_118' title="bbox 2439 5738 2822 5794">
     <span class='ocr_line' id='line_1_118' title="bbox 2439 5738 2822 5794; baseline 0 -2"><span class='ocrx_word' id='word_1_801' title='bbox 2439 5738 2822 5794; x_wconf 84' lang='lat' dir='ltr'><strong>dubitaverim.</strong></span> 
     </span>
    </p>
   </div>
  </div>
