4198 6426
186 363 284 429 ’181

256 480 343 532 60.
383 476 599 532 Teclarin
635 479 811 548 begss,
842 476 1088 547 Erzinga:
1114 476 1377 546 princeps,
1429 476 1708 547 Diorryge.
1799 475 1846 534 Δ

257 593 359 659 Qui
388 590 585 647 Turcis
613 603 696 647 est
723 593 956 647 Techrin
989 593 1159 663 begus
1185 631 1200 657 ,
1251 588 1496 658 Erzingas
1542 588 1624 644 vel
1678 589 1773 642 Er-

186 686 428 741 1.inzauis
458 685 733 755 princeps.
771 701 801 740 a
833 684 1076 740 Laonico
1108 694 1336 740 vocatur
1364 683 1606 739 Scender
1627 726 1642 749 ,
1672 698 1771 737 rex

183 777 600 831 Armeniorum:
634 778 723 830 cui
754 774 1050 844 Bajazitem
1082 775 1240 829 illato
1288 775 1451 838 bello,
1481 774 1772 842 Erzingam

182 869 473 933 ademisse,
512 884 635 922 cum
663 869 953 923 annalibus
984 868 1133 923 hisce
1161 868 1536 932 consentiens,
1566 874 1773 920 narrat.

186 960 379 1016 Postea
418 961 579 1015 tradit
614 959 949 1025 Tezetinem,
987 962 1165 1015 virum
1193 960 1344 1030 regio
1378 960 1645 1030 sanguine
1676 972 1771 1013 ora-

185 1062 297 1106 tum
330 1054 399 1107 ab
435 1054 716 1123 Erziganis
770 1069 917 1124 rege,
972 1068 1141 1124 puero
1193 1052 1514 1122 Mustaphas,
1547 1053 1774 1107 Muratis

186 1148 409 1202 secundi
454 1148 636 1211 fratri,
688 1148 894 1201 auxilio
941 1148 1177 1203 venisse.
1228 1146 1343 1203 Hoc
1395 1162 1493 1217 ego
1547 1162 1768 1210 nomen,

182 1240 299 1293 sive
335 1237 631 1303 Tezetinis,
666 1241 783 1295 sive
805 1239 1113 1306 Tezerinis,
1149 1240 1293 1294 idem
1326 1254 1447 1294 esse
1478 1251 1610 1311 puto
1642 1252 1769 1294 cum

186 1333 455 1388 Teehrinc
476 1344 786 1388 nostrorum
819 1333 1126 1399 annalium.
1148 1331 1441 1403 Diorryges
1466 1333 1648 1403 oppidi
1678 1346 1773 1387 no-

183 1443 308 1481 men
335 1428 581 1481 Graecum
616 1442 645 1480 a
674 1426 835 1483 fossis
858 1427 928 1482 ab
945 1427 1220 1498 Euphrate
1254 1426 1533 1498 perductis
1563 1424 1767 1482 factum

183 1521 441 1576 arbitror.

242 1635 327 1689 61.
369 1635 471 1701 Qui
506 1635 824 1692 Turcomani
845 1679 859 1703 ,
888 1637 1132 1691 sullanus
1166 1634 1530 1704 Alcairensis,
1561 1632 1712 1700 Cair,

714 1708 922 1772 Misair,
958 1708 1261 1762 Misaraim.

257 1811 635 1877 Turcomanos
707 1824 871 1875 'vocat
940 1832 1133 1878 auctor
1204 1821 1481 1876 annalium
1559 1820 1770 1874 Turcos

180 1926 378 1966 omnes
434 1912 488 1964 in
535 1909 688 1976 Asia,
751 1907 964 1967 caeteris
1015 1912 1291 1982 subjectos
1357 1910 1551 1981 begis,
1612 1921 1766 1966 extra

180 2004 532 2060 Osmanidas.
582 2006 673 2061 Sic
722 2005 963 2078 Turquia
1016 1998 1332 2063 Belvacensi
1380 2021 1605 2077 regnum
1654 1993 1771 2060 lco-

182 2101 378 2155 niense
401 2099 621 2166 dicitur,
648 2096 902 2172 Aytbouo
928 2100 1104 2155 minor
1130 2100 1281 2156 Asia.
1311 2099 1517 2157 Praetor
1543 2099 1767 2155 Graecia

181 2200 377 2247 noster
426 2191 676 2247 subditos
708 2182 977 2247 lconieusi
1030 2192 1249 2247 sultano
1319 2193 1567 2263 duplices
1623 2193 1772 2258 facit,

180 2286 388 2352 partim
418 2282 789 2338 Musulmanos
820 2284 1122 2354 appellans,
1149 2285 1346 2354 partim
1373 2284 1776 2340 Turcomanos.

183 2374 267 2429 De
329 2374 797 2431 Musulmanorum
850 2377 1075 2431 nomine
1134 2378 1341 2433 dictum
1379 2388 1562 2441 antea.
1629 2377 1775 2448 quod

183 2469 339 2522 haud
369 2468 534 2523 dubie
560 2480 690 2523 tunc
719 2470 882 2524 etiam
914 2479 1066 2538 paret
1126 2471 1372 2525 habitum
1413 2470 1561 2525 velut
1610 2470 1779 2524 hone-

186 2560 359 2613 stius.
399 2558 774 2615 Turcomanos
799 2562 877 2616 ait
910 2577 1032 2617 esse
1067 2572 1303 2631 gentem,
1334 2576 1457 2631 quae
1485 2554 1776 2616 Persarum

179 2653 295 2723 (sic
357 2651 567 2708 Turcos
631 2653 937 2710 lconienscs
1004 2666 1197 2719 vocat,
1256 2655 1405 2709 velut
1458 2671 1487 2709 e
1556 2654 1780 2710 Perside

180 2745 478 2816 oriundos)
531 2756 808 2802 extremos
855 2748 988 2802 fines
1024 2745 1319 2813 insidebat,
1354 2756 1409 2801 et
1447 2744 1777 2818 implacabili

180 2840 323 2895 odio
351 2838 622 2896 Romanos
647 2840 720 2911 (id
750 2852 854 2905 est,
888 2840 1131 2913 (ἔκευθε)
1167 2857 1527 2911 persequens,
1554 2843 1781 2912 agendis

181 2933 396 3002 praedis
425 2948 492 2987 ex
528 2934 722 2988 borum
756 2933 903 3004 agris
931 2932 1325 2997 delectabatur,
1354 2935 1657 3004 praesertim
1688 2932 1782 2988 illo

183 3037 478 3093 tempore,
514 3040 622 3095 quo
654 3041 741 3079 res
771 3022 1079 3081 lcouienses
1124 3024 1496 3090 ﬂuctuabant,
1526 3024 1783 3079 miriﬁce-

180 3136 304 3187 que
327 3117 734 3173 Tancbaroruin
758 3114 1213 3188 im’pressionibus
1233 3118 1617 3173 turbabantur.
1642 3119 1783 3188 Ergo

183 3207 532 3267 Turcomani
578 3223 706 3266 tunc
737 3220 897 3266 erant
930 3211 1117 3266 infami
1152 3208 1418 3267 vocabulo
1459 3211 1633 3266 instar
1663 3211 1780 3267 illo-
1810 3210 1855 3269 C

182 3321 323 3359 rum
362 3306 701 3373 praedonum,
731 3321 871 3375 quos
898 3321 1045 3360 nunc
1078 3304 1395 3360 Martelosos
1415 3312 1468 3360 et
1502 3302 1783 3359 Uscocbos

182 3398 369 3467 (unde
396 3397 763 3453 Scaccborum
786 3398 900 3453 sive
918 3398 1351 3453 latrunculurutn
1377 3396 1597 3465 nomen)
1623 3411 1785 3450 voca-

179 3507 348 3545 mus.
384 3487 591 3545 Praetor
637 3491 857 3560 quidem
893 3502 1022 3545 tunc
1051 3491 1366 3546 Michael'em
1394 3491 1785 3561 Palacologum,

176 3585 263 3637 ad
299 3580 629 3635 Juthatinem
664 3582 941 3637 sultauum
980 3582 1449 3638 Musulmanorum
1494 3598 1554 3638 se
1595 3581 1785 3637 conie-

175 3686 409 3733 rentem
435 3715 451 3739 ,
484 3676 551 3730 ab
587 3677 669 3729 bis
700 3670 1061 3731 Turcomanis
1088 3718 1102 3741 ,
1149 3678 1301 3731 omni
1333 3678 1593 3732 comitatu
1621 3686 1674 3732 et
1698 3692 1784 3731 su-

174 3770 470 3842 pellectile
521 3768 811 3838 spoliatum
840 3767 1016 3824 fuisse
1076 3779 1280 3836 narrat,
1337 3786 1436 3825 nec
1486 3770 1784 3841 quidquam

171 3874 430 3913 suorum
466 3862 534 3911 ab
580 3858 660 3912 cis
694 3858 943 3927 potuisse
974 3859 1252 3928 recipere,
1311 3858 1435 3912 licet
1477 3858 1609 3915 hinc
1660 3858 1787 3913 inde

169 3949 453 4005 dimissis
481 3948 773 4014 mandatis,
804 3948 1057 4004 sultanus
1092 3948 1433 4019 imperasset,
1464 3945 1524 4003 'ut
1554 3951 1786 4021 spoliato

171 4051 312 4097 tam
354 4054 605 4109 corpora,
626 4054 791 4109 quam
819 4055 908 4095 res
929 4040 1195 4114 ademptas
1219 4042 1660 4096 restituerentur.
1693 4042 1785 4095 Al-

166 4134 507 4190 cairensem
540 4135 829 4195 ,sultauum
866 4134 1093 4189 annales
1136 4149 1288 4189 more
1333 4133 1567 4189 Turcico
1614 4136 1789 4189 nomi-

162 4233 336 4281 naut
358 4221 576 4293 Egypti
599 4223 877 4294 Syriaeque
905 4225 1203 4289 sultanum,
1233 4224 1300 4279 ab
1321 4224 1459 4279 aula:
1480 4225 1594 4278 sive
1629 4232 1789 4295 regite

144 4322 345 4373 luco.
392 4315 615 4371 Cairum
654 4316 926 4371 Laonicus
970 4318 1249 4386 antiquam
1296 4316 1587 4385 Memphim
1639 4317 1786 4373 facit.

156 4408 370 4484 426
410 4408 492 4474 Al,
529 4418 590 4461 ut
623 4410 909 4474 articulus,
937 4410 1175 4464 additur.
1209 4408 1320 4464 Vox
1353 4411 1469 4478 ipsa
1519 4410 1789 4479 signiﬁcat

159 4508 417 4567 urbem,
451 4503 784 4557 excellentia:
802 4518 988 4565 causa,
1013 4502 1156 4572 quod
1187 4503 1401 4557 urbium
1436 4505 1666 4557 maxima
1696 4505 1784 4557 sit.

158 4598 383 4654 Hodie
410 4595 605 4651 Turcis
626 4607 681 4650 et
702 4597 970 4651 Arabibus
996 4596 1191 4650 incolis
1218 4596 1405 4651 Miszir
1466 4596 1790 4666 appellatur,

156 4710 197 4748 a
241 4688 645 4747 vetustissimo
676 4698 786 4743 tam
818 4686 1058 4761 Egypti,
1093 4701 1256 4758 quam
1287 4687 1660 4761 Egyptiorum
1698 4708 1793 4744 no-

154 4788 377 4850 miue,
416 4783 684 4837 Mizraiin.

494 4898 585 4953 62.
640 4896 856 4951 Chemes
884 4937 899 4959 ,
935 4896 1162 4966 Mucige,
1200 4896 1442 4950 Bealbec.

247 5013 492 5070 Civitas
537 5010 708 5079 Syria:
757 5009 992 5065 Clientes
1052 5009 1181 5063 olim
1233 5009 1373 5063 dicta
1428 5008 1530 5063 fuit
1583 5011 1793 5074 Emisa,

149 5106 481 5178 Gregorio
509 5104 759 5158 l‘lmiseno
785 5104 1009 5154 alumno
1036 5102 1207 5163 clara,
1238 5101 1397 5170 cujus
1424 5112 1644 5155 exstant
1672 5114 1799 5159 octo

150 5205 322 5263 “bri
401 5199 471 5251 de
518 5196 774 5261 homine,
828 5195 919 5264 qui
966 5194 1241 5246 nonnullis
1291 5194 1343 5247 iu
1393 5195 1799 5263 exemplaribus

151 5318 297 5358 non
382 5303 533 5348 recte
583 5290 831 5361 Gregorii
887 5288 1116 5359 Nysseni
1178 5287 1355 5341 nostri
1404 5302 1604 5342 nomen
1664 5305 1799 5357 prae-

150 5398 425 5454 ferunt.
457 5386 695 5440 Ortclius
724 5382 963 5443 notavit,
1009 5382 1151 5451 quod
1187 5379 1385 5435 Turcis
1423 5389 1478 5436 et
1525 5382 1800 5436 Arabibus

146 5494 240 5547 sit
288 5486 543 5541 Hainsa.
571 5479 675 5534 Sed
708 5477 798 5533 hic
832 5475 1065 5532 Chemes
1095 5475 1332 5544 legitur,
1380 5464 1530 5545 quod
1563 5476 1797 5531 aliorum

146 5585 506 5651 scriptura:
535 5574 787 5633 vicinius,
816 5572 1019 5641 quibus
1045 5568 1238 5623 llames
1280 5578 1523 5622 vocatur.
1568 5566 1656 5623 Fit
1681 5569 1801 5637 ejus

145 5676 339 5751 apud
401 5667 712 5738 Aythonum
740 5666 827 5719 his
881 5663 1064 5717 verbis
1096 5660 1302 5715 mentio
1329 5677 1343 5713 :
1369 5660 1579 5715 Civitas
1632 5658 1801 5731 Syria:

145 5778 440 5831 ﬂantes.
503 5774 626 5827 quas
657 5758 875 5813 Camela
914 5756 1075 5810 hodie
1108 5754 1411 5824 appellatur
1440 5766 1469 5804 a
1502 5752 1753 5821 pluribus
1790 5771 1801 5807 :

146 5871 269 5925 ubi
316 5852 665 5915 videndum,
708 5869 772 5905 au
814 5865 919 5903 non
977 5864 1076 5919 pro
1115 5846 1335 5901 Cameia
1387 5845 1552 5901 scribi
1601 5844 1771 5901 debca

1358 360 1761 422 PANDEC'I‘E
1800 358 2001 418 HIST.
2047 355 2356 417 TURCIC.

3363 350 3471 416 782

1877 472 2128 526 Camesa.
2181 470 2392 538 Mueige
2437 469 2631 525 Turcis
2667 480 2784 536 est,
2834 472 2924 540 qui
2974 470 3178 526 Cra-eis
3228 471 3471 526 historiis

1880 565 2196 618 nominatur
2225 564 2435 618 Moaria
2471 573 2525 618 et
2556 562 2753 617 Mavia.
2789 563 3081 619 Cursorem
3113 562 3223 618 dixi
3248 603 3263 628 ,
3305 577 3468 632 quem
3535 595 3541 605 -

1876 654 2041 711 Turci
2072 657 2176 712 Pec
2197 667 2297 712 aut
2329 656 2491 726 Peicj,
2526 656 2700 712 nostri
2732 656 3040 725 lacqueium
3074 656 3285 711 dicunt.
3318 654 3469 710 Bean

1877 751 1980 805 bec
2041 749 2213 821 Syria:
2261 766 2409 807 cavae
2446 753 2678 819 (civitas,
2730 750 2969 807 Postello
3017 750 3240 813 Balbec,
3273 749 3469 819 priscis

1886 844 2187 915 Heliopolis
2218 844 2340 899 fuit.

2330 957 2421 1015 63.
2460 959 2739 1029 Carabag',
2786 957 2986 1030 Ungra.

1945 1074 2024 1129 Ad
2051 1075 2393 1144 ‘Carab'agum
2427 1075 2749 1130 hibernasse
2797 1074 3071 1129 Tcmirem
3118 1074 3343 1128 tradunt
3373 1088 3467 1127 an-

1875 1170 2051 1235 nales,
2100 1170 2291 1223 urbem
2343 1171 2458 1223 sive
2507 1169 2778 1232 Parthae,
2832 1169 2946 1224 sive
2989 1170 3230 1223 'Persize:
3271 1168 3468 1237 quibus

1875 1264 2189 1318 nominibus
2244 1258 2625 1318 iudiﬂ‘ereuter
2669 1262 2915 1325 utimur,
2963 1276 3059 1329 pro
3121 1275 3183 1314 ea
3222 1261 3467 1330 regione.

1872 1370 1995 1425 quae
2048 1352 2244 1409 Turcis
2279 1363 2365 1409 est
2413 1353 2588 1419 Aicm,
2642 1354 2723 1408 vel
2776 1352 2931 1407 Aiem
2979 1352 3197 1420 vilaget,
3246 1352 3313 1406 de
3362 1366 3468 1420 qua

1873 1446 2130 1515 superius
2180 1446 2389 1501 dictum
2448 1454 2679 1500 numero
2730 1444 3303 1511 notarum,secundo.
3351 1443 3469 1500 Vox

1871 1536 2121 1611 Cnrobag
2163 1540 2442 1610 significat
2488 1539 2670 1609 lingua
2709 1537 2944 1592 Turcica
2974 1532 3191 1593 vineam
3230 1540 3468 1608 nigram.

1872 1630 2347 1703 Chalcocondyles
2379 1632 2638 1701 scripsit,
2672 1629 2945 1685 Tcmirem
2978 1632 3205 1686 solitum
3239 1648 3297 1686 se
3327 1634 3467 1687 reci-

1874 1741 2005 1796 pere
2033 1726 2315 1781 (lberiam:
2353 1724 2498 1795 quod
2532 1725 2763 1793 primum
2797 1722 3069 1790 Sebastia,
3106 1725 3250 1795 quod
3280 1726 3466 1780 itidem

1804 1852 1845 1907 Β
1876 1816 2138 1887 Chalepia
2167 1817 2273 1886 (sic
2296 1818 2567 1885 interpres
2597 1816 2841 1886 scripsit)
2871 1818 3243 1890 Damascoque
3268 1821 3466 1888 captis.

1875 1909 2085 1968 fecerit.
2138 1910 2283 1981 Ergo
2326 1910 2440 1965 ‘veri
2502 1910 2561 1966 iit
2606 1911 2783 1967 simile
2814 1956 2828 1979 ,
2875 1912 3126 1986 Cheriam
3163 1926 3193 1965 a
3236 1910 3470 1967 Laonico

1874 2002 1982 2058 dici
2016 2016 2136 2071 qua:
2162 2000 2251 2057 hic
2298 2000 2549 2072 Carabag
2584 2003 2919 2071 nominatur,
2953 2005 3207 2059 nonnihil
3259 2013 3469 2060 mutato

1874 2097 1959 2153 vel
1994 2112 2026 2152 a
2056 2097 2261 2152 Graecis
2296 2097 2380 2153 vel
2416 2097 2612 2153 Turcis
2643 2100 2937 2155 vocabulo.
2974 2094 3236 2171 Eugurim
3274 2116 3465 2168 supra,

1877 2205 2108 2246 numero
2156 2200 2410 2245 notarum
2441 2187 2507 2246 '10
2530 2230 2545 2256 ,
2578 2192 2820 2249 diximus
2850 2194 3119 2265 Ancyram
3148 2209 3290 2249 esse.
3321 2188 3467 2247 Tan-

1878 2294 1994 2342 tum
2031 2287 2121 2342 hic
2151 2287 2460 2341 addendum
2498 2288 2813 2357 putavimus
2856 2288 3035 2345 obiter
3059 2328 3075 2351 ,
3115 2288 3257 2344 hanc
3301 2289 3465 2343 etiam

1881 2379 1932 2434 in
1951 2380 2098 2434 edito
2135 2372 2829 2450 Cbalcocondylechram
2856 2382 3148 2437 nominari:
3173 2382 3315 2453 quod
3342 2397 3469 2439 cum

1878 2476 2053 2529 (irasci
2087 2474 2309 2528 mollius
2338 2474 2625 2528 enuntieut
2662 2473 2842 2545 Ungra
2864 2514 2879 2540 ,
2909 2477 3131 2544 pr0pius
3164 2476 3371 2532 accedit
3402 2477 3470 2532 ad

1881 2563 2171 2622 Turcicam
2205 2566 2637 2638 appellationem
2675 2569 2903 2638 Enguri.

1882 2704 1973 2761 64.
2012 2704 2164 2759 Bulci
2204 2706 2375 2775 ﬁlius,
2431 2705 2724 2765 Dcrvis-lar.
2767 2703 3065 2775 Mustaphre
3116 2724 3278 2763 mors.
3318 2704 3476 2764 Cra:-

2179 2792 2363 2830 corum
2398 2778 2461 2831 de
2482 2776 2763 2851 Bajazitisv
2781 2776 2911 2844 ﬁliis
2957 2794 3183 2833 errares.

1956 2894 2030 2947 De
2054 2892 2237 2948 Bulcis
2263 2902 2318 2947 et
2348 2892 2705 2948 Bulcovitziis
2737 2894 2947 2960 prolixe
2993 2895 3352 2951 tractavimus
3402 2897 3470 2950 ad

1885 2999 2139 3045 notarum
2169 3004 2426 3043 numeros
2452 2988 2522 3041 ιθ
2551 3000 2604 3043 et
2624 2989 2713 3043 54.
2736 2987 2835 3042 Hic
2883 2998 3094 3043 tantum
3126 3005 3473 3050 moneamus.

1886 3084 2052 3139 istum
2073 3082 2225 3136 Bulci
2252 3081 2557 3151 tilium(qui
2582 3080 2778 3137 Turcis
2807 3091 2892 3137 est
2923 3080 3191 3153 Bulcogli)
3212 3098 3474 3152 expresse

1886 3171 2161 3227 nominari
2198 3186 2226 3224 a
2255 3171 2612 3242 Spandugino
2640 3170 2957 3242 Georgium,
2989 3173 3194 3228 Servi:
3232 3175 3474 3243 despotar.

1890 3266 2061 3320 tilium
2094 3280 2109 3317 :
2143 3266 2303 3333 cujus
2335 3266 2572 3333 majores
2594 3275 2648 3321 et
2682 3275 2932 3335 posteros
2949 3266 3273 3322 continuato
3311 3284 3475 3336 supe-

1892 3356 2007 3411 rius
2037 3363 2330 3410 steuunate
2362 3355 2632 3422 complexi
2665 3371 2874 3411 sumus.
2912 3357 2990 3410 Ac
3025 3368 3331 3426 temporum
3387 3373 3475 3411 sa-

1888 3464 1957 3503 ne
1989 3448 2129 3502 ratio
2156 3446 2496 3517 Spandugiui
2518 3448 2804 3503 sententiae
2835 3463 3181 3518 nequaquam
3210 3450 3472 3505 adversa-

1888 3550 1997 3595 tur.
2026 3542 2255 3595 Dervisii
2297 3556 2392 3594 seu
2427 3539 2729 3595 Dervislari
2756 3552 2888 3595 sunt
2916 3541 2993 3595 illi
3045 3542 3269 3609 quidem
3327 3546 3472 3609 apud

1888 3634 2096 3689 Turcos
2120 3634 2308 3702 aliqua
2340 3650 2403 3688 ex
2430 3643 2582 3703 parte
2607 3633 2887 3703 Calogeris
2907 3633 3136 3697 Graecis,
3190 3636 3476 3689 monachis

1890 3728 2094 3783 nostris
2122 3725 2329 3792 aﬂlnes,
2364 3727 2440 3781 uti
2473 3726 2727 3795 superius
2755 3726 3083 3793 indicatum;
3118 3728 3212 3782 sed
3236 3727 3359 3783 aliis
3391 3742 3475 3782 ta-

1890 3837 2013 3877 men
2031 3822 2097 3876 de
2127 3822 2310 3876 causis
2340 3820 2526 3891 (modo
2558 3818 2785 3875 Paulum
2817 3821 3205 3880 Tomorreum.
3248 3819 3473 3874 fratrem

1891 3916 2183 3983 Georgium
2216 3914 2468 3981 Ungarire
2497 3913 2820 3982 perniciem,
2860 3924 2912 3967 et
2956 3913 3094 3968 alios
3152 3913 3219 3968 de
3272 3914 3477 3968 nostris

1890 4007 2155 4077 excipias)
2178 4023 2239 4061 ea
2263 4005 2629 4076 comparatio,
2660 4006 2803 4074 quod
2821 4004 2981 4073 vulgo
3011 4005 3151 4061 solet
3170 4005 3301 4068 dici,
3325 4005 3478 4061 clau-

1890 4101 2056 4155 dicat.
2090 4099 2301 4169 Quippe
2338 4113 2461 4153 cum
2498 4098 2756 4151 universa
2792 4098 2878 4152 lex
2912 4106 2967 4151 et
3010 4098 3290 4169 religionis
3349 4114 3478 4164 pro—

1892 4192 2058 4248 fessio
2094 4192 2479 4247 Mahumetana
2510 4191 2865 4260 sanguinaria
2896 4191 2986 4253 sit.
3015 4193 3252 4261 speciem
3311 4191 3478 4253 Tur-ci

1893 4286 2115 4356 quidem
2148 4284 2419 4353 religiosae
2453 4283 2672 4352 pietatis
2704 4284 2757 4337 in
2791 4283 2926 4351 legis
2974 4284 3167 4353 peritis
3223 4300 3287 4339 ac
3349 4284 3481 4339 Der-

1893 4380 2048 4435 visiis
2109 4379 2226 4434 suis
2285 4379 2577 4447 requirunt
2612 4397 2625 4432 :
2662 4386 2715 4431 at
2754 4379 2973 4433 interim
3000 4380 3067 4431 ab
3113 4379 3340 4449 agendis
3384 4395 3480 4435 eos

1896 4470 2083 4531 rebus,
2109 4477 2218 4521 tan:
2272 4483 2425 4537 pace.
2472 4485 2636 4535 quam
2695 4469 2863 4532 bello,
2902 4472 3219 4538 praesertim
3283 4481 3478 4525 contra

1822 4552 1873 4611 D
1899 4559 2243 4614 Christianos
2291 4571 2343 4613 et
2380 4560 2566 4614 hostes
2600 4561 2915 4629 reipublicae
2953 4577 3086 4624 sure,
3134 4578 3479 4632 nequaquam

1895 4661 2105 4715 arcent,
2134 4653 2226 4707 sed
2260 4651 2435 4721 magis
2496 4653 2685 4719 etiam,
2715 4668 2879 4723 quam
2934 4664 3181 4716 cateros.
3216 4655 3483 4711 devovere

1896 4743 2063 4797 vitam
2099 4758 2255 4797 suam
2289 4759 2386 4813 pro
2428 4743 2712 4813 religione.
2734 4759 2942 4813 proque
2975 4745 3090 4813 lege
3125 4747 3323 4814 patria,
3349 4763 3483 4803 suos

1898 4836 2021 4890 illos
2046 4836 2334 4905 religiosos
2371 4836 2580 4890 volunt.
2615 4836 2750 4891 Hinc
2805 4838 3017 4907 aliquot
3080 4839 3134 4892 in
3196 4840 3484 4911 Ungaricis

1900 4930 2099 4985 ﬁnibus
2133 4942 2323 4999 captos
2354 4946 2381 4983 a
2410 4932 2613 4986 nostris
2646 4932 2931 4995 recordor,
2968 4931 3115 4985 viros
3146 4937 3481 5004 caeteroquiu

1898 5023 2136 5092 alicujus
2160 5024 2511 5079 auctoritatis
2563 5034 2617 5078 et
2679 5025 3130 5090 existimationis,
3164 5027 3259 5095 qui
3296 5026 3481 5081 Dervi-

1899 5117 2078 5171 slaros
2111 5133 2168 5171 se
2202 5118 2605 5187 proﬁtebantur
2634 5159 2647 5173 .
2696 5118 2836 5174 Hinc
2870 5118 2922 5172 in
2973 5119 3080 5173 vita
3126 5119 3483 5176 Mucbcmetis

1901 5209 2061 5278 primi
2105 5210 2431 5266 seditionem
2466 5210 2715 5266 Turlacis
2768 5214 3022 5266 monachi
3060 5212 3304 5279 Turcici,
3347 5224 3400 5268 et
3427 5216 3480 5269 iu

1901 5302 2010 5355 vita
2045 5301 2304 5370 Bajasitis
2359 5305 2607 5368 secundi,
2659 5303 3017 5359 Scacboculis
3050 5306 3294 5359 eremitas
3356 5322 3487 5361 sane

1900 5393 2135 5463 guiuarii
2173 5410 2405 5465 pugnas,
2443 5406 2493 5449 ct
2528 5396 2729 5462 caedes,
2762 5405 2816 5450 et
2843 5399 3219 5469 grassationes
3280 5399 3477 5454 imma—

1903 5502 2021 5551 nes,
2056 5488 2257 5556 quibus
2290 5488 2461 5542 multa
2509 5488 2682 5542 millia
2723 5490 3006 5544 hominum
3040 5489 3330 5560 absumpta
3360 5491 3482 5545 fue-

1903 5586 2067 5644 runt;
2120 5589 2175 5633 et
2210 5580 2265 5634 in
2296 5580 2402 5634 vita
2456 5579 2700 5651 denique
2770 5580 3126 5646 Soleimanis,
3165 5583 3233 5637 ad
3270 5599 3479 5637 annum

1900 5668 2278 5725 Christianum
2317 5669 2475 5737 1526,
2517 5673 2843 5729 Calcuderis
2886 5675 3099 5729 Zelebis
3129 5685 3183 5729 et
3214 5674 3486 5730 Dervisla-

1905 5764 2113 5818 riorum
2172 5776 2355 5820 mutus
2393 5781 2457 5820 ac
2512 5766 2696 5836 prmlia
2770 5768 3021 5839 legimus.
3063 5766 3176 5823 Hac
3236 5783 3368 5837 ergo
3422 5771 3489 5822 de

1906 5872 2076 5913 causa
2127 5854 2423 5916 Servianos
2513 5858 2639 5916 illos
2701 5858 3002 5918 fortissime
3080 5876 3179 5932 pro
3250 5858 3489 5931 Bajusite
