4198 6426
200 396 301 461 785

1344 394 1742 455 PANDECTE
1779 395 1975 456 HIST.
2022 392 2322 453 TURCLC.

3330 378 3433 439 786

200 513 431 568 Tandem
487 513 853 569 festinabuudi
932 514 1315 567 Castamonant
1401 514 1751 582 perveniunt,
1790 511 1839 567 Α
1867 527 2025 576 mus,
2090 509 2364 565 Urchanis
2422 508 2566 562 filius
2607 505 2862 561 Osmanis
2892 502 2949 555 N.
2990 500 3435 568 lladiianopulim

197 609 347 674 juxta
382 623 543 677 quam
582 608 779 661 domus
820 605 1042 660 indicati
1075 602 1429 672 Peclarpaeis.
1452 616 1586 657 erat.
1625 602 1768 657 Hac-

208 710 359 753 tenus
402 711 620 767 praetor.
680 700 811 766 Quae
866 714 997 753 vero
1034 699 1122 752 hic
1160 696 1395 765 Congeri
1425 698 1765 762 nominatur,

199 810 313 846 eam
337 795 506 861 ipsam
526 808 646 848 esse
669 803 820 861 puto,
843 808 1004 861 quam
1034 793 1085 844 iu
1103 789 1562 844 Anatoliaatabula
1593 789 1765 858 Congi

198 886 449 950 scriptam
468 886 720 954 legimus,
739 885 877 938 haud
898 885 1085 953 procul
1109 899 1137 936 a
1156 882 1481 937 Castamona
1501 882 1764 935 dissitam.

250 979 334 1031 67,
389 977 621 1031 (ἱειιυὶηό
652 977 920 1045 Bajazitis
954 978 1052 1045 ﬁlii
1076 977 1265 1029 secreti
1291 993 1320 1027 a
1343 976 1739 1028 commentitiis.

268 1069 397 1134 Qua:
449 1073 515 1120 de
561 1070 818 1133 Bajazitis
878 1069 1066 1121 liberis
1120 1070 1217 1122 hoc
1281 1067 1399 1121 loco
1438 1084 1543 1120 non
1581 1067 1768 1121 multis

200 1163 379 1214 verhis
441 1171 826 1226 exponuntur,
878 1160 1121 1228 diligenti
1166 1158 1605 1212 consideratione
1655 1175 1767 1211 nte-

200 1254 480 1319 moriaque
527 1252 686 1320 digna
739 1259 899 1304 sunt.
937 1250 1145 1319 Quippe
1193 1266 1315 1302 eum
1352 1249 1425 1301 illi
1459 1250 1525 1302 de
1556 1250 1766 1304 Turcoo

201 1360 316 1395 uim
372 1345 663 1403 sententia,
730 1361 833 1398 non
897 1344 1080 1409 plures
1149 1357 1402 1409 numero,
1453 1357 1615 1411 quam
1668 1358 1760 1396 se:

196 1437 423 1489 munitio
465 1436 664 1490 fuerint
695 1455 704 1487 :
734 1436 861 1503 quid
878 1419 1039 1489 aliud
1066 1445 1371 1490 statuamus
1397 1477 1410 1495 .
1441 1450 1604 1501 quam
1640 1435 1766 1489 reii-

196 1543 334 1587 quos
369 1529 633 1583 hactenus
660 1529 816 1581 nobis
846 1527 1123 1587 obtrusos,
1154 1528 1300 1580 velut
1333 1529 1384 1580 in
1419 1527 1625 1594 iudicio
1651 1536 1762 1581 sta-

196 1630 280 1672 tus
342 1622 409 1674 ab
458 1621 588 1689 ipsis
635 1622 832 1675 Turcis
893 1626 1311 1677 condemnatos.
1367 1636 1464 1688 pro
1512 1621 1763 1686 genuinis

194 1711 450 1779 deineeps
506 1714 727 1780 agnosci
797 1728 901 1768 non
938 1712 1180 1767 debere?
1228 1712 1412 1781 Neque
1439 1712 1603 1783 428
1634 1729 1761 1769 vero

195 1804 278 1854 vel
311 1819 501 1867 unum,
530 1803 613 1856 vel
639 1804 872 1858 alterum
903 1804 1169 1858 duntaxat
1213 1805 1314 1858 hoe
1344 1805 1611 1873 judicium
1644 1815 1759 1858 tau-

193 1892 290 1959 git,
346 1893 439 1947 sed
491 1894 772 1964 rejiciendi
809 1896 1036 1949 omnino
1092 1898 1315 1951 totidem
1357 1897 1759 1966 vcniunt,quot

190 1996 343 2039 extra
376 1988 802 2042 controversiam
834 1989 1073 2058 legitimi.
1100 2000 1395 2043 censentur
1424 2007 1438 2041 :
1496 1991 1757 2043 nimirum

191 2080 243 2132 lii
282 2095 396 2142 sex,
420 2078 771 2145 Orthobulcs,
795 2080 1586 2152 Mulsumaues,Cyriscelehis,
1623 2085 1757 2148 Alis,

188 2170 348 2225 Jesus
403 2173 625 2235 minor,
696 2172 1005 2241 Mustaphas
1058 2186 1424 2243 (:ugtmmenlo
1477 2174 1754 2231 Dusmes:

188 2280 312 2319 cum
374 2265 531 2333 primi
588 2282 652 2319 ex
709 2266 793 2321 his
846 2266 1167 2321 Orthobulis
1222 2268 1331 2322 lilio
1378 2267 1559 2332 Zichc,
1595 2286 1754 2339 quem

187 2359 366 2427 ipsum
392 2376 604 2428 quoque
626 2359 791 2415 Turci
820 2378 917 2417 ceu
948 2375 1156 2416 eretum
1184 2362 1604 2419 Osmanidarum
1635 2382 1758 2419 san-

185 2454 351 2517 guine
412 2468 517 2506 non
575 2466 900 2522 agnoscunt.
939 2457 1157 2510 Interim
1213 2474 1341 2510 Vero
1393 2475 1489 2527 pro
1548 2460 1759 2515 duobus

184 2545 447 2612 explosis,
472 2547 577 2601 duo
594 2548 893 2602 succedunt
917 2550 1181 2604 hactenus
1209 2552 1426 2616 quidem
1449 2552 1637 2614 ignoti,
1663 2552 1755 2606 sed

186 2653 212 2688 a
240 2635 433 2691 Turcis
460 2654 554 2708 pro
578 2641 835 2708 legitimis
859 2642 1021 2710 agniti
1048 2641 1361 2696 Gilderunis
1394 2643 1483 2696 lilii
1514 2660 1606 2712 pro
1625 2645 1757 2698 Dus-

185 2746 271 2783 me
290 2731 593 2799 Mustapha,
621 2734 937 2801 Mustuphas
968 2733 1201 2797 Zelebis,
1229 2736 1465 2789 amissus
1492 2736 1541 2787 in
1579 2753 1756 2804 pugna

192 2832 380 2875 contra
402 2822 692 2888 Temirem,
717 2841 810 2892 pro
827 2823 951 2879 Jesu
975 2826 1185 2879 minore
1214 2864 1228 2889 ,
1251 2826 1485 2880 Casancs
1523 2827 1754 2883 Zelebis.

181 2910 273 2967 68.
304 2913 344 2965 Α
379 2931 477 2983 quo
502 2930 714 2968 necatus
740 2916 899 2981 fuerit
920 2916 1029 2975 lsa.
1068 2918 1472 2983 Constantinus,
1501 2935 1594 2985 pro
1637 2918 1755 2972 Μα-

534 2984 689 3038 nuele
718 2985 1019 3041 Gra'corum
1052 2989 1384 3054 imperatore.

253 3074 492 3142 Scripsit
546 3076 839 3138 Laonicus,
886 3078 1033 3131 inter
1095 3078 1489 3132 Mulsumauezn
1539 3079 1755 3136 Iesum-

1876 604 2112 672 cepisset
2164 622 2179 656 :
2215 601 2404 658 eodem
2464 610 2515 654 et
2576 598 2727 666 regni
2759 596 2920 652 sedes
2946 611 3011 648 ex
3048 593 3173 647 Asia
3211 594 3442 644 commi-

1872 708 2061 761 grasse
2093 693 2304 746 videtur
2325 734 2339 755 ,
2371 690 2515 761 quod
2558 701 2702 744 recte
2730 703 2787 743 se
2820 688 3060 744 facturos
3101 682 3302 738 sultani
3336 680 3439 731 du-

1871 793 2076 847 cerent,
2134 785 2178 840 si
2216 786 2376 839 rebus
2432 783 2731 837 Anatolicis
2782 782 2894 850 jam
2940 775 3437 846 tranquilliorihus,

1870 877 2201 945 prateipuum
2253 878 2459 931 militiae
2534 877 2701 930 robur
2770 871 3159 939 lladrianopoli
3206 870 3349 922 velut
3381 869 3434 925 in

1870 969 2119 1023 excubiis
2153 970 2458 1023 haberent:
2499 969 2661 1032 unde,
2698 967 2990 1020 momentis
3030 978 3208 1017 rerum
3244 976 3307 1013 es
3336 977 3436 1013 usu

1871 1076 1973 1113 suo
2002 1063 2370 1130 gerendarum
2406 1060 2805 1115 animadversis
2833 1098 2847 1115 .
2882 1058 3134 1127 progredi
3176 1054 3437 1123 paulatim

1870 1152 2035 1207 latius
2073 1165 2121 1207 et
2177 1156 2228 1207 in
2268 1154 2498 1223 Europae
2520 1156 2729 1208 viscera
2765 1152 3000 1220 grassari
3029 1148 3437 1215 pOSSelll.‘Saﬂ7

1869 1246 2093 1300 sovinus
2126 1247 2425 1308 existimat,
2457 1250 2696 1316 primum
2740 1246 2984 1305 omnium
3018 1242 3436 1301 Mucbemetcm,

1866 1336 2178 1392 Gilderunis
2222 1339 2389 1392 filiuni
2423 1380 2435 1402 ,
2487 1344 2593 1394 huc
2630 1338 2842 1406 imperii
2873 1337 2955 1390 sui
2981 1335 3164 1392 sedem
3200 1341 3436 1387 transtu.

1867 1427 2019 1488 lisse.
2056 1431 2200 1498 quod
2237 1430 2457 1484 urbium
2494 1430 2741 1484 Thracia!
2769 1428 2930 1483 facile
2960 1438 3124 1497 caput
3148 1434 3293 1481 esset
3328 1426 3436 1475 Ha-

1864 1520 2216 1589 drianopolis.
2254 1522 2358 1577 Sed
2408 1531 2532 1577 ante
2581 1521 2940 1576 Mitt-bemetis
2974 1522 3134 1574 etiam
3191 1528 3449 1584 tempom.

1866 1621 2074 1666 certum
2124 1616 2237 1668 sive
2288 1616 2467 1683 regim,
2522 1616 2638 1669 sive
2687 1613 2861 1669 Porta
2891 1611 3195 1667 Osmaniere
3228 1610 3445 1672 locum,

1866 1702 2111 1755 sultanos
2146 1704 2351 1771 priores
2386 1702 2775 1773 lladrianopoli
2812 1702 3199 1763 constituisse,
3249 1698 3432 1769 pluri-

1865 1792 1967 1845 bus
2003 1809 2064 1847 ex
2102 1794 2237 1849 locis
2287 1795 2507 1849 Laoniei
2558 1797 2917 1850 manifestum
2971 1805 3075 1850 est.
3132 1794 3340 1860 Quippe
3372 1796 3438 1842 de

1862 1883 2208 1941 Mulsumane
2278 1888 2562 1959 eloquens,
2624 1889 2943 1952 Profectus,
2981 1888 3180 1956 inquit.
3211 1885 3439 1938 lladria~

1862 1982 2128 2048 nopolim,
2169 1982 2317 2048 regni
2372 1983 2554 2038 sedem
2607 1986 2733 2055 (hoc
2787 1998 2892 2052 ρει,
2927 2001 3045 2054 quur
3085 1999 3235 2049 regni
3277 1982 3433 2035 sedes

1861 2072 2041 2140 erat),
2079 2091 2303 2143 regnum
2341 2077 2653 2132 ordinavit.
2692 2077 2756 2132 Et
2810 2080 2974 2147 paulo
3005 2089 3128 2131 ante
3158 2076 3225 2129 de
3266 2075 3431 2135 Mosc.

1862 2160 2329 2235 Hadrianopolim.
2360 2168 2457 2234 ait,
2486 2184 2605 2237 quae
2644 2169 2790 2238 regni
2819 2171 2974 2223 sedes
2997 2179 3102 2230 est,
3129 2168 3429 2236 profectus.

1862 2255 2061 2309 ibidem
2096 2274 2185 2311 rex
2218 2258 2544 2314 declaratur.
2570 2261 2740 2326 Quam
2778 2261 2997 2315 veroad
3032 2260 3219 2314 urbem
3256 2267 3432 2313 trans-

1862 2346 1969 2402 lata
2021 2351 2237 2403 tertium
2282 2354 2443 2406 luerit
2477 2351 2662 2417 Porta,
2695 2369 2857 2408 nemo
2887 2369 2993 2408 non
3030 2353 3202 2405 novit.

2120 2443 2208 2497 70.
2233 2444 2402 2510 Gerle,
2435 2446 2625 2513 Dolap,
2654 2446 2970 2501 Soleimanis
2999 2463 3189 2500 mores.

1937 2535 2009 2590 De
2042 2536 2418 2592 lsvendiarum
2445 2540 2651 2594 ditioue
2684 2542 2941 2609 superius
2969 2543 3294 2611 explicatum
3330 2559 3428 2594 nu-~

1862 2642 2014 2680 mero
2042 2637 2295 2683 notarum
2329 2631 2416 2689 i3.
2441 2647 2546 2700 qua
2577 2640 2629 2685 et
2660 2631 2818 2687 Gerle
2856 2634 3431 2702 comprehetnh-batur

1860 2720 2139 2787 oppidum.
2174 2721 2228 2774 Id
2264 2732 2389 2776 nota
2423 2723 2488 2776 l9
2524 2724 2764 2778 diximus
2794 2726 2845 2777 in
2875 2725 3076 2778 tabulis
3103 2727 3431 2794 geographi-

1861 2810 1939 2862 cis
1969 2822 2225 2880 corrupte
2262 2814 2527 2881 scriptum
2567 2816 2800 2869 inveniri
2834 2814 3045 2871 Gerede
3082 2833 3180 2885 pro
3214 2817 3427 2872 Gerele.

1861 2901 2097 2958 Narrant
2125 2920 2251 2959 vero
2278 2908 2505 2963 annales
2531 2950 2546 2974 ,
2578 2908 2947 2964 Soleimanent
2984 2922 3165 2965 castra
3208 2923 3430 2981 propter

1858 2994 2077 3059 Gerlen,
2106 2998 2172 3050 ad
2210 2999 2379 3065 ripam
2408 2999 2648 3056 fluminis
2680 3002 2910 3057 locasse.
2944 3003 3060 3056 Non
3096 3006 3430 3071 exprimitur

1857 3083 1979 3153 ejus
2013 3085 2252 3142 fluminis
2288 3088 2377 3144 bit:
2408 3106 2631 3152 nomen,
2674 3092 2767 3145 sed
2811 3092 2863 3146 in
2902 3092 3167 3147 Anatolise
3218 3094 3427 3147 deseri—

178 3183 288 3233 que
319 3168 577 3234 majorem
603 3180 749 3236 gesta
788 3168 955 3223 fuisse
976 3171 1041 3223 de
1074 3171 1302 3238 imperio
1334 3172 1495 3233 bella,
1520 3188 1751 3241 quorum
1781 3182 1824 3242 ο
1858 3177 2042 3246 ptione
2081 3179 2246 3247 Dolap
2291 3192 2536 3237 vocatur.
2561 3182 2888 3239 Soleimanis
2929 3184 3167 3240 indolem
3193 3184 3429 3241 Chalce-

179 3271 362 3311 tamen
390 3262 614 3314 annales
642 3261 694 3313 hi
726 3276 832 3315 non
862 3261 1181 3326 meminere,
1216 3263 1543 3333 tandemque
1564 3264 1748 3320 .lcsum

175 3365 205 3402 a
241 3350 586 3406 Mulsumane
634 3363 995 3421 peremptum.
1053 3351 1183 3421 Ejus
1249 3356 1521 3421 parricidii
1591 3358 1749 3424 culpa

176 3441 577 3496 Mulsumanem
607 3484 622 3508 ,
654 3444 757 3496 hoc
796 3454 877 3498 est
906 3487 918 3509 ,
958 3444 1320 3499 Soleimanem
1372 3446 1615 3514 profecto
1652 3452 1751 3504 im-

175 3545 482 3586 merentem
542 3546 754 3595 onerat,
808 3535 965 3604 cujus
1024 3544 1305 3589 auctorem
1345 3535 1507 3592 Turci
1542 3539 1747 3595 Musam

172 3621 463 3689 produnt,
504 3622 833 3691 quibuscum
880 3623 994 3692 ipsa
1033 3640 1213 3678 rerum
1276 3635 1550 3693 gestarum
1579 3630 1749 3682 series

179 3713 474 3767 consentit.
523 3716 594 3768 De
645 3716 860 3769 nomine
916 3716 1303 3782 Constantini,
1366 3734 1474 3786 quo
1536 3720 1748 3775 Turcos

170 3806 493 3861 Grmcorum
533 3807 895 3876 imperatores
929 3824 1124 3863 omnes
1153 3812 1481 3879 appellasse,
1513 3829 1743 3867 numero

167 3907 427 3952 notarum
487 3899 548 3953 5|
604 3900 866 3964 diximus,
903 3901 1211 3969 exemplum
1256 3904 1345 3957 hic
1378 3902 1525 3957 aliud
1557 3906 1742 3960 habes.

170 3989 221 4045 ls
253 3992 402 4045 enim
430 3990 654 4045 Graecus
703 3991 1020 4060 imperator,
1048 3993 1113 4046 ad
1145 4009 1304 4063 quem
1328 4003 1581 4048 narratur
1607 3997 1746 4050 cmir

166 4078 517 4133 Soleimanes
570 4080 824 4133 obsidum
871 4081 993 4136 loco
1027 4082 1245 4137 misisse
1277 4098 1522 4137 sororem
1563 4100 1739 4151 suam,

159 4176 515 4243 fratremque
536 4184 665 4228 natu
687 4175 998 4239 minimum,
1031 4192 1136 4230 non
1165 4176 1510 4233 Constantini
1544 4196 1741 4236 nomen

160 4267 430 4330 habebat,
491 4267 581 4320 sed
643 4267 927 4331 Manuelis,
982 4283 1048 4321 ex
1096 4268 1461 4339 Palaeologina
1512 4270 1741 4339 familia,

156 4357 331 4425 cujus
355 4366 412 4410 et
441 4346 692 4425 superius
725 4355 862 4411 facta
896 4358 1121 4411 mentio.

418 4470 507 4524 63.
542 4468 702 4525 Sedes
753 4446 955 4536 imperii
988 4470 1197 4525 Turciei
1222 4473 1458 4528 diversa.

1856 3271 2113 3341 condyles
2140 3288 2358 3343 quoque
2413 3291 2510 3330 ceu
2566 3277 2764 3331 bonam
2801 3278 3081 3346 praedicat,
3127 3281 3288 3347 eique
3315 3296 3427 3333 ma-

1855 3377 1989 3430 gnas
2014 3365 2241 3419 virtutes
2304 3368 2527 3431 tribuit,
2594 3370 2687 3423 sed
2741 3370 2931 3424 eadem
2982 3386 3103 3425 cum
3140 3369 3335 3425 Turcis
3361 3376 3427 3426 de

1857 3458 2133 3523 perpetuis
2181 3458 2298 3528 ejus
2347 3462 2721 3528 potationibus
2747 3474 2799 3517 et
2824 3465 3423 3522 luxucommemorat:

1852 3561 1973 3614 quae
2010 3550 2216 3602 homini
2254 3551 2431 3605 minus
2472 3568 2651 3606 rerum
2701 3569 2925 3608 suarum
2976 3557 3201 3625 provido
3223 3557 3428 3611 sollici-

1854 3646 2014 3707 toque
2038 3641 2250 3694 tandem
2282 3644 2506 3697 exitium
2544 3646 2867 3701 attulerunt.

1853 3730 1942 3783 71'.
1998 3730 2246 3811 Valafhio
2287 3732 2749 3811 _Carg_bo_gdqnia,_
2781 3737 3158 3811 Nemetsassii.
3218 3742 3413 3811 lﬂaclr,

2103 3801 2356 3870 Gallicia,
2405 3801 2657 3873 Vaieoda,
2696 3807 2904 3875 Mune,
2938 3809 3178 3880 Bogdan.

1922 3916 2082 3970 llacia
2124 3920 2397 3987 quondam
2441 3923 2823 3991 appellabatur
2871 3927 3206 3993 amplissima
3245 3931 3417 3999 regio,

1848 4020 1969 4075 quae
1993 4006 2473 4080 Transsylvaniam
2516 4030 2639 4067 cum
2704 4024 2934 4085 utraque
2963 4015 3213 4073 Valachia
3244 4021 3421 4074 conti-

1849 4097 2028 4151 nebat.
2055 4098 2121 4152 Et
2144 4101 2369 4169 cingunt
2399 4103 2571 4158 ambae
2601 4103 2868 4161 Valachize
2910 4106 3415 4177 'l‘ranssylvaniam,

1846 4207 2077 4261 quarum
2114 4208 2220 4247 una
2254 4195 2478 4264 majoris
2511 4211 2705 4251 nomen
2733 4198 2916 4264 habet,
2958 4201 3127 4255 altera
3164 4203 3414 4258 minoris.

1845 4282 2020 4352 Major
2056 4284 2123 4337 ad
2165 4285 2437 4340 Euxinum
2492 4304 2641 4343 mare
2694 4304 2754 4343 se
2810 4292 3063 4362 porrigit,
3114 4304 3167 4348 et
3214 4298 3414 4351 nostris

1845 4374 2132 4441 Moldavia,
2158 4378 2353 4434 Turcis
2380 4380 2813 4449 Carabogdania,
2839 4387 2993 4452 quasi
3018 4386 3169 4457 nigra
3206 4387 3415 4455 Bogda-

1845 4467 1955 4530 nia,
1989 4468 2105 4523 sive
2137 4468 2376 4538 Bogdani
2409 4472 2559 4541 regio
2585 4473 2788 4527 dicitur
2821 4490 2834 4528 :
2865 4490 2893 4527 a
2930 4474 3205 4533 frumento
3232 4480 3411 4548 nigro,

229 4568 487 4633 Quanam
525 4568 849 4621 caeremonia
879 4569 1076 4623 sultani
1112 4568 1327 4623 Turciei
1365 4587 1591 4637 regnum
1646 4588 1739 4627 au-
1773 4576 1819 4635 ι)
1845 4559 2001 4626 (“llus
2029 4570 2112 4616 εει
2142 4578 2266 4631 ³8οτ
2309 4564 2399 4617 ille
2450 4565 2849 4622 fe'aCiSSimus-
2880 4569 3149 4635 Gallicus.
3183 4582 3237 4627 et
3267 4575 3407 4629 alter

150 4660 366 4729 spicari
389 4662 766 4716 consueverint
792 4702 805 4726 ,
830 4660 1133 4729 expositum
1173 4676 1200 4714 a
1238 4665 1392 4717 nobis
1422 4674 1503 4716 est
1535 4664 1740 4731 prolixe

1861 4652 2294 4723 lhalcocondylis
2338 4657 2629 4725 interpres,
2685 4657 2967 4715 Podoliam
2997 4662 3294 4731 perinscite
3326 4666 3408 4720 fa-

150 4751 213 4802 ί..
254 4748 541 4802 annalium
577 4750 980 4818 supplemento,
1015 4751 1175 4804 initio
1211 4754 1359 4823 regni
1395 4754 1613 4807 selimis
1652 4770 1740 4809 se-
1841 4744 2027 4808 ciunt,
2054 4747 2329 4815 regionem
2359 4748 2500 4817 juris
2531 4749 2798 4805 Polonici.
2833 4751 3006 4807 Minor
3039 4766 3263 4822 preptcr
3304 4757 3411 4810 Da-

149 4841 359 4905 cundi,
407 4840 549 4908 quod
598 4840 788 4894 incidit
835 4842 889 4897 iu
926 4852 1135 4898 annum
1164 4842 1538 4899 Christianum
1574 4845 1734 4901 I566.

1861 4836 1989 4890 tubii
2019 4838 2166 4906 ripas
2199 4841 2513 4895 extenditur
2534 4880 2551 4905 ,
2580 4851 2633 4895 et
2659 4842 2979 4912 plerumque
3004 4844 3365 4917 Transalpina
3393 4891 3408 4912 ,

150 4936 395 4990 Solebat
446 4944 626 4988 autem
674 4934 779 4988 hoc
811 4935 863 4988 in
900 4950 962 4990 ea
995 4937 1108 4988 ﬁeri
1142 4936 1380 5000 civitate,
1422 4953 1543 5006 quae
1582 4942 1737 4994 sedes
1839 4926 2090 4983 Bonfinio
2142 4931 2396 4986 Montana
2427 4949 2645 5001 quoque
2672 4936 2888 4991 sicutet
2916 4938 3404 4996 aliis'nominatur.

145 5036 309 5082 esset
346 5026 584 5093 imperii.
644 5026 922 5093 Principio
981 5028 1174 5082 Turcis
1205 5044 1267 5082 ea
1300 5030 1399 5083 ruit
1432 5028 1598 5084 Prusa
1654 5030 1736 5083 Bi-
1840 5020 2122 5077 Vlachiam
2155 5040 2416 5080 vocavere
2448 5026 2647 5093 Graeci,
2681 5030 2967 5086 etinrolas
3002 5030 3231 5088 Vlachos
3265 5052 3278 5088 :
3310 5051 3407 5103 pro

145 5119 390 5189 thynia,
444 5121 607 5188 paulo
657 5130 783 5175 ante
830 5129 1059 5176 mortem
1095 5120 1349 5176 Osmanis
1381 5125 1447 5175 ab
1482 5122 1736 5177 Urchane
1837 5116 2039 5177 quibus
2094 5116 2422 5184 interpretes
2481 5116 2729 5180 Zonaraz,
2797 5120 3018 5174 (Iedrini
3073 5132 3126 5176 et
3171 5122 3404 5177 aliorum

146 5212 274 5266 ίίηο
313 5220 474 5280 capta
508 5226 523 5264 ;
580 5226 700 5279 qua;
754 5212 881 5267 licet
914 5213 1179 5267 honorem
1213 5213 1354 5267 hunc
1383 5231 1494 5269 non
1524 5215 1615 5269 diu
1651 5232 1734 5270 re-
1836 5208 2223 5261 historicorum
2278 5209 2565 5265 reddidere
2598 5211 2872 5266 Blaehiam
2900 5222 2953 5266 et
2981 5212 3230 5277 Blachos,
3270 5232 3406 5271 con-

143 5305 346 5372 tinuit,
392 5319 458 5358 ex
502 5304 729 5373 pristina
788 5314 964 5359 tamen
1010 5307 1363 5374 prmrogativa
1414 5310 1632 5372 meruit,
1672 5319 1731 5363 υι
1837 5306 1914 5351 ιη
1960 5300 2259 5353 molliorem
2295 5302 2687 5368 pronuntiandi
2722 5308 2991 5359 rationem
3033 5304 3348 5362 Gramen-um
3388 5327 3400 5359 :

139 5395 465 5465 longissimi
490 5398 747 5464 temporis
767 5397 940 5464 spatio
974 5397 1171 5450 sultani
1198 5396 1502 5450 Turcorum
1529 5400 1728 5452 mortui

1861 5406 1970 5458 pios
2010 5392 2285 5446 imitantes
2331 5391 2523 5457 Turci,
2570 5410 2677 5449 non
2738 5397 2941 5459 lblach,
2998 5399 3090 5450 sed
3126 5397 3287 5451 lllaclt
3326 5400 3403 5452 di-

138 5487 405 5555 paternis
435 5494 488 5540 et
512 5488 670 5540 avitis
701 5487 827 5542 istic
859 5488 1252 5551 monumentis,
1285 5488 1449 5540 etiam
1480 5488 1571 5542 diu
1598 5499 1721 5556 post
1834 5494 1985 5536 cunt.
2023 5482 2225 5537 Nomen
2256 5483 2619 5539 Valachorum
2660 5504 2766 5541 non
2798 5504 2827 5543 a
2865 5489 3080 5545 Flaccis
3112 5491 3398 5551 Romanis.

136 5588 372 5645 captam
400 5578 953 5645 Constantinopolim,
986 5578 1127 5633 sicut
1157 5579 1211 5631 in
1247 5580 1356 5633 vita
1388 5578 1587 5633 sultani
1623 5581 1724 5633 Sc-
1833 5576 2044 5644 origine
2073 5575 2340 5640 fabulosa,
2374 5577 2539 5649 429
2576 5594 2695 5649 qua:
2746 5580 2994 5649 pluribus
3052 5593 3233 5638 tamen
3290 5586 3401 5654 pla-

133 5669 297 5723 limis
355 5669 579 5723 secundi
624 5668 693 5723 de
754 5670 1014 5723 Acbmete
1070 5669 1414 5739 Corcutrque
1471 5670 1728 5726 fratribus
1832 5668 1963 5721 cuit.
1999 5667 2090 5721 sed
2144 5683 2172 5721 a
2213 5669 2499 5725 Germanis
2553 5674 2754 5729 nostris
2806 5676 3107 5743 profectum
3139 5676 3396 5731 arbitror.

135 5762 356 5817 .bidem
393 5762 621 5831 sepultis
649 5764 833 5815 videre
860 5762 1007 5828 licet,
1039 5762 1394 5819 inferrentur.
1434 5762 1721 5833 Postquam
1833 5761 2154 5816 Habuerunt
2185 5761 2330 5815 enim
2362 5765 2569 5821 vicinos
2592 5767 2719 5823 Daci
2747 5767 3068 5832 Germanos,
3099 5779 3225 5838 puta
3256 5767 3401 5835 Qun-

137 5870 278 5910 \cro
315 5854 646 5909 traesVoctis
688 5869 743 5908 tn
781 5852 1052 5922 Eur-otium
1103 5853 1297 5921 copiis,
1339 5851 1579 5907 Muratcs
1612 5855 1725 5921 pri-
1831 5853 1929 5907 dos
1960 5893 1971 5918 ,
2001 5850 2239 5919 Getltos,
2280 5854 2549 5924 (lepidas,
2588 5858 2638 5913 iu
2677 5875 2905 5927 quorum
2936 5874 3100 5926 agro,
3129 5860 3221 5928 qui
3256 5874 3402 5914 nunc
