4198 6426
736 341 840 403 787

1943 353 2267 418 JOANNIS
2301 359 2774 427 LEUNCLAVH

3903 370 4004 430 788

733 462 1066 528 tlepisiensis
1121 463 1340 530 dicitur,
1390 468 1580 522 incohe
1627 471 1928 538 praesertim
1976 470 2308 528 Casemarca
2338 473 2382 530 Α
2447 479 2536 534 72.
2575 480 2974 552 Samobunogli,
3003 483 3170 549 Azupi
3200 486 3273 536 rel
3315 482 3509 546 Azepi;
3587 481 3799 537 ιαοηίεξ
3828 486 3972 538 locus

735 558 900 611 vicini
940 575 998 613 se
1030 560 1430 619 Nemetsassios
1472 566 1742 636 hodieque
1803 569 2090 622 nominant
2121 611 2136 632 ,
2177 584 2310 624 voce

735 653 801 703 c'e
853 651 1096 708 Nemetis
1148 654 1251 718 (sic
1308 657 1510 727 Ungari
1567 657 1868 716 Germanos
1919 663 2218 731 appellant,
2254 671 2314 716 ut

735 741 968 797 Venetlze
1019 747 1269 802 nationes
1329 748 1629 820 Ncmitms)
1665 767 1716 808 et
1748 753 1950 810 Sassiis
1983 754 2308 822 composita,

733 853 855 904 quae
903 839 1121 894 Sassios
1180 843 1294 895 sive
1351 844 1598 900 Saxones
1649 846 1951 903 Germanos
2011 847 2309 915 signiﬁcat.

734 931 990 987 Germani
1060 951 1192 991 vero
1246 941 1492 1006 plerique
1553 950 1660 994 tam
1718 941 1885 996 Italos
1913 956 2076 1009 quam
2120 939 2310 995 Gallos

735 1025 852 1092 (qui
903 1027 1192 1086 Germanis
1241 1043 1371 1086 sunt
1421 1035 1606 1098 Walli,
1669 1035 1813 1088 sicut
1856 1033 2086 1088 Gilimer
2110 1047 2310 1086 nomen

734 1119 1030 1176 Cothicum
1059 1137 1144 1179 est
1176 1126 1430 1183 Wilmer.
1491 1130 1556 1182 Et
1589 1129 1640 1180 in
1674 1128 1868 1198 Anglia
1901 1141 2122 1195 quoque
2157 1123 2311 1177 Wal-

737 1217 914 1268 lorum
973 1234 1171 1274 nomen
1235 1222 1432 1290 priscis
1494 1221 1690 1276 incolis
1741 1219 2189 1290 provincialibus,
2245 1216 2314 1268 ab

736 1309 1259 1375 Anglii-Saxonibus
1311 1316 1515 1368 nostris
1563 1313 1818 1374 inditutn,
1867 1311 2075 1379 manet)
2115 1323 2314 1362 vocare

736 1403 914 1457 solent
941 1403 1198 1460 Walchos
1228 1419 1280 1460 et
1308 1406 1621 1463 Walisrhos
1656 1427 1668 1462 :
1701 1422 1933 1475 quorum
1961 1406 2160 1470 lintlllm
2189 1417 2314 1470 P'O'

741 1497 959 1552 ~inciali
983 1515 1107 1554 cum
1140 1500 1323 1569 lingua
1361 1501 1558 1563 Daciae.
1585 1518 1707 1570 qua:
1733 1503 1847 1569 ipsa
1875 1516 2094 1568 quoque
2113 1496 2312 1549 Roma-

737 1607 932 1646 norum
973 1593 1254 1660 provincia
1286 1596 1559 1661 quondam
1589 1594 1708 1658 fuit,
1739 1594 1915 1647 amnis
1944 1600 2089 1646 esset
2123 1609 2132 1642 :
2171 1589 2310 1641 idem

739 1699 765 1730 ει
799 1683 1004 1734 nostris
1043 1681 1392 1738 Walehorunt
1447 1701 1647 1738 nomen
1699 1698 1981 1750 aeeepere,
2024 1681 2172 1750 quod
2217 1680 2314 1733 de-

737 1777 1078 1834 nuntiatione
1107 1778 1340 1832 molliori
1363 1788 1626 1833 mutatum
1662 1779 1715 1831 in
1749 1775 2062 1830 Walachos.
2095 1772 2313 1828 Suil‘ra-

736 1877 896 1924 eatur
932 1869 1061 1926 huic
1093 1870 1340 1938 Opinioni
1378 1885 1508 1923 mete
1533 1878 1692 1922 vetus
1740 1867 1903 1921 etiam
1939 1866 2180 1921 Gallicize
2210 1885 2312 1922 no-

742 1975 888 2020 men,
935 1959 1196 2030 frequens
1236 1962 1289 2014 in
1322 1961 1568 2029 antiquis
1605 1959 1859 2031 Ungariaa
1894 1975 2082 2027 regum
2115 1961 2312 2025 titulis,

740 2068 850 2115 quo
879 2049 1137 2109 Valachia
1185 2054 1622 2123 signiﬁcabatur.
1675 2055 1865 2108 eadem
1898 2069 2020 2108 cum
2059 2053 2229 2110 Gallis
2264 2065 2319 2108 et

745 2143 892 2206 Italis
945 2157 1107 2206 utens
1165 2149 1376 2218 lingua.
1440 2149 1582 2203 sicut
1613 2158 1663 2202 ct
1693 2164 1841 2203 nunc
1868 2147 2186 2203 afﬁnitatem
2215 2149 2317 2203 ali-

739 2260 904 2310 quam
942 2257 1069 2297 cum
1108 2259 1298 2296 eorum
1342 2245 1524 2313 lingua
1571 2243 1895 2313 provinciali
1924 2244 2142 2299 retinet.
2187 2242 2317 2296 Vai-

748 2339 892 2390 totlm
927 2351 1052 2390 vero
1083 2352 1280 2395 nomen
1326 2337 1654 2405 generaliter
1690 2337 1966 2407 signiﬁcat
1997 2337 2317 2406 praelectum

745 2427 1003 2490 militum,
1031 2443 1195 2497 quem
1228 2429 1575 2496 capitaneum
1599 2429 1760 2498 vulgo
1793 2439 2008 2482 vocant.
2038 2428 2142 2482 Sed
2175 2426 2320 2497 apud

749 2521 993 2589 tingaros
1020 2531 1074 2573 ut
1100 2522 1251 2586 olim,
1289 2524 1369 2577 sic
1406 2523 1568 2577 etiam
1605 2522 1789 2586 hodie,
1821 2522 1943 2578 dum
1975 2533 2102 2576 sunt
2135 2521 2321 2589 appel-

745 2616 976 2670 lationes
1011 2615 1946 2670 administrationummaximarum
1979 2631 1993 2668 :
2023 2629 2130 2668 una
2162 2615 2315 2678 Bani,

744 2709 812 2764 de
842 2723 950 2776 qua
971 2725 1071 2763 suo
1103 2712 1244 2771 loco,
1283 2707 1544 2760 nimirum
1587 2708 1765 2776 capite
1796 2707 1920 2771 174,
1959 2706 2174 2774 plenius
2226 2705 2316 2759 di-

740 2802 885 2855 eturi
919 2816 1135 2862 sumus.
1163 2805 1332 2855 altera
1378 2799 1652 2855 Vaivodze.
1684 2801 1868 2853 Banus
1898 2808 1980 2853 est
2007 2813 2205 2867 praeses
2235 2814 2323 2853 re-

747 2897 872 2960 gius
900 2896 955 2948 iu
990 2895 1177 2964 aliqtto
1222 2909 1287 2948 ex
1327 2896 1512 2964 regnis
1557 2893 1813 2964 Ungariae
1869 2893 2162 2958 adjunctis.
2202 2891 2326 2945 Vai-

745 2988 882 3042 voda
936 3004 1066 3042 vero
1119 3003 1320 3057 praeses
1381 2989 1586 3041 dicitur
1623 3027 1640 3050 ,
1699 2987 1821 3040 loco
1883 2985 2026 3054 regis
2086 2985 2324 3039 admini-

747 3082 1068 3136 strationem
1096 3081 1302 3134 habens
1331 3080 1384 3133 in
1416 3081 1599 3149 aliqua
1633 3078 2080 3148 provincia,puta
2116 3076 2325 3130 Trans-

747 3177 1019 3245 sylvania.
1041 3173 1299 3227 Valacltia
1336 3173 1551 3240 majori,
1576 3171 1836 3226 Valachia
1863 3170 2058 3224 minori
2093 3186 2106 3221 :
2140 3168 2233 3222 sed
2261 3183 2322 3220 ea
2354 3155 2396 3212 C

749 3272 862 3336 lege
894 3279 1100 3330 tamen,
1157 3277 1214 3319 nt
1282 3266 1646 3333 gubernatore
1678 3266 1750 3316 sit
1783 3260 2033 3318 inferior.
2062 3260 2326 3316 V'aivodte

751 3362 994 3422 Val-aelii,
1027 3370 1310 3428 postquam
1338 3358 1405 3416 ab
1433 3356 1682 3425 lingat-ite
1713 3370 1898 3424 regum
1922 3353 2233 3409 obedientia
2263 3368 2323 3407 se

749 3454 1170 3516 sulttraxissent.
1199 3466 1350 3505 more
1378 3450 1690 3505 Graecorum
1723 3448 1984 3515 despotae,
2006 3446 2074 3498 de
2102 3461 2208 3513 qua
2241 3446 2326 3498 di-

749 3551 954 3617 gnitate
1006 3548 1260 3617 superius
1310 3559 1538 3598 numero
1574 3550 1831 3600 notarum
1895 3540 1963 3593 54
1994 3540 2204 3609 prolixe
2239 3539 2329 3592 di-

748 3655 923 3707 ctum,
945 3658 1040 3712 pro
1073 3639 1328 3694 Vaivodis
1356 3638 1546 3694 audire
1570 3636 1902 3696 maluerunt,
1922 3632 2078 3702 quasi
2106 3633 2150 3686 si
2175 3632 2328 3702 priu-

751 3739 904 3803 eipes
955 3744 1142 3789 essent
1199 3730 1489 3786 absoluti:
1539 3743 1638 3782 nec
1688 3727 1910 3796 regibus
1942 3724 2196 3793 subjecti,
2234 3723 2326 3777 sed

753 3831 938 3896 potius
1000 3828 1269 3897 dignitate
1326 3823 1545 3892 regibus
1609 3818 1868 3890 proximi.
1932 3815 2138 3871 Verum
2198 3832 2330 3871 usu-

755 3924 898 3980 venit
930 3922 1032 3984 eis,
1070 3919 1214 3989 quod
1244 3917 1451 3973 Gracis
1483 3914 1756 3969 accidisse
1787 3919 2024 3975 constat,
2074 3913 2165 3979 qui
2213 3925 2328 3963 ma-

755 4017 932 4071 simas
962 4013 1027 4067 ad
1059 4011 1338 4081 angustias
1362 4008 1584 4064 redacto
1604 4006 1854 4071 imperio,
1885 4005 2072 4058 titulos
2101 4003 2331 4071 amplio-

756 4126 844 4163 res
885 4106 1266 4172 excogitarnnt
1309 4121 1324 4157 :
1388 4103 1466 4155 uti
1521 4114 1668 4153 nunc
1708 4099 1872 4154 etiam
1903 4097 2045 4165 apud
2078 4097 2332 4151 Ausones

759 4198 1054 4256 nonnullos
1092 4179 1145 4248 in
1176 4196 1296 4263 ipso
1329 4188 1727 4261 propemodum
1762 4174 2079 4250 amittenda;
2108 4186 2332 4239 Iiberta-

758 4293 828 4347 tis
888 4289 1120 4347 articulo
1170 4283 1478 4343 consimilia
1534 4280 1783 4350 quaedam
1820 4277 2101 4342 alTectare,
2136 4287 2333 4345 preter

758 4399 962 4441 morem
1002 4379 1292 4446 tttajorttm,
1324 4377 1595 4432 videmus.
1629 4374 1987 4442 DeSpOIarum
2012 4382 2162 4425 certe
2187 4384 2333 4422 nunc

2828 556 3171 617 emendatus;
3201 558 3335 608 emir
3368 554 3590 610 Ilalem.

2485 662 2656 729 Quem
2690 664 2778 719 hic
2808 665 3050 721 Annales
3080 667 3478 739 Samobunogli
3511 670 3629 724 sive
3682 669 3852 723 [ilium
3907 667 4004 722 Sa-

2417 758 2670 812 mobunae
2699 770 2920 822 vocant.
2953 761 3092 815 infra
3125 760 3322 819 Scheic
3343 764 3612 818 Bedredin
3672 764 4002 834 appellatur,

2417 851 2503 903 ubi
2540 850 2607 906 de
2626 852 2896 909 seditione
2915 869 3010 923 per
3033 858 3210 923 ipsum
3251 868 3390 912 mota
3424 859 3647 926 prolixae
3666 866 3794 910 sunt
3816 873 4004 910 narrao

2419 943 2614 999 tiones.
2653 945 3146 1014 Stipendiariorum
3177 952 3402 1005 nemine
3449 951 3759 1018 intelligunt
3793 950 4006 1016 Azap'ts

2416 1037 2747 1106 velAzepos.
2787 1039 3060 1096 Laonicus
3083 1043 3284 1096 alicubi
3309 1044 3630 1111 peregrinos
3661 1043 3819 1104 dixit,
3856 1057 4006 1092 more

2416 1127 2856 1199 Grmcn,quihus
2883 1129 3017 1186 Χειιί
3077 1144 3368 1196 vocantur,
3430 1135 3482 1188 id
3543 1143 3646 1196 est,
3706 1130 4004 1202 peregrini,

2417 1221 2507 1290 qui
2539 1221 2827 1291 stipendiis
2851 1223 3109 1279 conducti
3145 1226 3406 1290 militant,
3439 1226 3543 1280 hoc
3573 1234 3679 1289 est,
3738 1225 3828 1293 qui
3883 1234 4006 1275 sunt

2417 1315 2806 1384 misthephori.
2868 1317 3010 1372 sicut
3047 1318 3212 1372 iidem
3247 1320 3542 1388 appellant.
3607 1317 3755 1372 idem
3804 1316 3934 1370 alibi
3991 1335 4003 1366 :

2418 1406 2726 1462 Turcorum
2760 1409 2991 1475 pedites.
3021 1411 3122 1473 ait,
3182 1427 3324 1480 quos
3357 1411 3632 1480 Azapidas
3664 1419 3885 1462 vorant.
3946 1408 4006 1460 Et

2417 1502 2645 1554 omnino
2671 1501 2924 1555 militiam
2956 1503 3010 1557 hi
3043 1504 3348 1572 pedestrem
3377 1509 3607 1568 obeunt,
3636 1505 3759 1557 licet
3788 1503 3899 1556 alio
3945 1501 4004 1553 li-

2417 1589 2500 1645 bri
2538 1593 2715 1646 octavi
2751 1591 2874 1645 loco
2925 1592 3177 1660 legantur
3229 1595 3344 1649 haec
3399 1595 3561 1649 verba
3615 1593 3669 1648 in
3734 1593 3843 1646 vita
3897 1591 4006 1644 Liu-

2417 1684 2679 1738 chemetis
2712 1683 2752 1736 Il
2787 1696 2914 1739 tunc
2949 1685 3271 1756 Belgradum
3304 1685 3670 1756 oppugnantis
3703 1684 4007 1752 :Azapides

2418 1775 2582 1843 (quos
2619 1774 2963 1832 llussarones
2988 1779 3157 1832 nostri
3190 1779 3408 1846 vocant)
3432 1776 4003 1847 diripueruntforum.

2423 1865 2536 1921 Rex
2567 1867 2860 1934 clamabat,
2889 1879 2948 1922 ut
2983 1871 3291 1925 eximerent
3345 1886 3542 1924 eorum
3613 1870 3846 1939 puellas.
3901 1868 3999 1922 Hic

2422 1963 2658 2030 primum
2687 1962 2858 2016 lector
2887 1963 3161 2029 observet,
3187 1964 3491 2032 Azapidum
3526 1964 3746 2018 nomine
3796 1963 4005 2032 pedites

2423 2053 2768 2124 Ungarorum
2796 2058 2862 2110 ab
2898 2065 3124 2111 auctore
3148 2058 3400 2127 intelligi,
3433 2058 3527 2130 qui
3557 2058 3700 2126 regis
3734 2058 3851 2110 sive
3893 2057 4002 2110 sul-

2423 2149 2533 2204 taui
2571 2150 2932 2204 Muchemetis
2966 2149 3169 2215 forum,
3205 2151 3416 2206 scilicet
3475 2163 3754 2206 castrense
3823 2166 3999 2205 rerum

2425 2243 2478 2296 in
2502 2241 2744 2296 exercitu
2786 2243 3081 2308 venalium,
3117 2243 3470 2313 diripuerint.
3519 2243 3660 2313 Ergo
3689 2260 3813 2313 qua:
3845 2245 4003 2297 inter-

2420 2337 2561 2406 jecta
2595 2337 2757 2390 verba
2796 2345 2943 2401 sunt,
2967 2351 3104 2403 quos
3158 2338 3504 2392 Hnssarones
3561 2339 3733 2393 nosni
3791 2350 4001 2400 vocant,

2425 2429 2693 2497 glossema
2736 2441 2860 2483 sunt
2912 2429 3226 2498 interpretis
3274 2431 3532 2500 imperiti,
3576 2431 3848 2500 Azapidas
3910 2447 4004 2498 pro

2427 2517 2836 2575 llussaronibus
2880 2519 3222 2589 accipientis,
3267 2537 3391 2575 eum
3463 2523 3718 2592 Azapidze
3802 2523 4004 2590 pedites

2425 2614 2556 2677 sint,
2592 2612 2935 2668 ilussarones
2964 2614 3199 2683 equites.
3260 2615 3463 2668 Deinde
3505 2616 3712 2684 puellas
3765 2616 4008 2669 eximere

2425 2708 2589 2770 dixit,
2617 2723 2738 2761 cum
2774 2706 2947 2761 Graeci
2987 2706 3210 2762 Laouici
3244 2706 3403 2760 verba
3431 2707 3764 2774 signiﬁcent,
3822 2707 4005 2761 oculo-

2427 2817 2543 2855 rum
2578 2816 2739 2856 coras
2787 2800 2904 2854 sive
2945 2799 3182 2869 pupulas
3244 2808 3338 2853 aut
3390 2800 3624 2868 pupillas
3677 2815 3871 2853 eruere
3926 2801 4006 2852 vel

2427 2897 2686 2960 eﬂodere,
2719 2897 2866 2966 quod
2897 2896 3059 2964 paulo
3079 2896 3274 2950 melius
3305 2896 3531 2964 adjectis
3561 2895 3792 2964 margini
3826 2897 4007 2949 verbis

2429 2990 2724 3054 redditum,
2764 2990 3082 3044 uthostium
3118 2991 3311 3044 oculos
3337 2990 3746 3058 exsculperent.
3809 2989 4008 3044 Prazie-

2428 3091 2550 3137 ctus
2575 3089 2761 3136 autem
2826 3080 3217 3151 signiferorum
3261 3081 3457 3134 Turcis
3496 3090 3579 3135 est
3608 3081 3747 3134 emir
3792 3082 4002 3145 llalem,

2430 3176 2590 3246 cujus
2614 3190 2800 3242 supra,
2833 3189 3064 3227 numero
3094 3183 3348 3228 notarum
3373 3175 3461 3237 M,
3493 3174 3632 3228 facta
3653 3175 3754 3228 fuit
3782 3179 4002 3228 mentio.

2429 3269 2572 3321 Sane
2597 3281 2850 3336 magnum
2890 3265 3052 3333 hujus
3073 3266 3305 3320 oiiicium
3327 3275 3428 3331 est,
3454 3277 3508 3320 et
3526 3267 3890 3329 fructuosum,
3927 3269 4006 3320 di-

2428 3362 2742 3429 gnitateque
2787 3361 3096 3427 proximum
3131 3361 3197 3413 ab
3223 3375 3320 3429 aga
3347 3359 3746 3428 genizarorum.
3769 3360 3868 3414 Sed
3897 3361 4008 3413 oili-

2428 3453 2638 3511 ciorum
2671 3452 2865 3514 PorL'e,
2896 3462 3003 3510 tam
3038 3467 3228 3507 eorum
3252 3469 3372 3521 qum
3397 3453 3536 3505 intra
3556 3455 3814 3517 saraium,
3841 3469 4006 3520 quam

2428 3561 2552 3612 quae
2588 3544 2722 3598 foris
2764 3544 3014 3598 ordinata
3052 3554 3202 3609 sunt,
3223 3545 3494 3614 expositio
3517 3545 3695 3615 plena,
3719 3546 3896 3598 locum
3919 3562 3986 3614 pe.

2431 3637 2748 3692 scitalium.

2428 3732 2516 3784 75.
2551 3734 2717 3784 Musa:
2750 3731 2858 3784 sive
2887 3731 3050 3784 Musis
3073 3732 3364 3786 crudelitas
3401 3748 3414 3793 ;
3473 3731 3733 3794 Lazarus,
3765 3748 3856 3800 pro
3898 3730 4009 3784 Stc-

2693 3808 2867 3869 pltano
2897 3801 3094 3854 Servio:
3115 3803 3358 3870 despola,
3388 3801 3581 3855 Lazari
3608 3803 3740 3872 ﬁlio.

2505 3895 2579 3949 De
2626 3893 2818 3948 Vidina
2867 3895 3073 3950 dictum
3135 3911 3366 3950 numero
3448 3907 3702 3950 notarum
3777 3896 3866 3954 49.
3950 3902 4012 3948 de

2436 3989 2716 4045 Butuvada
2743 3998 2799 4043 et
2834 3988 3032 4042 Matera
3064 3988 3347 4058 deinceps,
3397 3989 3518 4044 loco
3578 3989 3749 4058 magis
3789 3989 4010 4051 idoneo,

2433 4083 2499 4135 ad
2542 4096 2746 4134 annum
2793 4081 3167 4142 Christianum
3203 4081 3342 4135 MM
3383 4081 3614 4134 dicetur.
3680 4079 3843 4132 Musa:
3899 4079 4010 4132 sive

2437 4171 2600 4226 Musis
2622 4170 3021 4236 crudelitatem,
3059 4171 3512 4235 etiracuudiam,
3560 4186 3622 4225 ac
3668 4172 4008 4240 tyrannidem

2433 4265 2484 4318 iu
2519 4280 2673 4323 suos.
2699 4264 2973 4318 Laonicus
3005 4265 3173 4319 etiam
3209 4272 3632 4329 commemorat,
3668 4264 3867 4332 partim
3931 4263 4010 4314 his

2438 4359 2638 4422 verbis,
2669 4357 2834 4428 53o
2862 4355 3038 4410 Moses
3072 4357 3167 4411 ira:
3197 4357 3471 4426 imperare
3505 4371 3609 4408 non
3649 4365 3883 4422 poterat,
3920 4356 4010 4409 sed

757 4477 972 4535 Illorum
988 4488 1049 4526 ea
1078 4473 1182 4525 sub
1211 4470 1440 4524 Turciea
1473 4466 1734 4524 servitute
1755 4465 2000 4522 conditio
2033 4470 2138 4525 est,
2172 4477 2326 4515 man-
2366 4501 2409 4556 υ
2437 4467 2682 4521 praeceps
2723 4451 2778 4504 in
2812 4465 2932 4504 eam
2967 4448 3265 4514 ferebatur,
3303 4448 3568 4518 quidquid
3603 4449 3692 4501 illa
3735 4449 4012 4556 dictasset,

752 4567 1024 4640 eipiorum
1065 4576 1123 4616 ut
1153 4560 1378 4621 nomine
1405 4558 1608 4628 potius,
1637 4570 1805 4625 quam
1841 4555 2175 4622 principum,
2203 4567 2331 4604 cen-

753 4658 909 4713 sendi
945 4657 1186 4710 veniam.
1240 4652 1344 4705 Sed
1396 4649 1730 4719 pergendum
1786 4648 1848 4699 ad
1895 4646 2023 4699 alia.
2068 4645 2333 4699 Valacho-

756 4767 875 4802 rum
919 4750 1006 4802 ille
1071 4744 1330 4806 Vaivoda,
1390 4758 1552 4812 quem
1600 4740 1839 4794 Annales
1891 4738 1944 4790 hi
1988 4737 2208 4790 Murzen
2237 4751 2335 4791 vo-

753 4851 906 4902 rant.
951 4839 1189 4892 Laonico
1239 4836 1442 4890 Mirxes
1493 4833 1734 4890 dicitur,
1769 4829 2019 4883 Bonﬁnio
2058 4827 2331 4891 Merelies,

755 4941 859 4994 hoc
880 4947 986 5000 est,
1008 4932 1242 4987 Marcus.
1270 4926 1718 4997 Reperiturapud
1748 4924 2002 4978 eumdem
2032 4921 2332 4984 Litonicum

754 5040 810 5089 et
865 5029 1071 5083 Mirdan
1113 5022 1384 5077 Valachia:
1424 5020 1686 5089 principis
1717 5031 1938 5081 nomen,
1969 5016 2332 5083 compositum

753 5141 817 5177 ex
878 5124 981 5176 hoc
1042 5120 1157 5185 ipso
1212 5115 1345 5170 Mirx
1381 5125 1434 5167 et
1471 5112 1582 5165 Dan
1614 5113 1730 5166 sive
1761 5111 1945 5166 Gdan.
1972 5109 2104 5163 Nam
2139 5111 2334 5179 etipsa

756 5217 903 5284 regio
961 5211 1250 5282 llogdanim
1301 5224 1500 5268 nomen
1537 5214 1748 5274 accepit
1817 5219 1845 5257 a
1911 5203 2185 5272 Begdanis
2213 5206 2330 5256 sive

754 5308 1097 5375 principibus
1146 5307 1280 5368 suis,
1341 5302 1433 5372 qui
1472 5299 1739 5359 vocabulo
1780 5312 1914 5352 sane
1946 5295 2035 5364 pio
2067 5295 2328 5350 dicuntur

757 5398 1017 5465 llogdani,
1069 5406 1330 5464 tanquam
1381 5394 1473 5445 Dei
1518 5407 1736 5447 munus.
1779 5389 1861 5442 vel
1892 5386 2217 5449 Theodosii,
2247 5393 2331 5442 vel

753 5488 1051 5548 Theodori,
1081 5488 1163 5538 vel
1198 5485 1476 5538 liorothei.
1503 5483 1746 5536 Meminit
1771 5484 1932 5551 hujus
1969 5483 2116 5535 vocis
2151 5490 2203 5534 ct
2232 5483 2332 5532 (le-

759 5583 954 5636 drinus
988 5582 1042 5634 in
1067 5580 1266 5633 Basilio
1298 5578 1722 5647 Bulgaroctono,
1769 5593 1891 5630 cuin
1926 5576 1997 5629 ait
2027 5594 2039 5629 :
2077 5575 2333 5629 Occurrit

754 5676 918 5728 etiam
979 5671 1294 5741 imperatori
1349 5671 1656 5741 Bogdanus,
1695 5680 2002 5724 castrorum
2045 5668 2326 5722 interioris

756 5769 992 5842 trginnis
1026 5767 1285 5838 toparcha
1325 5764 1435 5819 sive
1471 5764 1708 5836 regulus.

2437 4545 2687 4609 iaciens;
2727 4544 2922 4614 partim
2970 4543 3079 4598 alio
3135 4543 3274 4606 loco,
3338 4542 3515 4596 verbis
3592 4539 4012 4597 consimilibus:

2441 4639 2688 4707 Optimus
2730 4638 2967 4705 quisque
2997 4635 3384 4703 indignabatur
3414 4635 3486 4688 ob
3518 4634 3683 4688 Mosis
3701 4633 4014 4686 violentiam

2440 4740 2495 4784 et
2518 4729 2882 4800 tyrannidem.
2915 4729 3151 4794 Causam
3185 4742 3337 4788 vero,
3369 4742 3468 4780 cur
3501 4725 3642 4779 bello
3671 4725 3880 4778 Serviat:
3935 4726 4014 4780 de-

2440 4833 2651 4892 spotam
2686 4829 3132 4889 persequeretur,
3172 4818 3447 4873 Laouicus
3473 4819 3750 4886 exposuit,
3789 4836 3919 4872 cum
3945 4837 4015 4873 re-

2441 4918 2596 4978 citat,
2634 4930 2759 4968 eum
2790 4930 2817 4966 a
2845 4913 3073 4982 despota
3115 4913 3399 4968 desertum
3462 4910 3656 4974 fuisse,
3701 4911 4019 4966 Gratcorum

2441 5009 2894 5078 persuasionibus
2927 5007 3184 5070 adducto,
3249 5006 3607 5060 Mulsumanis
3658 5016 3716 5059 ut
3775 5008 4020 5074 partibus

2443 5114 2617 5158 semet
2647 5112 2987 5171 aggregaret,
3011 5102 3155 5171 quoti
3190 5100 3368 5154 Moses
3399 5099 3685 5167 aegerrime
3709 5099 3925 5153 tulerit.
3972 5098 4021 5151 Et

2442 5199 2726 5267 despOtam
2758 5197 2904 5249 hunc
2941 5194 3178 5248 Annales
3207 5203 3404 5247 vocant
3436 5191 3728 5254 Lazarum,
3760 5207 3895 5245 cum
3957 5205 4022 5244 la-

2442 5308 2562 5349 meu
2591 5309 2655 5345 ex
2685 5291 2920 5344 Historia
2941 5297 3173 5350 constet.
3203 5287 3317 5340 haec
3339 5302 3368 5338 a
3402 5284 3680 5354 Stephano
3707 5297 3893 5354 gesta,
3931 5287 4025 5337 La-

2443 5385 2553 5438 zari
2591 5383 2722 5445 tilio,
2751 5380 2966 5451 Georgii
2998 5391 3149 5449 patre
3184 5396 3198 5433 :
3229 5393 3340 5447 quo
3367 5377 3432 5431 de
3483 5378 3740 5455 superius
3791 5394 4027 5431 ιιιιηυ-ιυ

2443 5478 2511 5530 54
2544 5475 2918 5529 tractavimus.
3258 5456 3260 5459 V

2447 5571 2535 5623 74.
2579 5568 2793 5630 Ccivise,
2816 5568 3028 5627 Cebise;
3049 5566 3292 5637 Libyssa,
3324 5566 3527 5620 Lebusa
3550 5584 3566 5630 ;
3589 5567 3841 5627 Astacus,
3868 5565 4030 5618 Simus

2989 5639 3299 5702 Astaceuus,
3341 5638 3518 5692 Intzu.

2517 5732 2733 5785 Gcivise
2774 5730 3090 5798 oppidulum
3140 5741 3223 5784 est
3266 5730 3552 5800 Bithyniae,
3584 5741 3743 5784 sttutn
3770 5733 3840 5779 ad
3873 5729 4031 5780 Nim-

2451 5826 2780 5880 ntedicnsctn
2821 5823 2904 5877 vci
2961 5823 3291 5879 Astuccuunt
3324 5824 3504 5893 potius
3566 5823 3880 5892 antiquitus
3955 5825 4029 5872 ιιι-
