4198 6426
204 328 298 393 789

1349 331 1745 393 PANDECTE
1774 334 1967 393 HIST.
2014 334 2320 396 TURCIC.

3343 320 3448 384 790

204 449 339 498 ctum
374 441 577 509 sinum,
615 439 668 495 in
698 440 814 511 ipsa
848 441 930 496 via
965 456 1067 513 qua
1115 442 1611 514 Constantinopoli,
1653 458 1773 513 quac
1802 447 1847 503 Α
1878 441 2080 499 Varsac
2110 454 2164 501 et
2193 446 2397 520 Versae
2458 440 2757 513 appellant,
2825 437 2878 493 in
2933 432 3198 489 Anatolio:
3264 429 3452 486 tabula

206 535 319 589 hinc
352 534 545 587 itinere
573 532 721 587 bidui
768 532 1329 599 ahest,Nicomcdiam
1364 536 1491 598 itur,
1527 536 1597 588 Ea
1640 549 1763 587 vero

205 627 422 680 ulterius
446 643 473 678 a
502 624 720 682 Geivise
740 628 904 682 distat
940 628 1099 682 unius
1137 627 1330 681 itinere
1360 629 1485 681 diei.
1522 627 1763 696 Geogra-

206 723 353 790 phica
386 721 609 776 Natoliae
632 722 926 789 descriptio
956 723 1251 776 Abrahami
1313 720 1501 776 Ortelii
1534 720 1763 785 Gejecen

206 814 377 876 habet»,
407 828 539 866 voce
571 813 818 867 nonnihil
854 822 1058 866 mutata
1098 832 1110 865 :
1142 812 1481 881 Busbequius
1515 813 1566 866 in
1606 813 1767 865 Itine-

207 905 343 957 rario
382 903 613 958 Gehisen
648 906 859 967 scribit,
894 905 1153 969 additque
1210 906 1409 971 putari,
1474 906 1613 958 hanc
1639 904 1767 957 olim

207 997 368 1052 fuisse
389 1000 696 1067 Libyssam,
726 997 1040 1053 Ilannibalis
1072 999 1322 1067 sepulcro
1341 999 1631 1051 celebrem.
1661 996 1769 1066 Ego

207 1104 329 1158 pace
347 1091 479 1142 tanti
500 1089 598 1142 viri
635 1088 885 1144 Ge‘ivisen
932 1089 1091 1150 hanc.
1122 1089 1236 1145 sive
1270 1089 1529 1154 Gebisen,
1552 1106 1655 1142 non
1680 1090 1773 1144 [ιί-

210 1185 377 1251 hyssa:
398 1182 651 1251 reliquias
663 1182 920 1246 arbitror,
936 1182 1029 1237 sed
1046 1182 1248 1235 Astaci.
1271 1181 1402 1234 Nam
1419 1179 1642 1250 Libyssa
1660 1182 1776 1233 lon-

208 1277 323 1342 gius
342 1291 366 1325 a
388 1277 506 1327 siltll
530 1284 732 1326 remota
750 1285 854 1335 est,
870 1289 1060 1336 versus
1078 1272 1341 1343 Bithyniae
1359 1274 1773 1339 mediterranea,

207 1373 257 1415 ct
283 1363 468 1416 urbem
516 1362 786 1416 Nicaeam:
835 1362 1106 1431 hodieque
1142 1362 1409 1416 vocabulo
1450 1362 1671 1431 propius
1709 1363 1776 1416 ad

208 1453 490 1523 Libyssam
526 1456 837 1531 accedente,
872 1453 1084 1509 chusa
1108 1456 1327 1509 dicitur.
1361 1457 1623 1510 Astacum
1652 1468 1779 1509 vero

210 1556 494 1615 propterea
526 1556 657 1617 puto
688 1562 832 1601 nunc
887 1562 1011 1601 esse
1047 1545 1326 1610 Geivisen,
1367 1549 1513 1617 quod
1579 1548 1667 1601 hic
1721 1548 1775 1602 in

207 1640 647 1695 amoenissimum.
662 1642 809 1696 illum
831 1641 998 1694 maris
1025 1640 1203 1695 sinum
1225 1651 1551 1711 prospectus
1575 1649 1779 1710 pateat,

208 1749 367 1800 quem
408 1734 475 1787 ab
498 1734 711 1796 Astaco,
743 1736 1020 1805 quondam
1057 1735 1159 1789 hoc
1187 1736 1306 1791 loco
1382 1736 1506 1799 sita,
1569 1744 1779 1790 veteres

207 1828 615 1896 appellaverunt
636 1831 964 1885 Astacenum
1000 1850 1013 1885 :
1044 1839 1104 1886 ut
1136 1831 1295 1901 paulo
1352 1829 1593 1885 ulterius,
1616 1829 1781 1896 idem,

212 1930 418 1974 mutato
465 1924 702 1990 nomine,
761 1922 1195 1979 Nicomediensis
1265 1924 1488 1979 dicitur.
1542 1925 1778 1979 Astacus

209 2013 495 2081 ipsa,cum
522 2015 795 2071 Astaceno
820 2017 964 2081 sinu,
1003 2017 1083 2071 sic
1131 2017 1200 2071 ab
1262 2026 1568 2072 astacorum
1609 2016 1789 2085 copia,

210 2122 335 2174 quae
365 2122 688 2163 cancrorum
740 2112 1078 2165 marinorum
1134 2109 1363 2180 species
1417 2122 1524 2175 est,
1572 2110 1793 2164 nomine

213 2202 376 2269 vulgo
399 2200 602 2256 Grtccis
638 2202 907 2274 hodieque
941 2203 1414 2272 Constantinopoli
1478 2211 1626 2268 noto,
1658 2203 1792 2258 mihi

212 2293 437 2361 quidem
474 2295 686 2348 videtur
720 2296 1009 2365 appellata.
1046 2295 1178 2361 Quae
1208 2296 1370 2364 paulo
1401 2304 1519 2365 post
1540 2298 1793 2350 nomina-

216 2396 307 2440 tur
345 2386 557 2447 lutzua,
588 2403 755 2455 pagus
785 2398 879 2440 aut
904 2387 1058 2441 vicus
1087 2398 1171 2442 est
1201 2386 1477 2457 ignobilis,
1497 2387 1642 2441 haud
1672 2402 1796 2456 pro-

213 2478 301 2530 cul
342 2495 372 2532 a
404 2478 643 2533 Taurulo
671 2480 812 2535 situs
844 2480 897 2533 in
940 2481 1156 2546 itinere,
1193 2494 1302 2548 quo
1323 2478 1797 2550 Constantinopoli

215 2569 522 2639 Selybriam
580 2581 635 2626 et
697 2572 923 2627 ulterius
980 2570 1424 2642 Hadrianopolim
1473 2574 1604 2627 itttr.
1668 2572 1797 2643 Ejus

215 2660 478 2731 deinceps
500 2674 718 2730 quoque
742 2663 800 2716 fit
828 2663 1031 2717 mentio
1050 2663 1103 2716 in
1126 2672 1373 2717 extremo
1403 2662 1603 2717 Sclime
1631 2661 1671 2725 l,
1705 2661 1798 2731 qui

217 2755 639 2825 correptusistic
651 2754 919 2825 pestilenti
941 2756 1133 2810 morbo
1156 2755 1276 2819 fuit,
1295 2772 1402 2825 quo
1420 2756 1597 2810 subito
1618 2755 1797 2826 periit.

682 2845 772 2900 75.
800 2844 995 2899 Almm'
1025 2847 1101 2899 vel
1136 2845 1373 2899 Acanzii.

298 2937 432 2992 Sine
464 2937 731 3007 stipendio
768 2938 1007 2993 militant
1041 2937 1185 3007 apud
1208 2936 1417 2992 Turcos
1454 2937 1684 3000 Akcnzi,
1711 2953 1803 2991 ru-

218 3034 421 3090 sticum
450 3046 622 3102 genus
646 3031 953 3095 hominum,
1010 3031 1150 3085 sicut
1196 3031 1338 3099 apud
1382 3028 1630 3099 ngaros
1674 3030 1802 3083 Hai-

1870 539 2229 607 geographica
2254 536 2538 604 Versageli
2575 534 2860 591 scribitur.
2932 529 3114 583 Coniae
3171 525 3450 595 princeps,

1869 630 1983 685 sive
2010 631 2180 697 begus
2210 628 2400 694 lconii,
2434 626 2772 681 Caramauia
2801 623 3051 693 princeps
3118 619 3341 678 dicitur,
3389 615 3454 667 ah

1872 727 1992 780 aula
2023 726 2138 779 sive
2169 724 2315 793 regia
2345 721 2645 777 lconiensi.
2680 720 2741 773 Et
2776 718 2918 775 bello
2982 712 3135 784 petiit
3166 711 3311 765 hunc
3343 707 3459 762 Mu-

1872 818 2146 873 chemetes
2204 827 2429 888 propter
2486 816 2806 871 societatem
2858 824 2981 865 cum
3045 806 3245 859 Musa:
3301 801 3459 869 cujus

1873 910 2164 980 adjuvandi
2188 924 2352 963 causa
2389 907 2617 962 Prusam
2636 905 2972 961 Caramanus
2987 895 3297 953 obsederat,
3331 891 3458 944 dum

1877 1000 2246 1055 Mucbemetes
2277 1000 2498 1065 absens,
2535 999 2587 1053 in
2620 998 2840 1064 Europa
2896 1008 3009 1047 rem
3027 998 3219 1045 contra
3281 984 3459 1053 ipsum

1879 1093 2094 1148 Musam
2128 1092 2361 1147 fratrem
2382 1100 2615 1157 gereret.

2288 1180 2381 1235 78.
2411 1179 2680 1234 Samsom'a
2725 1175 2997 1246 oppidum.

1950 1271 2123 1342 Hujus
2135 1270 2371 1326 civitatis
2390 1270 2658 1325 Cedrinus
2676 1277 2728 1323 et
2746 1270 2833 1321 alii
2859 1263 3178 1325 meminere,
3204 1271 3464 1327 tanquam

1879 1365 1936 1419 in
1964 1364 2140 1419 Ponto
2173 1362 2452 1433 provincia
2485 1362 2626 1417 sitze.
2660 1360 2870 1413 Praetor
2893 1357 3123 1414 Graeciae
3151 1363 3337 1408 noster
3365 1351 3460 1411 ait.

1882 1457 1937 1510 in
1960 1457 2051 1511 illa
2075 1456 2227 1526 regni
2259 1456 2339 1509 vel
2376 1453 2590 1524 imperii
2644 1452 2818 1507 Graeci
2885 1448 3231 1511 confusione,
3259 1460 3379 1513 quae
3440 1459 3468 1493 a

1883 1548 2300 1619 Flaudriscapta
2321 1544 2795 1613 Constantinopoli
2813 1543 3043 1606 exstitit,
3064 1539 3264 1595 Sabam
3288 1552 3470 1606 quem-

1885 1640 2009 1695 dam
2039 1655 2138 1711 pro
2169 1654 2227 1695 se
2252 1641 2393 1694 hanc
2421 1639 2610 1693 urbem
2686 1634 2974 1690 Samsonis
3022 1644 3321 1700 occupasse
3344 1643 3467 1681 cum

1888 1740 2000 1787 tota
2027 1732 2246 1799 vicinia,
2283 1733 2370 1787 cui
2417 1731 2569 1801 prius
2618 1726 2963 1795 imperatoris
3008 1724 3183 1779 (ἓνωοὶ
3250 1721 3473 1775 nomine

1893 1834 2125 1896 praeerat
2143 1865 2157 1889 ,
2180 1826 2476 1893 statimque
2507 1822 2728 1892 subjicit
2763 1820 3097 1874 mentionem
3119 1816 3474 1885 Cappadociae

1892 1918 2006 1973 sive
2037 1918 2191 1987 regni
2217 1915 2595 1987 Trapezuntii,
2624 1913 2925 1969 velutlmic
2974 1911 3165 1977 vicini,
3224 1908 3368 1980 quod
3422 1909 3475 1963 in

1892 2020 2160 2082 potestate
2192 2009 2409 2066 Davidis
2449 2008 2713 2065 Comneni
2739 2016 2867 2063 tunc
2898 2005 3083 2061 fuerit.

1966 2131 2054 2186 79.
2092 2130 2377 2195 Bouiania,
2435 2127 2682 2252 ϐαηᾶεω,
2718 2126 2958 2210 Conoztu
2982 2165 2997 2190 ,
3054 2124 3408 2187 Tatarbasar,

2591 2210 2819 2252 ataraor.

2591 2210 2819 2266 atargor.

1963 2293 2288 2351 CumTatari
2322 2295 2582 2349 dicuntur
2622 2292 2673 2345 in
2705 2289 3030 2345 Romaniam
3067 2304 3132 2342 ex
3157 2286 3317 2359 43],
3354 2287 3480 2339 Asia

1898 2388 2131 2458 migrare
2156 2386 2318 2456 iussi,
2348 2385 2630 2441 Romaniae
2652 2383 2875 2438 nomine
2905 2381 3197 2436 Thraciam
3222 2379 3481 2447 accipito.

1900 2480 2064 2550 cujus
2094 2480 2200 2534 hoc
2236 2478 2532 2533 Annalium
2562 2478 2685 2532 loco
2736 2490 3052 2544 expressum
3112 2483 3354 2528 castrum
3378 2472 3485 2525 Cu-

1900 2587 2062 2636 nuza,
2095 2587 2203 2626 non
2233 2570 2419 2641 procul
2445 2569 2599 2637 abest
2624 2568 2693 2623 ab
2722 2568 2857 2623 urbe
2883 2564 3267 2635 Philippopoli,
3298 2574 3350 2616 et
3376 2562 3484 2618 Co—

1903 2679 2068 2719 nozos
2102 2662 2306 2718 Graecis
2359 2661 2698 2715 nominatur.
2746 2657 3037 2714 Castaldus
3089 2656 3142 2709 in
3206 2653 3485 2708 hodierna:

1902 2755 2125 2810 Graecia:
2156 2754 2339 2808 tabula
2372 2752 2734 2823 geographica
2753 2760 2912 2805 vocat
2933 2749 3273 2819 Cognuzam.
3297 2747 3484 2801 Italica

1902 2847 2201 2915 Graecaque
2240 2845 2710 2913 pronuntiatione.
2736 2841 2847 2899 Nos
2875 2842 2926 2897 in
2952 2843 3147 2896 itinere
3172 2850 3363 2895 nostro
3390 2855 3487 2907 per

1905 2941 2020 2994 haec
2049 2939 2165 3007 ipsa
2199 2937 2316 2991 loca
2341 2936 2849 3006 proficiscebamur,
2880 2941 2935 2989 et
2965 2934 3016 2987 in
3058 2934 3325 3003 Oppidnlo
3348 2948 3486 2999 quo-

1906 3032 2027 3087 dam
2055 3038 2466 3100 pernoctantes,
2502 3028 2700 3082 ibidem
2730 3026 3275 3097 deprehendebamus
3306 3040 3371 3079 ex
3407 3026 3488 3092 ip-

219 3126 412 3181 duchi.
437 3123 709 3193 Quidquid
736 3122 993 3193 consequi
1028 3123 1223 3193 prauis:
1251 3135 1507 3192 possunt,
1540 3123 1643 3175 sibi
1672 3123 1797 3177 reti-
1829 3127 1872 3184 (1
1906 3139 1967 3177 so
1990 3123 2209 3176 neruine
2234 3121 2360 3185 loci,
2386 3120 2556 3175 fuisse
2592 3120 2870 3189 regionem
2896 3118 3035 3171 hanc
3073 3117 3204 3171 olim
3239 3115 3476 3178 'l‘ataris,

219 3228 358 3273 nent
392 3235 405 3272 ;
438 3231 544 3270 non
576 3226 747 3270 totum
782 3226 990 3270 tamen.
1016 3214 1230 3283 Quippe
1260 3231 1366 3269 non
1402 3215 1635 3268 aliarum
1660 3215 1800 3269 dun-

220 3318 380 3366 taxat
419 3322 599 3362 rerum
633 3322 1040 3376 suarum,quas
1067 3306 1369 3375 possident,
1411 3322 1598 3361 verum
1637 3307 1799 3361 ctiam

220 3402 410 3457 omnis
442 3411 555 3456 tum
596 3401 813 3470 prmdae,
851 3410 963 3453 tum
1009 3400 1170 3463 lucri,
1203 3399 1350 3469 quod
1392 3402 1443 3454 in
1473 3400 1631 3454 bellis
1676 3414 1803 3468 per-

222 3492 738 3563 cipiunt,decumas
761 3492 975 3546 sultano
1004 3505 1103 3544 suo
1123 3489 1333 3543 solvere
1363 3498 1650 3557 c0guntur.
1688 3488 1805 3543 Itali

222 3600 403 3655 genus
431 3585 533 3638 hoc
565 3582 796 3637 militum
822 3598 921 3640 sua
942 3582 1127 3651 lingua
1156 3580 1485 3636 Vcntureros
1509 3583 1803 3651 appellant,

224 3678 432 3748 priscis
462 3676 697 3731 Volones
718 3676 847 3730 dicti
879 3674 1049 3731 fuisse
1078 3674 1332 3731 videntur
1374 3693 1386 3728 :
1440 3676 1585 3729 unde
1642 3674 1809 3730 Gallio

224 3771 467 3829 inachus
498 3768 801 3838 Experiens
833 3783 938 3822 non
975 3768 1311 3838 ineleganter
1368 3776 1591 3824 nostros
1643 3784 1810 3827 cruce

224 3865 500 3937 signatos.
540 3860 777 3917 Volones
827 3860 1151 3915 nominavit.

695 3950 781 4005 76.
822 3949 1155 4022 Micltalogli,
1185 3949 1366 4008 Tocat.

301 4048 490 4104 Prima
522 4044 761 4101 nominis
792 4042 1235 4111 Michal'tnorum,
1286 4044 1402 4101 sive
1444 4043 1816 4114 Michaloglio.

224 4156 380 4201 rum.
418 4138 534 4194 sive
570 4136 921 4192 Michalidum
955 4136 1179 4199 mentio,
1204 4135 1257 4191 in
1306 4136 1394 4193 his
1450 4138 1667 4208 quidem
1700 4139 1815 4193 An-

226 4229 453 4284 nalibus
487 4213 589 4281 hoc
607 4226 728 4280 loco
758 4226 1052 4294 reperitur.
1083 4225 1158 4280 De
1215 4226 1301 4282 hia
1348 4227 1559 4283 dictum
1589 4244 1618 4283 a
1659 4229 1820 4286 nobis

224 4331 395 4375 antea
457 4333 686 4373 numero
724 4326 976 4371 notarum
1017 4316 1107 4371 27.
1148 4316 1288 4373 Urbs
1342 4318 1533 4384 Tocat,
1592 4336 1702 4390 quo
1736 4337 1819 4375 re-

224 4417 458 4485 legatus,
506 4412 672 4467 fuisse
730 4411 929 4465 dicitur
984 4410 1344 4466 Mechentetes
1409 4411 1813 4481 Michaloglitts.

1905 3215 2011 3269 huc
2047 3214 2192 3271 velut
2221 3214 2271 3266 in
2312 3213 2583 3267 coloniam
2619 3211 2893 3273 deductis.
2942 3211 3010 3265 ad
3059 3209 3486 3265 inhabitandum

1904 3321 2248 3363 concessam.
2283 3303 2416 3358 Nam
2459 3303 2702 3373 oppiduli
2761 3317 2959 3356 nomen
3020 3300 3210 3355 incoho
3233 3300 3490 3353 dicebant

1906 3416 2026 3455 esse
2054 3400 2406 3464 'l‘atarbasar,
2460 3411 2703 3464 quaem!
2770 3395 3077 3464 ciiiporium
3126 3394 3242 3448 sive
3308 3391 3485 3445 forum

1909 3492 2231 3547 Tatarorum
2274 3491 2561 3560 significat.
2592 3488 2699 3544 Nec
2737 3488 2976 3558 longius,
3036 3501 3199 3556 quam
3254 3501 3346 3540 sex
3400 3494 3494 3538 aut

1909 3593 2112 3653 septem
2150 3586 2403 3639 horarum
2429 3584 2644 3645 itinere,
2673 3582 2839 3637 distat
2861 3578 3291 3650 aPhilippopoli.
3326 3577 3493 3632 Poni-

1914 3688 2001 3733 tur
2022 3677 2221 3732 ibidem
2255 3692 2284 3730 a
2310 3675 2566 3731 Castaldo
2591 3675 2834 3745 Tartagi,
2864 3689 3091 3744 prorsus
3119 3674 3209 3728 nbi
3231 3671 3494 3727 Tatarba-

1913 3783 2003 3823 sar
2029 3767 2331 3823 viatoribus
2361 3767 2428 3822 ab
2484 3766 2821 3837 Hmtnijugis
2872 3766 3159 3826 altissimis
3219 3765 3273 3819 in
3334 3767 3491 3833 plana

1914 3858 2159 3915 Thracia:
2178 3859 2634 3917 descendentibus
2655 3860 2918 3921 occurrit,
2948 3860 2999 3913 in
3026 3872 3248 3929 mquore
3281 3860 3493 3921 spatio-

1914 3952 2134 4009 sissimo
2188 3952 2456 4023 longeque
2516 3952 2895 4022 pulcherrimo.
2932 3952 3035 4011 sita
3073 3969 3086 4006 :
3121 3952 3266 4023 quod
3295 3967 3493 4006 nomen

1918 4059 1945 4097 a
1974 4044 2387 4101 Tatarisitidem
2424 4045 2640 4102 videtur
2664 4044 2992 4101 derivatum.
3030 4043 3264 4102 fortasse
3290 4043 3486 4100 Tatar-

1918 4137 2395 4206 goiscribendum,
2452 4139 2596 4207 quod
2658 4137 2984 4197 Tatarorum
3052 4146 3134 4193 est
3195 4151 3388 4207 pagus,
3446 4148 3497 4194 et

1920 4228 2062 4283 idem
2084 4228 2291 4283 scilicet
2322 4244 2445 4282 cum
2475 4226 2827 4284 Tatarhasar.

2388 4322 2482 4375 80.
2518 4320 2787 4388 Manissa,
2823 4321 3034 4379 Torlac.

1999 4414 2161 4469 Turci
2226 4415 2519 4469 Manissam
2579 4424 2775 4467 vorant
2806 4416 2994 4468 urbem
3035 4418 3498 4484 Asiaticam,quae

219 4506 583 4563 existimatur
614 4519 643 4558 a
668 4505 964 4573 plerisque,
989 4520 1124 4574 quos
1160 4506 1302 4559 inter
1324 4518 1376 4560 et
1417 4506 1620 4561 Marius
1648 4508 1813 4577 Niger
1847 4493 1889 4548 ο
1917 4505 2124 4561 ϐνωείε
2146 4516 2227 4560 est
2263 4506 2546 4575 Maguisia,
2611 4504 2820 4559 Latinis
2880 4505 3180 4576 Magnesia.
3239 4508 3502 4564 Sansovi-

219 4614 338 4665 est,
382 4598 715 4668 respondere
745 4598 912 4651 veteri
946 4595 1323 4663 Neocaesariae,
1392 4615 1555 4667 quam
1593 4603 1644 4653 in
1673 4600 1814 4670 Cap-

222 4692 465 4766 padocia
500 4689 792 4753 collocant,
820 4689 992 4758 ipsam
1030 4704 1252 4758 quoque
1314 4691 1816 4761 provinriamCap-

224 4781 483 4851 padocia:
505 4778 801 4833 Toccatum
829 4779 1138 4849 appellante
1170 4780 1365 4836 Pineto
1404 4800 1416 4834 :
1449 4797 1570 4835 cum
1616 4781 1816 4837 Leonis

220 4870 469 4942 Augusti
522 4868 747 4925 Novella
799 4870 867 4924 de
923 4870 1160 4932 thronis,
1230 4864 1627 4934 Neocaesariam
1688 4872 1818 4927 facit

224 4964 584 5034 metropolim
629 4962 784 5017 Ponti
818 4961 1212 5018 Polemoniaci.
1250 4961 1513 5017 Tocatam
1544 4964 1683 5019 hanc
1715 4980 1818 5018 no-

220 5068 412 5113 stram
440 5053 715 5109 Laonicus
768 5051 1065 5121 Tochatam
1143 5054 1383 5123 scripsit,
1440 5072 1540 5110 nec
1596 5057 1821 5120 desunt,

210 5148 333 5219 qui
361 5146 551 5200 malint
577 5160 695 5201 eam
726 5144 929 5201 referre
950 5148 1015 5201 ad
1035 5144 1370 5201 Armeniam.
1401 5148 1644 5202 Bellonio
1674 5159 1822 5204 certe

1924 4616 2029 4667 nus
2057 4609 2109 4653 et
2132 4600 2222 4653 alii
2253 4615 2359 4655 non
2386 4608 2532 4653 recte
2568 4600 2926 4669 Mangresiam
2981 4610 3173 4668 putant
3202 4601 3365 4656 hodie
3396 4617 3499 4655 no-

1926 4692 2148 4747 minari.
2182 4690 2319 4745 Sunt
2343 4704 2526 4747 autem
2554 4692 2607 4745 in
2643 4693 2767 4746 Asia
2820 4693 3014 4747 minori
3068 4694 3314 4748 civitates
3342 4696 3501 4765 hujus

1928 4786 2170 4840 nominis
2223 4785 2382 4850 duae,
2449 4800 2682 4853 quarum
2746 4801 2853 4839 una
2906 4784 3107 4839 dicitur
3176 4786 3240 4840 ad
3284 4802 3500 4842 amnem

1926 4875 2255 4930 Maeandrum
2278 4877 2381 4930 sita
2410 4875 2709 4945 Magnesia;
2744 4879 2881 4931 hanc
2908 4878 3193 4947 Ephesium
3219 4882 3501 4949 metropoli

1925 4967 2146 5024 Novella
2208 4968 2406 5023 Leonis
2480 4968 2709 5037 Augusti
2781 4971 3047 5039 subjicit;
3139 4973 3364 5026 alteram
3439 4976 3504 5026 ad

1927 5065 2311 5133 Smyruensem
2348 5067 2689 5134 metropolim
2728 5066 2911 5129 refert,
2936 5067 3315 5122 aJIHBlliSSimO
3344 5069 3500 5123 sitam

1927 5172 2119 5211 versus
2148 5156 2392 5227 Egzeum
2430 5174 2579 5213 mare
2612 5160 2751 5213 loco.
2816 5163 3078 5227 buperest
3140 5162 3301 5213 etiam
3365 5177 3506 5213 nunc

204 5240 405 5298 Nisar
438 5249 519 5293 est
543 5237 1141 5302 Neocaesariamomine
1157 5240 1473 5304 recentiori,
1491 5241 1634 5309 quod
1661 5245 1823 5310 paulo

202 5335 469 5409 propius
510 5332 576 5387 ad
617 5332 854 5401 priscum
898 5330 1031 5385 illud
1060 5331 1273 5392 videtur
1294 5334 1577 5389 accedere.
1608 5334 1824 5391 Pedites

200 5443 479 5497 quorum
501 5426 609 5481 dux
644 5426 698 5480 in
731 5424 1047 5479 Valachiam
1080 5426 1388 5494 profugisse
1410 5428 1629 5493 dicitur,
1664 5431 1826 5497 paulo

200 5528 375 5577 ante
411 5517 542 5571 dicti
581 5516 733 5571 fuere
765 5516 1133 5587 stipendiarii,
1168 5516 1361 5574 Turcis
1394 5519 1581 5589 Azepi,
1611 5523 1675 5577 de
1707 5522 1825 5590 qui-

196 5621 347 5676 bus
380 5626 610 5667 numero
640 5611 730 5665 72.

458 5704 545 5758 77.
588 5702 788 5758 Varsac
818 5705 927 5759 sive
963 5705 1153 5760 Veram:
1184 5726 1199 5773 ;
1230 5708 1410 5763 Canio:
1440 5710 1611 5780 begus.

315 5794 592 5868 Oppidum
619 5796 956 5854 Caramanize
995 5800 1108 5859 sivc
1147 5802 1366 5871 Cilicitc,
1394 5804 1533 5874 quod
1593 5804 1830 5864 Annales

1928 5260 2177 5319 utraque,
2219 5253 2311 5305 sed
2345 5252 2695 5319 posteriorem
2728 5253 2873 5305 illam
2912 5262 3061 5321 puta,
3096 5268 3258 5319 quam
3307 5256 3505 5307 suttani

1932 5340 2147 5395 Τωεὶεί
2186 5343 2309 5396 filiis
2343 5344 2455 5397 suis
2488 5343 2894 5396 inhabitandam
2922 5344 3202 5408 assignare
3224 5344 3401 5397 solent
3427 5346 3511 5398 in-

1936 5444 2172 5488 veterata
2206 5436 2597 5489 consuetudine
2624 5453 2636 5487 :
2661 5436 2804 5489 sicut
2828 5436 3028 5489 ibidem
3054 5438 3295 5491 diximus
3321 5452 3511 5505 supra,

1934 5525 2084 5593 jnssu
2115 5538 2340 5595 paterno
2399 5527 2511 5596 jam
2558 5526 2978 5592 Muchemctem,
3030 5530 3249 5582 unicum
3306 5529 3508 5582 sultani

1935 5620 2162 5675 Muratis
2188 5620 2253 5673 ΙΙΙ
2307 5622 2499 5684 ﬁlium,
2536 5622 2754 5692 degere.
2781 5621 2978 5676 Torlac
3003 5637 3196 5675 nomen
3232 5633 3314 5676 est
3370 5624 3512 5690 apud

1940 5713 2144 5767 Turcos
2177 5714 2310 5768 certi
2335 5714 2550 5783 generis
2580 5714 2981 5784 religiosorum,
3007 5713 3220 5767 diversa
3266 5714 3512 5782 quaedam

1935 5821 1963 5861 a
1994 5806 2353 5863 Calcndcrum
2383 5818 2434 5865 ct
2464 5808 2831 5866 Dcrvisiorum
2889 5806 3236 5879 professione
3275 5823 3513 5877 sequen-
