4198 6426
756 315 851 379 791

1980 322 2309 383 JUANNIS
2348 327 2833 390 ιευκςιΑνιι

3914 336 4013 399 799

757 432 828 484 lis
862 431 1106 486 instituta
1146 452 1159 486 :
1192 432 1256 486 de
1280 434 1482 503 quibus
1524 435 1778 489 omnibus
1819 451 1918 489 suo
1950 438 2237 491 dicendum
2265 438 2340 491 lo-
2369 444 2412 501 Α
2446 442 2646 495 nztliuni
2687 446 2886 509 verbis,
2925 464 2952 499 e
2983 446 3165 515 lingua
3233 452 3561 505 Germanica
3615 448 3802 503 Latine
3847 450 4013 503 reddi-

760 537 843 579 to.
877 519 1052 576 Etbiz:
1099 522 1187 577 ille
1239 524 1496 579 Tot'luct's
1539 528 1859 581 monaclius‘
1887 530 2001 582 sive
2048 531 2336 598 religiosus

756 626 859 677 οδε,
898 617 1056 685 cujus
1082 617 1256 670 obiter
1291 621 1623 673 ntrutiOumu
1680 637 1843 692 Supra
1894 621 2335 676 feriniusuume-

759 725 819 763 ro
855 722 1105 763 notarum
1147 710 1235 766 64.
1271 712 1343 764 De
1386 713 1564 765 SI‘I'IlS
1620 724 1775 767 antra
1828 716 2033 775 dictum
2107 732 2335 779 numero

760 801 1180 856 £5.Salouicatn
1222 805 1381 874 uligo
1430 808 1614 859 notum
1669 807 1864 875 priscis
1914 807 2114 862 dictant
2165 808 2335 864 fuisse

757 893 1228 950 Thessalonicam.

756 1008 843 1065 8|.
886 1008 1155 1073 Scheiclte,
1193 1012 1380 1076 Sophi,
1410 1016 1581 1079 prium
1612 1013 2066 1083 lSopltilart'orum
2118 1016 2331 1072 seditio.

840 1100 975 1152 Sunt
1011 1103 1124 1155 haec
1159 1120 1378 1173 quoque
1415 1106 1634 1159 nomina
1671 1108 1786 1162 sive
1820 1109 2195 1171 sacerdotum,
2220 1110 2335 1163 sive

758 1192 1056 1251 peritorum
1091 1194 1486 1252 Mabametante
1517 1198 1671 1265 legis.
1708 1209 1763 1252 et
1786 1201 2031 1269 ejusdem
2061 1201 2335 1269 interpre-

758 1296 894 1338 tum.
921 1287 1218 1344 Sebeicbes
1247 1292 1391 1359 apud
1424 1289 1637 1346 Turcos
1698 1309 1834 1361 pene
1880 1309 1977 1362 pro
2036 1293 2167 1347 viris
2212 1310 2339 1347 sau-

755 1379 860 1433 clis
894 1379 1186 1446 habentur,
1214 1384 1377 1436 veluti
1416 1387 1509 1453 qui
1540 1386 1846 1439 animarum
1874 1401 2061 1440 curam
2119 1396 2331 1454 gerant.

760 1473 835 1526 lix
877 1472 1069 1526 borum
1105 1491 1335 1529 numero
1358 1477 1645 1545 quemdam
1675 1477 1777 1531 sibi
1810 1477 1999 1543 deligit
2020 1479 2186 1533 etiam
2221 1479 2335 1546 ipse

759 1564 1064 1619 'l‘urcormn
1106 1567 1379 1633 sultanus,
1449 1584 1611 1637 quem
1672 1569 1723 1623 in
1783 1571 2065 1632 omnibus,
2117 1585 2239 1639 quae
2263 1568 2331 1623 ad

757 1659 984 1711 salutem
1018 1659 1214 1714 animm
1237 1677 1349 1715 sua:
1394 1664 1665 1730 pertinere
1685 1673 1859 1731 putat,
1899 1663 2154 1717 consulit.
2209 1664 2332 1718 Ca:-

758 1761 932 1804 terum
953 1753 1055 1807 boc
1078 1755 1196 1808 loco
1219 1757 1388 1821 prima
1415 1757 1651 1810 notanda
1680 1756 2113 1822 Stqibilarioruut
2148 1758 2201 1810 in
2220 1759 2333 1810 Au-

757 1844 972 1899 nalibus
1002 1846 1146 1900 bisee
1179 1847 1406 1908 mentio,
1436 1848 1503 1901 de
1524 1848 1729 1915 quibus
1791 1848 1928 1900 infra
1978 1863 2077 1902 suo
2133 1847 2333 1902 dicturi

754 1938 877 1991 loco
907 1938 1338 1993 sumus.Eorum
1369 1956 1567 1993 nomen
1600 1957 1706 1994 non
1768 1957 1797 1995 a
1854 1939 2045 1995 Graeco
2100 1941 2333 2005 SOpllOS,

752 2028 897 2093 quod
927 2029 1228 2099 sapientem
1256 2029 1553 2102 signiﬁcat,
1588 2030 1682 2083 sed
1744 2047 1772 2085 a
1799 2032 1988 2100 Sopbi,
2040 2048 2170 2085 voce
2198 2034 2336 2091 Ara—

757 2120 1340 2189 iiii-aderivatum,qua
1402 2122 1695 2176 denotatur
1744 2122 1888 2181 lana.
1919 2121 2053 2175 Nam
2091 2123 2142 2175 bi
2168 2121 2333 2187 Soplti

755 2214 1077 2278 profitentur
1142 2216 1463 2286 religionem
1493 2216 1706 2271 ceteris
1760 2214 2163 2270 Haliumetanis
2238 2234 2335 2268 no-

756 2323 903 2373 vani,
936 2323 1059 2377 qua:
1091 2310 1342 2380 praecipit
1370 2310 1511 2363 inter
1540 2310 1668 2375 alia,
1709 2326 1776 2364 ne
1818 2319 1983 2379 caput
2013 2310 2155 2365 fastu
2200 2325 2334 2379 quo-

754 2406 877 2453 dam
907 2401 1064 2455 lineis
1098 2403 1261 2471 spiris
1305 2402 1632 2468 iuvolvatur,
1687 2405 1834 2473 quod
1883 2404 2052 2457 Turci
2085 2404 2335 2459 factitare

753 2493 951 2559 solent,
972 2495 1065 2549 sed
1088 2496 1163 2547 uti
1187 2497 1424 2565 capitum
1446 2505 1753 2567 tegumenta
1772 2495 2038 2552 duntaxat
2056 2496 2333 2550 humilita-

757 2588 825 2641 tis
854 2588 1242 2657 modestiaeque
1300 2589 1642 2644 declaranda:
1679 2603 1844 2644 causa
1873 2590 1941 2643 de
1968 2590 2088 2642 lana
2106 2588 2331 2643 contici-

753 2690 935 2734 antur.
975 2679 1132 2734 Plura
1180 2680 1246 2735 de
1304 2681 1413 2746 bis,
1466 2680 1558 2735 ubi
1584 2680 1844 2750 deinceps
1867 2684 1933 2734 ad
1963 2680 2330 2749 Sopbinornnt

756 2772 1084 2827 mentionem
1143 2781 1459 2841 perventum
1537 2773 1723 2836 fuerit,
1788 2774 2088 2842 exposituri
2154 2772 2332 2840 (κρίκε

760 2864 856 2917 288
889 2881 1108 2920 sumus.

894 2960 983 3013 8‘2.
1012 2960 1152 3014 Auni
1180 2962 1534 3027 Muclteutetis,
1572 2961 1748 3032 Ismyr
1788 2965 1841 3016 iu
1876 2962 2150 3017 Anatolio.

824 3051 1153 3121 Rcdegiuius
1189 3070 1375 3122 supra,
1409 3071 1637 3110 numero
1671 3066 1927 3109 notarunt
1962 3055 2052 3116 47,
2079 3058 2321 3109 sultano-

2366 1805 2413 1867 B

2444 534 2532 593 tis,
2557 549 2913 603 cxiionentus.
2969 539 3637 608 Attno,_inquiuut,13£3
3705 540 4013 607 Rodulpbus

2445 625 2695 679 Summe
2727 630 2832 680 dux
2872 644 3059 684 secum
3090 634 3203 698 ipse
3227 633 3582 702 dispiciebat,
3603 650 3709 702 qua
3736 634 3817 685 via
3845 635 4014 686 Ludo-

2444 716 2621 771 \icutn
2664 714 2951 784 Baiarum,
2989 720 3251 775 Ludovici
3303 726 3533 793 Augusti
3589 725 3781 781 Batari
3830 727 4012 788 lilium,

2444 810 2750 876 prim'ipaltt
2801 811 3270 884 Brandeburgensi
3332 817 3495 889 432
3550 821 3749 886 pellere
3797 830 4009 889 posset.

2439 902 2583 967 quod
2619 902 2837 970 quidem
2874 922 3063 972 parum
3107 909 3307 975 abfuit,
3337 914 3470 977 quin
3498 913 3802 980 perliceret.
3838 914 4012 966 Divul-

2439 994 2601 1063 gabat
2624 996 2791 1057 enim.
2827 1001 3210 1055 inarcltiouem
3252 1003 3644 1058 Voldt-marum
3679 1006 4015 1059 ltrandebui-

2440 1103 2683 1158 gensem,
2713 1092 2807 1160 qui
2842 1103 2968 1146 ante
2994 1095 3214 1164 triginta
3277 1110 3328 1152 et
3358 1116 3526 1153 unum
3554 1116 3733 1154 annos
3762 1101 4013 1159 amissus,

2438 1183 2905 1249 peregrinationes
2937 1190 3117 1244 varias
3153 1191 3347 1259 privati
3409 1195 3651 1248 bnutiuis
3689 1194 3872 1247 habitu
3906 1210 4016 1246 sus-

2439 1284 2621 1342 ceptas
2654 1276 2936 1341 obivisset,
2981 1297 3127 1335 nunc
3166 1285 3381 1338 tandem
3435 1288 3717 1341 inventum
3740 1305 3880 1342 esse.
3912 1288 4015 1343 lloc

2441 1377 2601 1423 modo
2666 1375 3065 1440 productnmin
3096 1391 3316 1431 scenam
3376 1381 3683 1436 molitorem
3709 1382 4015 1451 quemdam,

2439 1481 2626 1521 vermn
2651 1468 2929 1521 asserebat
2980 1484 3102 1523 esse
3168 1466 3581 1536 Voldemarum,
3648 1476 4011 1529 marcbionem

2439 1558 2966 1631 Brandeburgicum.
2994 1563 3087 1617 Ille
3121 1581 3250 1617 vero
3282 1567 3507 1620 molitor
3560 1568 3612 1620 in
3666 1566 3905 1622 Sarouia
3934 1585 4011 1621 se-

2437 1661 2587 1707 creto
2616 1653 2863 1721 pluribus
2892 1657 3052 1711 annis
3081 1658 3321 1722 babittts,
3357 1674 3422 1713 ea
3460 1660 3613 1729 signa
3664 1664 4017 1731 corporisque.

2438 1754 2616 1808 notas,
2651 1747 3077 1817 quibuscunque
3114 1751 3228 1803 lieri
3277 1762 3532 1820 potuerat
3561 1754 3775 1807 artibus
3807 1765 3861 1807 et
3881 1767 4016 1817 asta,

2441 1850 2763 1909 acceperat,
2806 1850 2866 1897 ut
2930 1844 3273 1901 confidenter
3333 1846 3705 1913 profiteretur,
3753 1850 3923 1908 certis
3968 1867 4018 1903 si:

2440 1933 2793 2003 probaturum
2822 1934 3193 2000 documentis,
3224 1954 3350 1992 vere
3395 1954 3455 1994 se
3488 1941 3867 1994 marcliionem
3910 1941 4014 1995 Vol-

2439 2024 2720 2079 deniarum
2747 2040 2890 2081 esse.
2916 2026 3038 2085 Mox
3063 2043 3194 2096 ergo
3228 2032 3428 2098 reperti
3488 2032 3669 2086 denuo
3739 2031 4017 2085 Voldt-ma-

2439 2118 2482 2171 ri
2513 2118 2863 2181 marrbionis,
2894 2128 2975 2173 tot
3013 2120 3083 2175 ab
3103 2122 3265 2176 annis
3311 2123 3528 2181 amissi.
3556 2125 3700 2176 fama
3727 2140 3826 2193 per
3842 2141 4020 2179 omnes

2441 2212 2689 2280 regiones
2714 2212 2884 2267 didita
2915 2213 3041 2279 fuit;
3061 2231 3237 2286 eoque
3259 2232 3480 2273 rumore
3519 2219 3791 2287 permotis
3828 2220 4017 2274 utullu-

2441 2320 2560 2359 rum
2595 2307 2818 2372 animis,
2855 2309 3137 2378 complura
3165 2310 3413 2373 castella,
3450 2325 3575 2365 cum
3623 2311 3944 2366 civitatibus
3972 2324 4019 2367 et

2437 2399 2676 2469 oppidis.
2712 2401 2952 2456 molitori
2986 2402 3319 2458 deditionem
3342 2403 3643 2459 faciebant.
3680 2404 3737 2457 Si
3770 2404 3869 2472 qui
3896 2421 4019 2457 vero

2435 2493 2636 2548 dedere
2654 2507 2713 2547 se
2740 2494 2969 2557 nollent,
3003 2503 3112 2549 tam
3148 2496 3511 2552 auxiliaribus
3527 2497 3720 2551 Karnli
3754 2496 4021 2551 Bobemii:

2437 2585 2603 2655 regis,
2639 2595 2694 2640 et
2715 2587 3059 2656 imperatoris
3089 2591 3480 2658 septemvirum
3514 2592 3890 2661 quorumdam
3911 2592 4021 2644 suf-

2436 2676 2627 2747 ftagiis
2654 2680 2949 2750 electi.qui
2979 2682 3190 2735 Bavaro
3219 2683 3454 2739 infestus
3484 2694 3623 2747 erat,
3648 2699 3820 2753 quam
3849 2684 4023 2739 Saxo-

2439 2772 2523 2825 nis
2558 2770 2832 2841 liudolpbi
2863 2775 3062 2843 copiis,
3096 2776 3163 2827 ad
3182 2776 3568 2844 accipiendum
3608 2776 3891 2831 molitoris
3925 2775 4022 2826 im-

2438 2864 2671 2932 perium,
2742 2868 3155 2936 adigebantur:
3222 2870 3360 2924 adeo
3417 2870 3664 2939 quidem,
3728 2871 3915 2925 minor
3970 2883 4025 2924 nt

2434 2955 2858 3027 Brandeburgici
2897 2963 3237 3032 principatus
3295 2978 3425 3033 pars
3478 2964 3533 3017 in
3594 2973 3873 3033 potestate
3920 2963 4022 3016 Ba-

2437 3055 2548 3112 vari
2576 3066 2843 3107 maneret.
2879 3054 3122 3108 Tandem
3154 3057 3515 3120 intellectum,
3550 3057 3859 3111 molitorem
3900 3072 4024 3111 esse

754 3159 872 3199 rum
907 3159 1099 3210 annos,
1133 3145 1331 3214 quibus
1360 3156 1678 3215 regnarunt,
1704 3148 1768 3200 ad
1800 3156 1985 3201 certos
2044 3161 2323 3201 numeros.
2355 3152 2400 3213 ς
2431 3147 2524 3213 qui
2582 3160 2641 3199 se
2703 3161 2802 3214 pro
2857 3148 3176 3203 marebione
3236 3147 3567 3204 Voldemaro
3622 3160 3865 3218 gereret.
3904 3150 4023 3215 Qua

752 3237 824 3289 lbi
850 3238 1111 3290 traditum
1142 3240 1282 3292 inter
1322 3239 1448 3300 alia.
1522 3240 1913 3295 Mucbetnetem
1938 3241 2171 3308 primunt
2203 3252 2327 3294 octo

749 3331 1013 3385 «lnntaxat
1076 3334 1236 3386 annis
1286 3334 1605 3402 imperasse.
1657 3333 1809 3388 Licet
1870 3336 1970 3401 hoc
2066 3335 2329 3401 colligere

751 3426 818 3479 de
858 3423 1108 3481 Turcieis
1137 3426 1464 3492 Annalibus,
1497 3427 1590 3494 qui
1624 3427 1952 3496 principium
2014 3427 2164 3496 regni
2215 3426 2327 3481 Mu-

750 3520 1017 3573 cbcmetis
1058 3520 1123 3574 ad
1150 3535 1353 3575 annum
1397 3522 1847 3576 Mabumetanum
1911 3520 2017 3576 8l6
2058 3520 2327 3585 referunt,

752 3629 895 3668 anno
961 3612 1275 3668 (Lbristiano
1323 3613 1464 3668 illi
1516 3614 1988 3683 respondentem:
2051 3622 2327 3668 mortmnu

750 3720 881 3758 vero
913 3714 1103 3759 notant
1132 3707 1383 3759 eutmletn
1442 3705 1835 3760 Mucbemetem
1889 3720 2034 3759 anno
2074 3719 2175 3760 suo
2200 3705 2325 3767 82'»,

748 3802 840 3867 qui
877 3812 1061 3856 noster
1089 3811 1179 3855 est
1216 3801 1373 3855 “22.
1414 3800 1555 3870 Ergo
1584 3802 1849 3855 duntaxat
1883 3801 2042 3855 anuis
2095 3810 2220 3854 octo
2248 3816 2332 3854 re-

752 3898 855 3954 bus
886 3895 1120 3965 pra-fuit.
1159 3894 1852 3965 llocideosignilicaudum
1915 3893 2122 3963 putavi,
2182 3893 2326 3963 quod

751 3992 870 4043 loco
899 3988 1052 4059 prius
1086 3988 1329 4042 indicato
1360 3988 1672 4056 scripserim
1717 4002 1782 4042 ex
1844 3984 2176 4049 Sansovino,
2247 4001 2331 4039 re-

750 4098 945 4148 gnasse
977 4081 1371 4154 Mucbemetem
1402 4082 1563 4152 anuis
1598 4081 1683 4143 l7,
1739 4094 1838 4150 pro
1888 4080 2089 4147 quibus
2141 4080 2205 4133 1‘2
2227 4096 2327 4132 au—

751 4188 852 4226 nos
881 4174 1351 4244 Chalcocuutlylcs
1377 4173 1563 4242 posuit
1592 4189 1606 4224 :
1633 4187 1759 4227 cum
1783 4173 2095 4226 accuratior
2125 4171 2197 4225 sit
2216 4176 2327 4224 An-

753 4266 952 4319 naliuttt
996 4266 1357 4323 Turcicorum
1404 4266 1760 4335 computatio.
1815 4263 2021 4319 Civitas
2063 4264 2237 4335 lsmyr
2294 4280 2323 4318 a

751 4358 943 4413 Turcis
968 4360 1184 4420 dicitur.
1223 4374 1344 4426 qum
1390 4359 1596 4413 Grati-is
1654 4366 1740 4413 est
1804 4358 1857 4411 iit
1896 4357 2039 4412 Asiae
2102 4356 2329 4410 minoris

753 4452 898 4505 lonia
948 4451 1143 4506 nubilis
1172 4452 1259 4505 illa
1284 4453 1539 4521 Smyrna.

747 4570 835 4622 85.
873 4567 1183 4638 Muslaphas
1207 4569 1409 4621 alienus
1434 4569 1486 4619 in
1526 4568 1936 4621 Osntauidarum
1968 4566 2329 4638 seufumilirint

818 4635 1063 4705 iugerilf
1099 4638 1408 4706 Exemplum
1471 4639 1593 4691 huic
1660 4638 1831 4691 simile
1886 4639 1949 4690 dc
2015 4635 2328 4692 l'oldcmaro

822 4709 1273 4779 Brandeburgico.

823 4821 898 4876 Ne
956 4823 1153 4879 mirum
1190 4822 1463 4889 aliquibus
1507 4822 1775 4887 videatur,
1816 4821 2061 4891 potuisse
2091 4820 2329 4873 Dusmen

756 4914 1123 4983 alustapltam,
1176 4930 1273 4982 pro
1304 4914 1586 4983 illustaplta
1625 4912 1831 4976 chebi,
1876 4914 2083 4969 dudum
2128 4914 2333 4966 amisso

754 5004 1008 5073 Bajazitis
1061 5006 1203 5062 lilio.
1276 5021 1334 5057 se
1381 5013 1536 5057 tanto
1584 5004 1867 5058 venditare
1945 5002 2206 5063 artiliciu,
2271 5009 2331 5053 tit

2434 3240 2502 3293 de
2533 3253 2698 3293 causa
2738 3238 2919 3293 Daniae
2945 3256 3061 3302 rex,
3094 3250 3148 3294 et
3182 3240 3496 3297 Ludovicus
3542 3239 3856 3305 Romanus,
3888 3242 4028 3296 alter

2434 3335 2789 3401 imperatoris
2817 3332 3074 3389 Ludovici
3113 3335 3306 3390 Bavari
3343 3336 3510 3399 filius,
3550 3334 3816 3390 Ludovici
3850 3336 4029 3390 Bran-

2432 3424 2713 3494 debnrgici
2750 3425 2939 3490 frater,
2990 3428 3232 3498 itemque
3281 3428 3565 3484 Cracovize
3625 3445 3741 3492 rex,
3814 3438 3871 3483 et
3906 3428 4030 3483 Ste—

2433 3518 2728 3572 tineusium
2757 3520 2890 3581 dux,
2926 3535 2991 3573 at:
3023 3520 3208 3588 plures
3270 3519 3511 3577 Polonia:
3533 3519 3857 3588 Silesiazque
3890 3529 4027 3573 tunc

2434 3612 2501 3665 ad
2529 3610 2772 3667 Polonia:
2797 3613 2920 3681 jura
2941 3615 3243 3681 spectantis
3279 3630 3558 3684 proceres,
3577 3630 3703 3669 cum
3728 3614 3945 3669 flavam
3964 3632 4030 3670 se

2433 3705 2841 3773 conjungebant
2870 3724 2883 3757 :
2908 3719 3145 3774 quorum
3194 3706 3416 3760 auxiliis
3435 3706 3682 3776 adjutus,
3703 3708 3895 3761 varias
3934 3724 4028 3760 ιδυ-

2434 3815 2555 3853 rum
2574 3797 2920 3855 dilllcultates
2941 3810 3222 3867 utrunque
3242 3802 3559 3869 superabat.
3585 3799 4035 3855 Committcban-

2435 3901 2523 3944 tur
2539 3900 2591 3945 et
2613 3892 2824 3945 diversa
2849 3892 3060 3961 praelia,
3082 3908 3482 3961 nonnunquam
3527 3894 3881 3947 vincentibus
3906 3908 4033 3947 mo-

2432 3983 2603 4038 litoris
2623 3985 2766 4038 illius
2787 3986 2981 4053 copiis,
3012 3986 3103 4052 qui
3123 3987 3514 4049 ,inarcbionem
3536 4002 3595 4042 se
3628 3986 4029 4041 \‘oidemarum

2432 4077 2710 4131 asserebat
2740 4093 2755 4129 :
2807 4093 2872 4131 ac
2895 4077 3139 4132 vicissim
3162 4078 3355 4132 Bavari
3401 4079 3671 4133 militibus
3714 4080 4034 4149 aliquando

2432 4185 2528 4224 sua
2581 4184 2802 4237 quoque
2829 4179 3029 4238 trepata
3058 4171 3448 4226 statuentibus.
3470 4170 3586 4225 Una
3612 4180 3800 4225 tamen
3837 4174 3898 4225 ir.
3929 4189 4033 4240 pu-

2431 4277 2532 4333 gua
2557 4262 2791 4329 quadam
2814 4260 3135 4315 dimicatum
3160 4280 3188 4314 :t
3216 4263 3409 4316 Bavari
3437 4263 3680 4332 partibus
3703 4280 3842 4317 sane
3858 4283 4034 4331 quam

2432 4353 2743 4417 infeliciter,
2794 4352 3055 4408 Ludovici
3107 4355 3380 4419 Romani,
3432 4356 3524 4423 qui
3600 4355 3795 4408 Batari
3854 4360 4040 4413 l'ratsr

2434 4457 2572 4512 erat,
2616 4447 2879 4516 auspiciis
2910 4462 3103 4517 parum
3140 4448 3458 4516 ausiiicatis.
3485 4447 3617 4501 Nam
3649 4450 3693 4503 is
3721 4450 3814 4503 vix
3835 4454 4041 4503 salvus

2361 4525 2631 4599 Devasit.
2664 4550 2971 4607 captusque
3026 4555 3217 4608 magna
3267 4558 3389 4592 cum
3461 4540 3639 4595 ftclitii
3704 4539 4040 4596 andetna.i

2436 4631 2606 4700 gloria
2643 4632 2741 4684 fuit
2776 4648 2841 4684 ex
2872 4635 3121 4698 partibus
3158 4632 3370 4696 "amri,
3398 4633 3505 4686 dux
3542 4632 3880 4698 Rudolpbus
3931 4638 4036 4689 Pa-

2436 4722 2638 4774 latinus
2659 4723 2667 4788 ζ
2688 4722 2992 4776 llbenensis
3015 4740 3137 4776 cum
3173 4724 3242 4775 τε)
3269 4743 3279 4772 ι
3305 4724 3542 4778 ubilibus
3568 4728 3801 4795 ga'eatis
3840 4745 3855 4779 :
3894 4744 4045 4798 quos

2435 4816 2574 4868 inter
2595 4814 2665 4868 40
2688 4815 2875 4869 Poloni
2928 4817 3377 4878 numerabantur,
3433 4828 3486 4871 et
3543 4819 3597 4872 in
3655 4820 3740 4871 bis
3805 4821 3871 4873 Η
3920 4833 4041 4875 tum

2435 4908 2653 4971 fratres,
2686 4919 2798 4961 tum
2850 4911 3054 4979 agnati,
3083 4911 3172 4979 qui
3199 4912 3417 4963 easdem
3438 4914 3724 4980 gestabant
3739 4913 3967 4982 galeas,
3994 4926 4049 4968 et

2434 5012 2592 5073 gente
2615 5002 2834 5056 thlizia
2856 5004 2965 5055 nati
2991 5014 3173 5056 erant.
3193 5002 3267 5055 Ea
3293 5004 3476 5057 clades
3503 5014 3713 5057 tantum
3736 5005 3807 5058 de
3830 5006 3919 5059 Ba
3933 5012 4050 5059 vari

2434 5096 2697 5164 opinione
2732 5096 3023 5159 deminuit,
3060 5103 3119 5149 ut
3145 5095 3351 5164 aliquot
3375 5096 3443 5150 ab
3471 5112 3537 5151 eo
3557 5097 3809 5153 civitates
3827 5098 4049 5153 defice.-

749 5099 868 5167 vjns
947 5098 1315 5166 patrocinium
1384 5115 1492 5151 non
1549 5098 1775 5151 Grmcns
1848 5096 2117 5149 duitaxat
2161 5096 2330 5163 impc-

753 5201 919 5249 rator,
951 5193 1049 5245 sed
1077 5192 1241 5245 etiam
1271 5193 1450 5259 magni
1480 5191 1786 5244 'l'nrcorutn
1817 5191 2116 5258 principes,
2141 5189 2327 5257 Smyr-

748 5301 901 5339 tucus
961 5286 1048 5337 ille
1088 5286 1394 5341 Cbuseincs
1453 5286 1647 5350 beans,
1692 5284 2027 5347 AiiiiIICIIaiS,
2094 5285 2325 5337 Sarcina-

751 5376 983 5440 meusis,
1037 5376 1425 5437 Mentcsianus.
1479 5378 1885 5439 Cbemidcusis,
1940 5378 2323 5445 susciperent:

751 5470 879 5522 libet
949 5469 1036 5521 bit:
1083 5486 1146 5521 ex
1195 5470 1502 5527 Annalibus
1558 5470 1946 5539 manuscriptis
2008 5472 2316 5538 exemplum

749 5555 1019 5627 subjicere
1074 5557 1413 5613 simillimum
1490 5562 1554 5613 de
1609 5562 1881 5628 qundam,
1936 5562 2026 5631 qtti
2082 5561 2151 5615 60
2202 5564 2325 5631 plus

750 5647 932 5704 minus
988 5659 1114 5705 ante
1181 5650 1280 5704 ltos
1344 5652 1561 5707 Dusniis
1618 5653 1915 5723 Mustaplm
1996 5668 2175 5709 motus
2226 5672 2326 5708 an-

751 5744 856 5799 της.
912 5759 968 5797 se
1020 5744 1321 5814 principem
1376 5744 1902 5810 Biandehurgicum,
1962 5748 2168 5813 impelli
2221 5746 2325 5800 Ro-

751 5836 896 5888 mani
932 5837 1341 5904 septemvirum.
1372 5849 1623 5892 mentitus
1678 5841 1797 5892 fuit.
1837 5840 1892 5891 l-;t
1932 5841 2060 5904 ipsis
2085 5840 2195 5892 ha-r
2223 5842 2325 5891 An-

2435 5202 2574 5247 rent.
2610 5203 2731 5257 qme
2751 5188 2903 5257 prius
2943 5189 3011 5241 ab
3047 5188 3167 5256 ipso
3201 5198 3493 5244 steterant.
3559 5190 3673 5244 lloc
3726 5191 3909 5245 modo
3968 5204 4053 5247 to-

2436 5291 2547 5334 tum
2606 5281 2899 5334 triennium
2958 5283 3193 5335 durante
3230 5282 3387 5347 bello,
3446 5282 3747 5350 tranquillo
3821 5285 4057 5352 princio

2436 5384 2597 5442 palus
2685 5374 3111 5443 Brandeburgici
3164 5377 3514 5444 pos.~essione
3566 5373 3813 5429 liavarus
3868 5380 4051 5447 potiti

2438 5484 2543 5521 non
2581 5468 2757 5535 patuit
2794 5506 2807 5526 ,
2839 5467 3016 5520 donec
3050 5468 3266 5524 tandem
3296 5469 3440 5519 reda:
3463 5479 3550 5520 tus
3586 5468 3638 5519 in
3696 5478 4051 5536 potestatem

2439 5562 2660 5614 molitor
2696 5561 2807 5621 ille,
2873 5560 3290 5614 routtncntitius
3344 5559 3597 5628 ptinceps
3657 5568 3711 5613 et
3761 5558 3829 5612 ad
3899 5561 4055 5628 ignis

2433 5654 3083 5721 suppliciumdan'uaius
3130 5664 3467 5704 exuri-retur.
3533 5650 3648 5704 Non
3699 5668 3877 5705 ovum
3945 5667 4051 5701 ove

2438 5749 2610 5811 llldgis
2640 5745 2834 5803 simile,
2870 5760 3030 5810 quam
3064 5745 3148 5795 hic
3182 5744 3488 5795 Voldrtttari
3511 5743 3782 5797 molitoris
3812 5756 4049 5801 INOIIIQ.

2436 5841 2509 5893 llll
2541 5838 2833 5907 'dustapbr
2896 5838 3225 5908 suppositio:
3252 5839 3473 5891 conatui
3532 5838 3726 5891 similis
3758 5846 3918 5891 erat.
3952 5849 4034 5893 Ac
