  <div class='ocr_page' id='page_1' title='image "/cluster/home/n/w/nwhite01/storage/ocr_20150623/159/nnc1.0046980628/406.png"; bbox 0 0 4198 6426; ppageno 0'>
   <div class='ocr_carea' id='block_1_1' title="bbox 173 335 265 399">
    <p class='ocr_par' dir='ltr' id='par_1_1' title="bbox 173 335 265 399">
     <span class='ocr_line' id='line_1_1' title="bbox 173 335 265 399; baseline -0.033 -2"><span class='ocrx_word' id='word_1_1' title='bbox 173 335 265 399; x_wconf 75' lang='lat'><strong>793</strong></span> 
     </span>
    </p>
   </div>
   <div class='ocr_carea' id='block_1_2' title="bbox 1328 340 2331 407">
    <p class='ocr_par' dir='ltr' id='par_1_2' title="bbox 1328 340 2331 407">
     <span class='ocr_line' id='line_1_2' title="bbox 1328 340 2331 407; baseline 0.009 -9"><span class='ocrx_word' id='word_1_2' title='bbox 1328 340 1737 402; x_wconf 74' lang='lat' dir='ltr'><strong>PANDECTE</strong></span> <span class='ocrx_word' id='word_1_3' title='bbox 1785 345 1988 404; x_wconf 85' lang='lat' dir='ltr'><strong>lllST.</strong></span> <span class='ocrx_word' id='word_1_4' title='bbox 2029 348 2331 407; x_wconf 69' lang='lat' dir='ltr'><strong>TUllClC.</strong></span> 
     </span>
    </p>
   </div>
   <div class='ocr_carea' id='block_1_3' title="bbox 3335 351 3439 412">
    <p class='ocr_par' dir='ltr' id='par_1_3' title="bbox 3335 351 3439 412">
     <span class='ocr_line' id='line_1_3' title="bbox 3335 351 3439 412; baseline 0 0"><span class='ocrx_word' id='word_1_5' title='bbox 3335 351 3439 412; x_wconf 61' lang='lat'><strong>794</strong></span> 
     </span>
    </p>
   </div>
   <div class='ocr_carea' id='block_1_4' title="bbox 176 450 3434 532">
    <p class='ocr_par' dir='ltr' id='par_1_4' title="bbox 176 450 3434 532">
     <span class='ocr_line' id='line_1_4' title="bbox 176 450 3434 532; baseline -0 -14"><span class='ocrx_word' id='word_1_6' title='bbox 176 464 236 503; x_wconf 63' lang='grc' dir='ltr'><strong>ηε</strong></span> <span class='ocrx_word' id='word_1_7' title='bbox 260 450 378 518; x_wconf 67' lang='lat' dir='ltr'><strong>(illis</strong></span> <span class='ocrx_word' id='word_1_8' title='bbox 411 450 731 521; x_wconf 66' lang='lat' dir='ltr'><strong>ianualem</strong></span> <span class='ocrx_word' id='word_1_9' title='bbox 768 452 955 507; x_wconf 70' lang='lat' dir='ltr'><strong>Dtlsmi</strong></span> <span class='ocrx_word' id='word_1_10' title='bbox 988 452 1155 507; x_wconf 79' lang='lat' dir='ltr'><strong>fuisse</strong></span> <span class='ocrx_word' id='word_1_11' title='bbox 1194 452 1601 516; x_wconf 73' lang='lat' dir='ltr'><strong>Voldemarum,</strong></span> <span class='ocrx_word' id='word_1_12' title='bbox 1654 472 1743 509; x_wconf 89' lang='lat' dir='ltr'><strong>ra-</strong></span> <span class='ocrx_word' id='word_1_13' title='bbox 1776 469 1813 523; x_wconf 79' lang='grc' dir='ltr'>Α</span> <span class='ocrx_word' id='word_1_14' title='bbox 1848 461 2157 518; x_wconf 88' lang='lat' dir='ltr'><strong>deminutas</strong></span> <span class='ocrx_word' id='word_1_15' title='bbox 2192 463 2380 517; x_wconf 81' lang='lat' dir='ltr'><strong>Bavari</strong></span> <span class='ocrx_word' id='word_1_16' title='bbox 2420 462 2561 518; x_wconf 71' lang='lat' dir='ltr'><strong>\‘it‘t&#39;s</strong></span> <span class='ocrx_word' id='word_1_17' title='bbox 2588 463 2821 518; x_wconf 80' lang='lat' dir='ltr'><strong>Karulus</strong></span> <span class='ocrx_word' id='word_1_18' title='bbox 2857 464 3147 532; x_wconf 77' lang='lat' dir='ltr'><strong>imperator</strong></span> <span class='ocrx_word' id='word_1_19' title='bbox 3168 465 3434 519; x_wconf 77' lang='lat' dir='ltr'><strong>Occiden-</strong></span> 
     </span>
    </p>
   </div>
   <div class='ocr_carea' id='block_1_5' title="bbox 170 545 1749 618">
    <p class='ocr_par' dir='ltr' id='par_1_5' title="bbox 170 545 1749 618">
     <span class='ocr_line' id='line_1_5' title="bbox 170 545 1749 618; baseline 0.003 -22"><span class='ocrx_word' id='word_1_20' title='bbox 170 548 309 603; x_wconf 84' lang='lat' dir='ltr'><strong>tione</strong></span> <span class='ocrx_word' id='word_1_21' title='bbox 345 548 630 613; x_wconf 78' lang='lat' dir='ltr'><strong>potestatis</strong></span> <span class='ocrx_word' id='word_1_22' title='bbox 652 556 705 601; x_wconf 91' lang='lat' dir='ltr'><strong>et</strong></span> <span class='ocrx_word' id='word_1_23' title='bbox 738 545 977 614; x_wconf 88' lang='lat' dir='ltr'><strong>imperii,</strong></span> <span class='ocrx_word' id='word_1_24' title='bbox 1012 547 1155 614; x_wconf 89' lang='lat' dir='ltr'><strong>quod</strong></span> <span class='ocrx_word' id='word_1_25' title='bbox 1194 547 1506 611; x_wconf 76' lang='lat' dir='ltr'><strong>affectabat,</strong></span> <span class='ocrx_word' id='word_1_26' title='bbox 1564 551 1749 618; x_wconf 83' lang='lat' dir='ltr'><strong>suspi-</strong></span> 
     </span>
    </p>
   </div>
   <div class='ocr_carea' id='block_1_6' title="bbox 172 638 1745 696">
    <p class='ocr_par' dir='ltr' id='par_1_6' title="bbox 172 638 1745 696">
     <span class='ocr_line' id='line_1_6' title="bbox 172 638 1745 696; baseline 0.001 -5"><span class='ocrx_word' id='word_1_27' title='bbox 172 651 364 696; x_wconf 77' lang='lat' dir='ltr'><strong>retur:</strong></span> <span class='ocrx_word' id='word_1_28' title='bbox 397 648 456 694; x_wconf 91' lang='lat' dir='ltr'><strong>ut</strong></span> <span class='ocrx_word' id='word_1_29' title='bbox 488 640 621 692; x_wconf 90' lang='lat' dir='ltr'><strong>nihil</strong></span> <span class='ocrx_word' id='word_1_30' title='bbox 654 638 720 693; x_wconf 91' lang='lat' dir='ltr'><strong>de</strong></span> <span class='ocrx_word' id='word_1_31' title='bbox 765 641 1107 693; x_wconf 84' lang='lat' dir='ltr'><strong>labefactatis</strong></span> <span class='ocrx_word' id='word_1_32' title='bbox 1145 641 1567 694; x_wconf 83' lang='lat' dir='ltr'><strong>Ostnanitlarttm</strong></span> <span class='ocrx_word' id='word_1_33' title='bbox 1619 642 1745 695; x_wconf 72' lang='lat' dir='ltr'><strong>viri-</strong></span> 
     </span>
    </p>
   </div>
   <div class='ocr_carea' id='block_1_7' title="bbox 171 732 1747 802">
    <p class='ocr_par' dir='ltr' id='par_1_7' title="bbox 171 732 1747 802">
     <span class='ocr_line' id='line_1_7' title="bbox 171 732 1747 802; baseline -0.001 -15"><span class='ocrx_word' id='word_1_34' title='bbox 171 735 269 787; x_wconf 88' lang='lat' dir='ltr'><strong>bus</strong></span> <span class='ocrx_word' id='word_1_35' title='bbox 295 742 415 802; x_wconf 87' lang='lat' dir='ltr'><strong>post</strong></span> <span class='ocrx_word' id='word_1_36' title='bbox 466 732 832 787; x_wconf 86' lang='lat' dir='ltr'><strong>calamitatem</strong></span> <span class='ocrx_word' id='word_1_37' title='bbox 895 733 1156 801; x_wconf 73' lang='lat' dir='ltr'><strong>llajazitis</strong></span> <span class='ocrx_word' id='word_1_38' title='bbox 1188 734 1386 795; x_wconf 84' lang='lat' dir='ltr'><strong>dicam,</strong></span> <span class='ocrx_word' id='word_1_39' title='bbox 1435 734 1611 786; x_wconf 77' lang='lat' dir='ltr'><strong>saltim</strong></span> <span class='ocrx_word' id='word_1_40' title='bbox 1669 736 1747 785; x_wconf 77' lang='lat' dir='ltr'><strong>vi-</strong></span> 
     </span>
    </p>
   </div>
   <div class='ocr_carea' id='block_1_8' title="bbox 171 826 1752 895">
    <p class='ocr_par' dir='ltr' id='par_1_8' title="bbox 171 826 1752 895">
     <span class='ocr_line' id='line_1_8' title="bbox 171 826 1752 895; baseline -0.003 -16"><span class='ocrx_word' id='word_1_41' title='bbox 171 828 396 881; x_wconf 88' lang='lat' dir='ltr'><strong>deamus</strong></span> <span class='ocrx_word' id='word_1_42' title='bbox 429 842 490 879; x_wconf 78' lang='lat' dir='ltr'><strong>ex</strong></span> <span class='ocrx_word' id='word_1_43' title='bbox 523 826 656 895; x_wconf 85' lang='lat' dir='ltr'><strong>ipsis</strong></span> <span class='ocrx_word' id='word_1_44' title='bbox 685 826 916 880; x_wconf 88' lang='lat' dir='ltr'><strong>aliorum</strong></span> <span class='ocrx_word' id='word_1_45' title='bbox 958 827 1251 879; x_wconf 80' lang='lat' dir='ltr'><strong>Annalium</strong></span> <span class='ocrx_word' id='word_1_46' title='bbox 1306 842 1468 880; x_wconf 91' lang='lat' dir='ltr'><strong>manu</strong></span> <span class='ocrx_word' id='word_1_47' title='bbox 1504 837 1752 879; x_wconf 76' lang='lat' dir='ltr'><strong>exarato-</strong></span> 
     </span>
    </p>
   </div>
   <div class='ocr_carea' id='block_1_9' title="bbox 170 919 1751 989">
    <p class='ocr_par' dir='ltr' id='par_1_9' title="bbox 170 919 1751 989">
     <span class='ocr_line' id='line_1_9' title="bbox 170 919 1751 989; baseline 0.001 -19"><span class='ocrx_word' id='word_1_48' title='bbox 170 936 287 974; x_wconf 92' lang='lat' dir='ltr'><strong>rum</strong></span> <span class='ocrx_word' id='word_1_49' title='bbox 316 919 527 980; x_wconf 83' lang='lat' dir='ltr'><strong>Latinis</strong></span> <span class='ocrx_word' id='word_1_50' title='bbox 558 920 758 979; x_wconf 72' lang='lat' dir='ltr'><strong>verbis,</strong></span> <span class='ocrx_word' id='word_1_51' title='bbox 787 937 951 988; x_wconf 88' lang='lat' dir='ltr'><strong>quam</strong></span> <span class='ocrx_word' id='word_1_52' title='bbox 998 922 1205 988; x_wconf 89' lang='lat' dir='ltr'><strong>potenti</strong></span> <span class='ocrx_word' id='word_1_53' title='bbox 1245 921 1474 989; x_wconf 72' lang='lat' dir='ltr'><strong>principi</strong></span> <span class='ocrx_word' id='word_1_54' title='bbox 1532 920 1751 973; x_wconf 82' lang='lat' dir='ltr'><strong>molitor</strong></span> 
     </span>
    </p>
   </div>
   <div class='ocr_carea' id='block_1_10' title="bbox 170 1013 1752 1082">
    <p class='ocr_par' dir='ltr' id='par_1_10' title="bbox 170 1013 1752 1082">
     <span class='ocr_line' id='line_1_10' title="bbox 170 1013 1752 1082; baseline -0.004 -11"><span class='ocrx_word' id='word_1_55' title='bbox 170 1018 257 1071; x_wconf 89' lang='lat' dir='ltr'><strong>ille</strong></span> <span class='ocrx_word' id='word_1_56' title='bbox 289 1016 581 1069; x_wconf 85' lang='lat' dir='ltr'><strong>succedere</strong></span> <span class='ocrx_word' id='word_1_57' title='bbox 615 1016 872 1067; x_wconf 83' lang='lat' dir='ltr'><strong>voluerit.</strong></span> <span class='ocrx_word' id='word_1_58' title='bbox 910 1017 1088 1078; x_wconf 79' lang='lat' dir='ltr'><strong>Anno,</strong></span> <span class='ocrx_word' id='word_1_59' title='bbox 1122 1015 1399 1082; x_wconf 89' lang='lat' dir='ltr'><strong>inquiunt,</strong></span> <span class='ocrx_word' id='word_1_60' title='bbox 1436 1014 1574 1067; x_wconf 80' lang='grc'><strong>1510</strong></span> <span class='ocrx_word' id='word_1_61' title='bbox 1627 1013 1752 1065; x_wconf 79' lang='lat' dir='ltr'><strong>Vol-</strong></span> 
     </span>
    </p>
   </div>
   <div class='ocr_carea' id='block_1_11' title="bbox 171 1106 1752 1175">
    <p class='ocr_par' dir='ltr' id='par_1_11' title="bbox 171 1106 1752 1175">
     <span class='ocr_line' id='line_1_11' title="bbox 171 1106 1752 1175; baseline 0.001 -16"><span class='ocrx_word' id='word_1_62' title='bbox 171 1109 423 1161; x_wconf 87' lang='lat' dir='ltr'><strong>demarus</strong></span> <span class='ocrx_word' id='word_1_63' title='bbox 470 1107 974 1175; x_wconf 71' lang='lat' dir='ltr'><strong>Brandelmrgeusis</strong></span> <span class='ocrx_word' id='word_1_64' title='bbox 1043 1108 1313 1167; x_wconf 91' lang='lat' dir='ltr'><strong>marchio.</strong></span> <span class='ocrx_word' id='word_1_65' title='bbox 1356 1106 1586 1160; x_wconf 83' lang='lat' dir='ltr'><strong>mortuis</strong></span> <span class='ocrx_word' id='word_1_66' title='bbox 1641 1106 1752 1160; x_wconf 83' lang='lat' dir='ltr'><strong>fra-</strong></span> 
     </span>
    </p>
   </div>
   <div class='ocr_carea' id='block_1_12' title="bbox 169 1201 1750 1268">
    <p class='ocr_par' dir='ltr' id='par_1_12' title="bbox 169 1201 1750 1268">
     <span class='ocr_line' id='line_1_12' title="bbox 169 1201 1750 1268; baseline -0.001 -14"><span class='ocrx_word' id='word_1_67' title='bbox 169 1202 436 1254; x_wconf 81' lang='lat' dir='ltr'><strong>trnelibus</strong></span> <span class='ocrx_word' id='word_1_68' title='bbox 460 1211 509 1252; x_wconf 85' lang='lat' dir='ltr'><strong>et</strong></span> <span class='ocrx_word' id='word_1_69' title='bbox 561 1201 790 1268; x_wconf 81' lang='lat' dir='ltr'><strong>patruis,</strong></span> <span class='ocrx_word' id='word_1_70' title='bbox 816 1201 1052 1255; x_wconf 81' lang='lat' dir='ltr'><strong>divisum</strong></span> <span class='ocrx_word' id='word_1_71' title='bbox 1090 1201 1142 1252; x_wconf 91' lang='lat' dir='ltr'><strong>in</strong></span> <span class='ocrx_word' id='word_1_72' title='bbox 1198 1202 1396 1253; x_wconf 88' lang='lat' dir='ltr'><strong>multas</strong></span> <span class='ocrx_word' id='word_1_73' title='bbox 1433 1209 1615 1267; x_wconf 87' lang='lat' dir='ltr'><strong>partes</strong></span> <span class='ocrx_word' id='word_1_74' title='bbox 1669 1210 1750 1252; x_wconf 90' lang='lat' dir='ltr'><strong>to-</strong></span> 
     </span>
    </p>
   </div>
   <div class='ocr_carea' id='block_1_13' title="bbox 172 1290 1755 1359">
    <p class='ocr_par' dir='ltr' id='par_1_13' title="bbox 172 1290 1755 1359">
     <span class='ocr_line' id='line_1_13' title="bbox 172 1290 1755 1359; baseline -0.001 -15"><span class='ocrx_word' id='word_1_75' title='bbox 172 1308 281 1345; x_wconf 91' lang='lat' dir='ltr'><strong>tum</strong></span> <span class='ocrx_word' id='word_1_76' title='bbox 322 1295 475 1345; x_wconf 85' lang='lat' dir='ltr'><strong>solus</strong></span> <span class='ocrx_word' id='word_1_77' title='bbox 521 1293 666 1346; x_wconf 89' lang='lat' dir='ltr'><strong>illius</strong></span> <span class='ocrx_word' id='word_1_78' title='bbox 734 1292 880 1345; x_wconf 86' lang='lat' dir='ltr'><strong>tituli</strong></span> <span class='ocrx_word' id='word_1_79' title='bbox 947 1293 1186 1346; x_wconf 87' lang='lat' dir='ltr'><strong>obtinuit</strong></span> <span class='ocrx_word' id='word_1_80' title='bbox 1245 1290 1655 1359; x_wconf 82' lang='lat' dir='ltr'><strong>principatum:</strong></span> <span class='ocrx_word' id='word_1_81' title='bbox 1701 1298 1755 1345; x_wconf 86' lang='lat' dir='ltr'><strong>et</strong></span> 
     </span>
    </p>
   </div>
   <div class='ocr_carea' id='block_1_14' title="bbox 176 1372 1755 1457">
    <p class='ocr_par' dir='ltr' id='par_1_14' title="bbox 176 1372 1755 1457">
     <span class='ocr_line' id='line_1_14' title="bbox 176 1372 1755 1457; baseline -0.001 -16"><span class='ocrx_word' id='word_1_82' title='bbox 176 1388 418 1457; x_wconf 76' lang='lat' dir='ltr'><strong>glorians</strong></span> <span class='ocrx_word' id='word_1_83' title='bbox 475 1387 530 1440; x_wconf 86' lang='lat' dir='ltr'><strong>in</strong></span> <span class='ocrx_word' id='word_1_84' title='bbox 587 1372 903 1441; x_wconf 79' lang='lat' dir='ltr'><strong>fortitudine</strong></span> <span class='ocrx_word' id='word_1_85' title='bbox 961 1402 1024 1441; x_wconf 85' lang='lat' dir='ltr'><strong>ac</strong></span> <span class='ocrx_word' id='word_1_86' title='bbox 1079 1387 1453 1454; x_wconf 75' lang='lat' dir='ltr'><strong>magnitudine</strong></span> <span class='ocrx_word' id='word_1_87' title='bbox 1502 1386 1755 1453; x_wconf 75' lang='lat' dir='ltr'><strong>potentia:</strong></span> 
     </span>
    </p>
   </div>
   <div class='ocr_carea' id='block_1_15' title="bbox 173 1479 1756 1547">
    <p class='ocr_par' dir='ltr' id='par_1_15' title="bbox 173 1479 1756 1547">
     <span class='ocr_line' id='line_1_15' title="bbox 173 1479 1756 1547; baseline -0.001 -13"><span class='ocrx_word' id='word_1_88' title='bbox 173 1496 308 1544; x_wconf 71' lang='lat' dir='ltr'><strong>suae,</strong></span> <span class='ocrx_word' id='word_1_89' title='bbox 347 1480 556 1534; x_wconf 86' lang='lat' dir='ltr'><strong>curiam</strong></span> <span class='ocrx_word' id='word_1_90' title='bbox 586 1481 854 1533; x_wconf 81' lang='lat' dir='ltr'><strong>celebrem</strong></span> <span class='ocrx_word' id='word_1_91' title='bbox 888 1488 941 1532; x_wconf 86' lang='lat' dir='ltr'><strong>et</strong></span> <span class='ocrx_word' id='word_1_92' title='bbox 977 1482 1242 1534; x_wconf 80' lang='lat' dir='ltr'><strong>famosam</strong></span> <span class='ocrx_word' id='word_1_93' title='bbox 1298 1480 1497 1533; x_wconf 79' lang='lat' dir='ltr'><strong>indixit</strong></span> <span class='ocrx_word' id='word_1_94' title='bbox 1539 1479 1756 1547; x_wconf 73' lang='lat' dir='ltr'><strong>regibus</strong></span> 
     </span>
    </p>
   </div>
   <div class='ocr_carea' id='block_1_16' title="bbox 172 1573 1754 1641">
    <p class='ocr_par' dir='ltr' id='par_1_16' title="bbox 172 1573 1754 1641">
     <span class='ocr_line' id='line_1_16' title="bbox 172 1573 1754 1641; baseline -0.002 -16"><span class='ocrx_word' id='word_1_95' title='bbox 172 1583 224 1625; x_wconf 84' lang='lat' dir='ltr'><strong>ct</strong></span> <span class='ocrx_word' id='word_1_96' title='bbox 255 1573 590 1641; x_wconf 68' lang='lat' dir='ltr'><strong>principibus</strong></span> <span class='ocrx_word' id='word_1_97' title='bbox 645 1588 808 1640; x_wconf 72' lang='lat' dir='ltr'><strong>prope</strong></span> <span class='ocrx_word' id='word_1_98' title='bbox 852 1573 1124 1641; x_wconf 79' lang='lat' dir='ltr'><strong>longeque</strong></span> <span class='ocrx_word' id='word_1_99' title='bbox 1167 1574 1391 1641; x_wconf 78' lang='lat' dir='ltr'><strong>positis:</strong></span> <span class='ocrx_word' id='word_1_100' title='bbox 1440 1573 1754 1626; x_wconf 89' lang='lat' dir='ltr'><strong>habiturum</strong></span> 
     </span>
    </p>
   </div>
   <div class='ocr_carea' id='block_1_17' title="bbox 173 1665 1757 1733">
    <p class='ocr_par' dir='ltr' id='par_1_17' title="bbox 173 1665 1757 1733">
     <span class='ocr_line' id='line_1_17' title="bbox 173 1665 1757 1733; baseline 0 -18"><span class='ocrx_word' id='word_1_101' title='bbox 173 1681 230 1717; x_wconf 83' lang='lat' dir='ltr'><strong>se</strong></span> <span class='ocrx_word' id='word_1_102' title='bbox 257 1666 474 1733; x_wconf 87' lang='lat' dir='ltr'><strong>nuptias</strong></span> <span class='ocrx_word' id='word_1_103' title='bbox 498 1682 619 1718; x_wconf 84' lang='lat' dir='ltr'><strong>cum</strong></span> <span class='ocrx_word' id='word_1_104' title='bbox 642 1666 747 1718; x_wconf 84' lang='lat' dir='ltr'><strong>filia</strong></span> <span class='ocrx_word' id='word_1_105' title='bbox 774 1665 951 1731; x_wconf 84' lang='lat' dir='ltr'><strong>patrui</strong></span> <span class='ocrx_word' id='word_1_106' title='bbox 985 1665 1067 1719; x_wconf 90' lang='lat' dir='ltr'><strong>sui</strong></span> <span class='ocrx_word' id='word_1_107' title='bbox 1102 1665 1442 1727; x_wconf 71' lang='lat' dir='ltr'><strong>significans,</strong></span> <span class='ocrx_word' id='word_1_108' title='bbox 1482 1674 1535 1717; x_wconf 90' lang='lat' dir='ltr'><strong>et</strong></span> <span class='ocrx_word' id='word_1_109' title='bbox 1560 1676 1757 1718; x_wconf 87' lang='lat' dir='ltr'><strong>omnes</strong></span> 
     </span>
    </p>
   </div>
   <div class='ocr_carea' id='block_1_18' title="bbox 174 1756 1755 1826">
    <p class='ocr_par' dir='ltr' id='par_1_18' title="bbox 174 1756 1755 1826">
     <span class='ocr_line' id='line_1_18' title="bbox 174 1756 1755 1826; baseline -0.003 -15"><span class='ocrx_word' id='word_1_110' title='bbox 174 1759 364 1811; x_wconf 83' lang='lat' dir='ltr'><strong>missis</strong></span> <span class='ocrx_word' id='word_1_111' title='bbox 386 1759 680 1811; x_wconf 79' lang='lat' dir='ltr'><strong>veredariis</strong></span> <span class='ocrx_word' id='word_1_112' title='bbox 730 1760 794 1811; x_wconf 90' lang='lat' dir='ltr'><strong>ad</strong></span> <span class='ocrx_word' id='word_1_113' title='bbox 856 1758 1018 1826; x_wconf 82' lang='lat' dir='ltr'><strong>hujus</strong></span> <span class='ocrx_word' id='word_1_114' title='bbox 1105 1757 1469 1812; x_wconf 84' lang='lat' dir='ltr'><strong>solemnitatis</strong></span> <span class='ocrx_word' id='word_1_115' title='bbox 1499 1756 1755 1825; x_wconf 75' lang='lat' dir='ltr'><strong>gaudium</strong></span> 
     </span>
    </p>
   </div>
   <div class='ocr_carea' id='block_1_19' title="bbox 175 1842 1829 1905">
    <p class='ocr_par' dir='ltr' id='par_1_19' title="bbox 175 1842 1829 1905">
     <span class='ocr_line' id='line_1_19' title="bbox 175 1842 1829 1905; baseline -0.002 -2"><span class='ocrx_word' id='word_1_116' title='bbox 175 1851 442 1905; x_wconf 74' lang='lat' dir='ltr'><strong>inritans.</strong></span> <span class='ocrx_word' id='word_1_117' title='bbox 488 1850 619 1903; x_wconf 82' lang='lat' dir='ltr'><strong>Eam</strong></span> <span class='ocrx_word' id='word_1_118' title='bbox 652 1849 904 1903; x_wconf 89' lang='lat' dir='ltr'><strong>tenuitin</strong></span> <span class='ocrx_word' id='word_1_119' title='bbox 960 1850 1182 1903; x_wconf 88' lang='lat' dir='ltr'><strong>civitate</strong></span> <span class='ocrx_word' id='word_1_120' title='bbox 1229 1849 1497 1903; x_wconf 87' lang='lat' dir='ltr'><strong>maritima</strong></span> <span class='ocrx_word' id='word_1_121' title='bbox 1554 1846 1753 1900; x_wconf 79' lang='lat' dir='ltr'><strong>Rosto-</strong></span> <span class='ocrx_word' id='word_1_122' title='bbox 1790 1842 1829 1893; x_wconf 81' lang='grc' dir='ltr'><strong>Β</strong></span> 
     </span>
    </p>
   </div>
   <div class='ocr_carea' id='block_1_20' title="bbox 171 1941 1760 2013">
    <p class='ocr_par' dir='ltr' id='par_1_20' title="bbox 171 1941 1760 2013">
     <span class='ocr_line' id='line_1_20' title="bbox 171 1941 1760 2013; baseline -0.004 -16"><span class='ocrx_word' id='word_1_123' title='bbox 171 1948 322 2007; x_wconf 77' lang='lat' dir='ltr'><strong>chio,</strong></span> <span class='ocrx_word' id='word_1_124' title='bbox 353 1946 454 1997; x_wconf 84' lang='lat' dir='ltr'><strong>sita</strong></span> <span class='ocrx_word' id='word_1_125' title='bbox 492 1944 659 1999; x_wconf 87' lang='lat' dir='ltr'><strong>maris</strong></span> <span class='ocrx_word' id='word_1_126' title='bbox 687 1946 751 1997; x_wconf 88' lang='lat' dir='ltr'><strong>ad</strong></span> <span class='ocrx_word' id='word_1_127' title='bbox 775 1952 1016 2013; x_wconf 90' lang='lat' dir='ltr'><strong>portum,</strong></span> <span class='ocrx_word' id='word_1_128' title='bbox 1050 1946 1190 1997; x_wconf 89' lang='lat' dir='ltr'><strong>unde</strong></span> <span class='ocrx_word' id='word_1_129' title='bbox 1249 1959 1440 1999; x_wconf 70' lang='lat' dir='ltr'><strong>versus</strong></span> <span class='ocrx_word' id='word_1_130' title='bbox 1509 1941 1760 2003; x_wconf 80' lang='lat' dir='ltr'><strong>llaniam,</strong></span> 
     </span>
    </p>
   </div>
   <div class='ocr_carea' id='block_1_21' title="bbox 173 2036 1761 2107">
    <p class='ocr_par' dir='ltr' id='par_1_21' title="bbox 173 2036 1761 2107">
     <span class='ocr_line' id='line_1_21' title="bbox 173 2036 1761 2107; baseline -0.003 -16"><span class='ocrx_word' id='word_1_131' title='bbox 173 2043 461 2102; x_wconf 68' lang='lat' dir='ltr'><strong>Sui-ciam,</strong></span> <span class='ocrx_word' id='word_1_132' title='bbox 484 2038 842 2107; x_wconf 78' lang='lat' dir='ltr'><strong>Norvegiam,</strong></span> <span class='ocrx_word' id='word_1_133' title='bbox 867 2047 919 2093; x_wconf 82' lang='lat' dir='ltr'><strong>et</strong></span> <span class='ocrx_word' id='word_1_134' title='bbox 953 2039 1017 2091; x_wconf 87' lang='lat' dir='ltr'><strong>ad</strong></span> <span class='ocrx_word' id='word_1_135' title='bbox 1045 2048 1226 2107; x_wconf 83' lang='lat' dir='ltr'><strong>partes</strong></span> <span class='ocrx_word' id='word_1_136' title='bbox 1269 2039 1403 2090; x_wconf 86' lang='lat' dir='ltr'><strong>alias</strong></span> <span class='ocrx_word' id='word_1_137' title='bbox 1440 2036 1721 2105; x_wconf 80' lang='lat' dir='ltr'><strong>navigatur</strong></span> <span class='ocrx_word' id='word_1_138' title='bbox 1748 2053 1761 2087; x_wconf 89' lang='lat'>:</span> 
     </span>
    </p>
   </div>
   <div class='ocr_carea' id='block_1_22' title="bbox 176 2127 1762 2201">
    <p class='ocr_par' dir='ltr' id='par_1_22' title="bbox 176 2127 1762 2201">
     <span class='ocr_line' id='line_1_22' title="bbox 176 2127 1762 2201; baseline -0.003 -16"><span class='ocrx_word' id='word_1_139' title='bbox 176 2136 231 2185; x_wconf 91' lang='lat' dir='ltr'><strong>in</strong></span> <span class='ocrx_word' id='word_1_140' title='bbox 276 2148 439 2200; x_wconf 82' lang='lat' dir='ltr'><strong>quem</strong></span> <span class='ocrx_word' id='word_1_141' title='bbox 513 2132 677 2186; x_wconf 89' lang='lat' dir='ltr'><strong>etiam</strong></span> <span class='ocrx_word' id='word_1_142' title='bbox 728 2133 943 2201; x_wconf 69' lang='lat' dir='ltr'><strong>navigia</strong></span> <span class='ocrx_word' id='word_1_143' title='bbox 997 2133 1261 2184; x_wconf 89' lang='lat' dir='ltr'><strong>mercium</strong></span> <span class='ocrx_word' id='word_1_144' title='bbox 1315 2131 1657 2183; x_wconf 83' lang='lat' dir='ltr'><strong>diversarum</strong></span> <span class='ocrx_word' id='word_1_145' title='bbox 1696 2127 1762 2181; x_wconf 89' lang='lat' dir='ltr'><strong>de</strong></span> 
     </span>
    </p>
   </div>
   <div class='ocr_carea' id='block_1_23' title="bbox 172 2218 1765 2288">
    <p class='ocr_par' dir='ltr' id='par_1_23' title="bbox 172 2218 1765 2288">
     <span class='ocr_line' id='line_1_23' title="bbox 172 2218 1765 2288; baseline -0.002 -15"><span class='ocrx_word' id='word_1_146' title='bbox 172 2222 414 2277; x_wconf 75' lang='lat' dir='ltr'><strong>diversis</strong></span> <span class='ocrx_word' id='word_1_147' title='bbox 459 2231 513 2276; x_wconf 86' lang='lat' dir='ltr'><strong>et</strong></span> <span class='ocrx_word' id='word_1_148' title='bbox 564 2222 790 2276; x_wconf 80' lang='lat' dir='ltr'><strong>remotis</strong></span> <span class='ocrx_word' id='word_1_149' title='bbox 834 2221 1152 2288; x_wconf 83' lang='lat' dir='ltr'><strong>regionibus</strong></span> <span class='ocrx_word' id='word_1_150' title='bbox 1189 2219 1488 2288; x_wconf 88' lang='lat' dir='ltr'><strong>appellunt.</strong></span> <span class='ocrx_word' id='word_1_151' title='bbox 1524 2218 1596 2285; x_wconf 60' lang='lat' dir='ltr'><strong>{In</strong></span> <span class='ocrx_word' id='word_1_152' title='bbox 1664 2219 1765 2270; x_wconf 89' lang='lat' dir='ltr'><strong>hac</strong></span> 
     </span>
    </p>
   </div>
   <div class='ocr_carea' id='block_1_24' title="bbox 174 2307 1763 2376">
    <p class='ocr_par' dir='ltr' id='par_1_24' title="bbox 174 2307 1763 2376">
     <span class='ocr_line' id='line_1_24' title="bbox 174 2307 1763 2376; baseline -0.004 -7"><span class='ocrx_word' id='word_1_153' title='bbox 174 2317 331 2369; x_wconf 72' lang='lat' dir='ltr'><strong>curia</strong></span> <span class='ocrx_word' id='word_1_154' title='bbox 365 2316 465 2369; x_wconf 89' lang='lat' dir='ltr'><strong>fuit</strong></span> <span class='ocrx_word' id='word_1_155' title='bbox 502 2331 594 2369; x_wconf 85' lang='lat' dir='ltr'><strong>rex</strong></span> <span class='ocrx_word' id='word_1_156' title='bbox 637 2315 841 2376; x_wconf 61' lang='lat' dir='ltr'><strong>“anim,</strong></span> <span class='ocrx_word' id='word_1_157' title='bbox 897 2329 1021 2369; x_wconf 88' lang='lat' dir='ltr'><strong>cum</strong></span> <span class='ocrx_word' id='word_1_158' title='bbox 1060 2314 1277 2367; x_wconf 90' lang='lat' dir='ltr'><strong>duobus</strong></span> <span class='ocrx_word' id='word_1_159' title='bbox 1337 2311 1588 2370; x_wconf 78' lang='lat' dir='ltr'><strong>ducibus.</strong></span> <span class='ocrx_word' id='word_1_160' title='bbox 1654 2307 1763 2363; x_wconf 80' lang='lat' dir='ltr'><strong>fra-</strong></span> 
     </span>
    </p>
   </div>
   <div class='ocr_carea' id='block_1_25' title="bbox 176 2405 1762 2474">
    <p class='ocr_par' dir='ltr' id='par_1_25' title="bbox 176 2405 1762 2474">
     <span class='ocr_line' id='line_1_25' title="bbox 176 2405 1762 2474; baseline -0.003 -12"><span class='ocrx_word' id='word_1_161' title='bbox 176 2410 358 2467; x_wconf 81' lang='lat' dir='ltr'><strong>tribus</strong></span> <span class='ocrx_word' id='word_1_162' title='bbox 392 2410 528 2473; x_wconf 81' lang='lat' dir='ltr'><strong>suis,</strong></span> <span class='ocrx_word' id='word_1_163' title='bbox 562 2419 614 2463; x_wconf 90' lang='lat' dir='ltr'><strong>et</strong></span> <span class='ocrx_word' id='word_1_164' title='bbox 654 2410 920 2462; x_wconf 86' lang='lat' dir='ltr'><strong>immensa</strong></span> <span class='ocrx_word' id='word_1_165' title='bbox 964 2406 1315 2462; x_wconf 80' lang='lat' dir='ltr'><strong>multitudine</strong></span> <span class='ocrx_word' id='word_1_166' title='bbox 1360 2405 1544 2474; x_wconf 88' lang='lat' dir='ltr'><strong>populi</strong></span> <span class='ocrx_word' id='word_1_167' title='bbox 1603 2414 1762 2458; x_wconf 60' lang='lat' dir='ltr'><strong>terrm</strong></span> 
     </span>
    </p>
   </div>
   <div class='ocr_carea' id='block_1_26' title="bbox 174 2494 1764 2564">
    <p class='ocr_par' dir='ltr' id='par_1_26' title="bbox 174 2494 1764 2564">
     <span class='ocr_line' id='line_1_26' title="bbox 174 2494 1764 2564; baseline -0.006 -9"><span class='ocrx_word' id='word_1_168' title='bbox 174 2515 326 2555; x_wconf 66' lang='lat' dir='ltr'><strong>suae:</strong></span> <span class='ocrx_word' id='word_1_169' title='bbox 362 2500 550 2564; x_wconf 86' lang='lat' dir='ltr'><strong>duces,</strong></span> <span class='ocrx_word' id='word_1_170' title='bbox 591 2500 840 2560; x_wconf 88' lang='lat' dir='ltr'><strong>comites,</strong></span> <span class='ocrx_word' id='word_1_171' title='bbox 889 2499 1042 2551; x_wconf 86' lang='lat' dir='ltr'><strong>liberi</strong></span> <span class='ocrx_word' id='word_1_172' title='bbox 1082 2498 1323 2552; x_wconf 82' lang='lat' dir='ltr'><strong>barones</strong></span> <span class='ocrx_word' id='word_1_173' title='bbox 1391 2494 1764 2551; x_wconf 82' lang='lat' dir='ltr'><strong>innumerabi—</strong></span> 
     </span>
    </p>
   </div>
   <div class='ocr_carea' id='block_1_27' title="bbox 178 2592 1758 2659">
    <p class='ocr_par' dir='ltr' id='par_1_27' title="bbox 178 2592 1758 2659">
     <span class='ocr_line' id='line_1_27' title="bbox 178 2592 1758 2659; baseline -0.002 -13"><span class='ocrx_word' id='word_1_174' title='bbox 178 2595 261 2649; x_wconf 82' lang='lat' dir='ltr'><strong>les</strong></span> <span class='ocrx_word' id='word_1_175' title='bbox 294 2595 362 2648; x_wconf 86' lang='lat' dir='ltr'><strong>de</strong></span> <span class='ocrx_word' id='word_1_176' title='bbox 409 2593 692 2656; x_wconf 77' lang='lat' dir='ltr'><strong>.Saxonia;</strong></span> <span class='ocrx_word' id='word_1_177' title='bbox 740 2592 1083 2645; x_wconf 76' lang='lat' dir='ltr'><strong>niarehimics</strong></span> <span class='ocrx_word' id='word_1_178' title='bbox 1114 2600 1169 2645; x_wconf 92' lang='lat' dir='ltr'><strong>et</strong></span> <span class='ocrx_word' id='word_1_179' title='bbox 1229 2600 1510 2659; x_wconf 79' lang='lat' dir='ltr'><strong>magnates</strong></span> <span class='ocrx_word' id='word_1_180' title='bbox 1550 2599 1659 2644; x_wconf 91' lang='lat' dir='ltr'><strong>tam</strong></span> <span class='ocrx_word' id='word_1_181' title='bbox 1694 2592 1758 2643; x_wconf 85' lang='lat' dir='ltr'><strong>de</strong></span> 
     </span>
    </p>
   </div>
   <div class='ocr_carea' id='block_1_28' title="bbox 180 2685 1766 2757">
    <p class='ocr_par' dir='ltr' id='par_1_28' title="bbox 180 2685 1766 2757">
     <span class='ocr_line' id='line_1_28' title="bbox 180 2685 1766 2757; baseline -0.002 -16"><span class='ocrx_word' id='word_1_182' title='bbox 180 2690 296 2742; x_wconf 82' lang='lat' dir='ltr'><strong>illis</strong></span> <span class='ocrx_word' id='word_1_183' title='bbox 330 2689 591 2757; x_wconf 84' lang='lat' dir='ltr'><strong>quamde</strong></span> <span class='ocrx_word' id='word_1_184' title='bbox 620 2687 826 2742; x_wconf 81' lang='lat' dir='ltr'><strong>exteris</strong></span> <span class='ocrx_word' id='word_1_185' title='bbox 888 2685 1159 2755; x_wconf 91' lang='lat' dir='ltr'><strong>partibus,</strong></span> <span class='ocrx_word' id='word_1_186' title='bbox 1220 2700 1451 2753; x_wconf 89' lang='lat' dir='ltr'><strong>quorum</strong></span> <span class='ocrx_word' id='word_1_187' title='bbox 1506 2700 1766 2738; x_wconf 92' lang='lat' dir='ltr'><strong>numerus</strong></span> 
     </span>
    </p>
   </div>
   <div class='ocr_carea' id='block_1_29' title="bbox 177 2777 1767 2851">
    <p class='ocr_par' dir='ltr' id='par_1_29' title="bbox 177 2777 1767 2851">
     <span class='ocr_line' id='line_1_29' title="bbox 177 2777 1767 2851; baseline -0.004 -17"><span class='ocrx_word' id='word_1_188' title='bbox 177 2785 270 2835; x_wconf 81' lang='lat' dir='ltr'><strong>\ix</strong></span> <span class='ocrx_word' id='word_1_189' title='bbox 309 2790 521 2851; x_wconf 87' lang='lat' dir='ltr'><strong>poterat</strong></span> <span class='ocrx_word' id='word_1_190' title='bbox 558 2779 843 2835; x_wconf 62' lang='lat' dir='ltr'><strong>aestimari.</strong></span> <span class='ocrx_word' id='word_1_191' title='bbox 898 2777 1145 2831; x_wconf 82' lang='lat' dir='ltr'><strong>Marchio</strong></span> <span class='ocrx_word' id='word_1_192' title='bbox 1191 2778 1444 2831; x_wconf 90' lang='lat' dir='ltr'><strong>manibus</strong></span> <span class='ocrx_word' id='word_1_193' title='bbox 1475 2777 1616 2844; x_wconf 73' lang='lat' dir='ltr'><strong>regis</strong></span> <span class='ocrx_word' id='word_1_194' title='bbox 1662 2777 1767 2828; x_wconf 86' lang='lat' dir='ltr'><strong>Da-</strong></span> 
     </span>
    </p>
   </div>
   <div class='ocr_carea' id='block_1_30' title="bbox 180 2868 1764 2939">
    <p class='ocr_par' dir='ltr' id='par_1_30' title="bbox 180 2868 1764 2939">
     <span class='ocr_line' id='line_1_30' title="bbox 180 2868 1764 2939; baseline -0.001 -14"><span class='ocrx_word' id='word_1_195' title='bbox 180 2877 289 2927; x_wconf 67' lang='lat' dir='ltr'><strong>nize</strong></span> <span class='ocrx_word' id='word_1_196' title='bbox 322 2874 481 2927; x_wconf 89' lang='lat' dir='ltr'><strong>miles</strong></span> <span class='ocrx_word' id='word_1_197' title='bbox 508 2888 630 2926; x_wconf 91' lang='lat' dir='ltr'><strong>cum</strong></span> <span class='ocrx_word' id='word_1_198' title='bbox 663 2889 859 2939; x_wconf 76' lang='lat' dir='ltr'><strong>magno</strong></span> <span class='ocrx_word' id='word_1_199' title='bbox 886 2876 1082 2924; x_wconf 81' lang='lat' dir='ltr'><strong>decore</strong></span> <span class='ocrx_word' id='word_1_200' title='bbox 1127 2870 1440 2939; x_wconf 83' lang='lat' dir='ltr'><strong>insignitur.</strong></span> <span class='ocrx_word' id='word_1_201' title='bbox 1497 2868 1637 2923; x_wconf 75' lang='lat' dir='ltr'><strong>Mille</strong></span> <span class='ocrx_word' id='word_1_202' title='bbox 1679 2885 1764 2923; x_wconf 88' lang='lat' dir='ltr'><strong>se-</strong></span> 
     </span>
    </p>
   </div>
   <div class='ocr_carea' id='block_1_31' title="bbox 181 2961 1769 3035">
    <p class='ocr_par' dir='ltr' id='par_1_31' title="bbox 181 2961 1769 3035">
     <span class='ocr_line' id='line_1_31' title="bbox 181 2961 1769 3035; baseline 0 -20"><span class='ocrx_word' id='word_1_203' title='bbox 181 2966 456 3035; x_wconf 80' lang='lat' dir='ltr'><strong>ptingenti</strong></span> <span class='ocrx_word' id='word_1_204' title='bbox 499 2966 724 3027; x_wconf 86' lang='lat' dir='ltr'><strong>nobiles,</strong></span> <span class='ocrx_word' id='word_1_205' title='bbox 763 2966 813 3017; x_wconf 92' lang='lat' dir='ltr'><strong>in</strong></span> <span class='ocrx_word' id='word_1_206' title='bbox 872 2965 977 3018; x_wconf 90' lang='lat' dir='ltr'><strong>hoc</strong></span> <span class='ocrx_word' id='word_1_207' title='bbox 1030 2963 1322 3028; x_wconf 85' lang='lat' dir='ltr'><strong>tirocinio,</strong></span> <span class='ocrx_word' id='word_1_208' title='bbox 1355 2977 1509 3016; x_wconf 72' lang='lat' dir='ltr'><strong>norte</strong></span> <span class='ocrx_word' id='word_1_209' title='bbox 1564 2961 1769 3015; x_wconf 75' lang='lat' dir='ltr'><strong>militia:</strong></span> 
     </span>
    </p>
   </div>
   <div class='ocr_carea' id='block_1_32' title="bbox 178 3056 1765 3129">
    <p class='ocr_par' dir='ltr' id='par_1_32' title="bbox 178 3056 1765 3129">
     <span class='ocr_line' id='line_1_32' title="bbox 178 3056 1765 3129; baseline -0.003 -18"><span class='ocrx_word' id='word_1_210' title='bbox 178 3060 407 3129; x_wconf 70' lang='lat' dir='ltr'><strong>cingulo</strong></span> <span class='ocrx_word' id='word_1_211' title='bbox 444 3074 539 3127; x_wconf 90' lang='lat' dir='ltr'><strong>per</strong></span> <span class='ocrx_word' id='word_1_212' title='bbox 571 3059 940 3112; x_wconf 83' lang='lat' dir='ltr'><strong>marchionem</strong></span> <span class='ocrx_word' id='word_1_213' title='bbox 982 3072 1105 3111; x_wconf 92' lang='lat' dir='ltr'><strong>cum</strong></span> <span class='ocrx_word' id='word_1_214' title='bbox 1142 3071 1334 3124; x_wconf 89' lang='lat' dir='ltr'><strong>pompa</strong></span> <span class='ocrx_word' id='word_1_215' title='bbox 1367 3056 1604 3109; x_wconf 73' lang='lat' dir='ltr'><strong>maxima</strong></span> <span class='ocrx_word' id='word_1_216' title='bbox 1665 3056 1765 3108; x_wconf 83' lang='lat' dir='ltr'><strong>de-</strong></span> 
     </span>
    </p>
   </div>
   <div class='ocr_carea' id='block_1_33' title="bbox 179 3150 1770 3218">
    <p class='ocr_par' dir='ltr' id='par_1_33' title="bbox 179 3150 1770 3218">
     <span class='ocr_line' id='line_1_33' title="bbox 179 3150 1770 3218; baseline -0.004 -12"><span class='ocrx_word' id='word_1_217' title='bbox 179 3163 470 3206; x_wconf 88' lang='lat' dir='ltr'><strong>corantur.</strong></span> <span class='ocrx_word' id='word_1_218' title='bbox 500 3151 571 3203; x_wconf 91' lang='lat' dir='ltr'><strong>lbi</strong></span> <span class='ocrx_word' id='word_1_219' title='bbox 597 3151 945 3205; x_wconf 80' lang='lat' dir='ltr'><strong>dominarum</strong></span> <span class='ocrx_word' id='word_1_220' title='bbox 981 3151 1046 3204; x_wconf 88' lang='lat' dir='ltr'><strong>de</strong></span> <span class='ocrx_word' id='word_1_221' title='bbox 1080 3151 1319 3214; x_wconf 79' lang='lat' dir='ltr'><strong>diversis</strong></span> <span class='ocrx_word' id='word_1_222' title='bbox 1360 3150 1607 3218; x_wconf 80' lang='lat' dir='ltr'><strong>partibus</strong></span> <span class='ocrx_word' id='word_1_223' title='bbox 1660 3150 1770 3200; x_wconf 92' lang='lat' dir='ltr'><strong>for-</strong></span> 
     </span>
    </p>
   </div>
   <div class='ocr_carea' id='block_1_34' title="bbox 182 3241 1769 3309">
    <p class='ocr_par' dir='ltr' id='par_1_34' title="bbox 182 3241 1769 3309">
     <span class='ocr_line' id='line_1_34' title="bbox 182 3241 1769 3309; baseline -0.007 -8"><span class='ocrx_word' id='word_1_224' title='bbox 182 3261 502 3303; x_wconf 85' lang='lat' dir='ltr'><strong>mosarum.</strong></span> <span class='ocrx_word' id='word_1_225' title='bbox 556 3246 697 3298; x_wconf 82' lang='lat' dir='ltr'><strong>sicut</strong></span> <span class='ocrx_word' id='word_1_226' title='bbox 734 3253 788 3298; x_wconf 91' lang='lat' dir='ltr'><strong>et</strong></span> <span class='ocrx_word' id='word_1_227' title='bbox 832 3245 1093 3309; x_wconf 89' lang='lat' dir='ltr'><strong>militum,</strong></span> <span class='ocrx_word' id='word_1_228' title='bbox 1123 3241 1543 3297; x_wconf 84' lang='lat' dir='ltr'><strong>innumerabilis</strong></span> <span class='ocrx_word' id='word_1_229' title='bbox 1598 3241 1769 3295; x_wconf 81' lang='lat' dir='ltr'><strong>exsti-</strong></span> 
     </span>
    </p>
   </div>
   <div class='ocr_carea' id='block_1_35' title="bbox 186 3333 1771 3406">
    <p class='ocr_par' dir='ltr' id='par_1_35' title="bbox 186 3333 1771 3406">
     <span class='ocr_line' id='line_1_35' title="bbox 186 3333 1771 3406; baseline -0.004 -15"><span class='ocrx_word' id='word_1_230' title='bbox 186 3342 255 3393; x_wconf 86' lang='lat' dir='ltr'><strong>tit</strong></span> <span class='ocrx_word' id='word_1_231' title='bbox 292 3345 474 3406; x_wconf 88' lang='lat' dir='ltr'><strong>copta.</strong></span> <span class='ocrx_word' id='word_1_232' title='bbox 505 3338 761 3393; x_wconf 80' lang='lat' dir='ltr'><strong>TentOria</strong></span> <span class='ocrx_word' id='word_1_233' title='bbox 832 3354 928 3406; x_wconf 89' lang='lat' dir='ltr'><strong>per</strong></span> <span class='ocrx_word' id='word_1_234' title='bbox 987 3352 1211 3405; x_wconf 88' lang='lat' dir='ltr'><strong>campos</strong></span> <span class='ocrx_word' id='word_1_235' title='bbox 1253 3347 1464 3394; x_wconf 88' lang='lat' dir='ltr'><strong>erecta,</strong></span> <span class='ocrx_word' id='word_1_236' title='bbox 1534 3333 1771 3387; x_wconf 89' lang='lat' dir='ltr'><strong>scarlato</strong></span> 
     </span>
    </p>
   </div>
   <div class='ocr_carea' id='block_1_36' title="bbox 184 3426 1773 3499">
    <p class='ocr_par' dir='ltr' id='par_1_36' title="bbox 184 3426 1773 3499">
     <span class='ocr_line' id='line_1_36' title="bbox 184 3426 1773 3499; baseline -0.004 -16"><span class='ocrx_word' id='word_1_237' title='bbox 184 3432 556 3495; x_wconf 83' lang='lat' dir='ltr'><strong>circumdata,</strong></span> <span class='ocrx_word' id='word_1_238' title='bbox 612 3447 735 3483; x_wconf 82' lang='lat' dir='ltr'><strong>cum</strong></span> <span class='ocrx_word' id='word_1_239' title='bbox 769 3427 1147 3499; x_wconf 84' lang='lat' dir='ltr'><strong>operimentis,</strong></span> <span class='ocrx_word' id='word_1_240' title='bbox 1177 3426 1453 3481; x_wconf 90' lang='lat' dir='ltr'><strong>subselliis</strong></span> <span class='ocrx_word' id='word_1_241' title='bbox 1486 3434 1539 3479; x_wconf 90' lang='lat' dir='ltr'><strong>et</strong></span> <span class='ocrx_word' id='word_1_242' title='bbox 1572 3433 1773 3477; x_wconf 90' lang='lat' dir='ltr'><strong>strato-</strong></span> 
     </span>
    </p>
   </div>
   <div class='ocr_carea' id='block_1_37' title="bbox 184 3515 1770 3590">
    <p class='ocr_par' dir='ltr' id='par_1_37' title="bbox 184 3515 1770 3590">
     <span class='ocr_line' id='line_1_37' title="bbox 184 3515 1770 3590; baseline -0.006 -13"><span class='ocrx_word' id='word_1_243' title='bbox 184 3524 311 3590; x_wconf 85' lang='lat' dir='ltr'><strong>riis,</strong></span> <span class='ocrx_word' id='word_1_244' title='bbox 342 3524 490 3577; x_wconf 86' lang='lat' dir='ltr'><strong>velut</strong></span> <span class='ocrx_word' id='word_1_245' title='bbox 519 3538 708 3577; x_wconf 82' lang='lat' dir='ltr'><strong>aurum</strong></span> <span class='ocrx_word' id='word_1_246' title='bbox 748 3523 1004 3576; x_wconf 84' lang='lat' dir='ltr'><strong>micantia</strong></span> <span class='ocrx_word' id='word_1_247' title='bbox 1044 3520 1388 3573; x_wconf 79' lang='lat' dir='ltr'><strong>videbantur.</strong></span> <span class='ocrx_word' id='word_1_248' title='bbox 1430 3516 1585 3571; x_wconf 88' lang='lat' dir='ltr'><strong>Putei</strong></span> <span class='ocrx_word' id='word_1_249' title='bbox 1627 3515 1770 3584; x_wconf 89' lang='lat' dir='ltr'><strong>pleni</strong></span> 
     </span>
    </p>
   </div>
   <div class='ocr_carea' id='block_1_38' title="bbox 184 3611 1776 3680">
    <p class='ocr_par' dir='ltr' id='par_1_38' title="bbox 184 3611 1776 3680">
     <span class='ocr_line' id='line_1_38' title="bbox 184 3611 1776 3680; baseline -0.005 -10"><span class='ocrx_word' id='word_1_250' title='bbox 184 3618 348 3679; x_wconf 65' lang='lat' dir='ltr'><strong>vino,</strong></span> <span class='ocrx_word' id='word_1_251' title='bbox 381 3617 639 3670; x_wconf 83' lang='lat' dir='ltr'><strong>cerevisia</strong></span> <span class='ocrx_word' id='word_1_252' title='bbox 675 3624 725 3667; x_wconf 91' lang='lat' dir='ltr'><strong>et</strong></span> <span class='ocrx_word' id='word_1_253' title='bbox 758 3615 1006 3675; x_wconf 89' lang='lat' dir='ltr'><strong>medone,</strong></span> <span class='ocrx_word' id='word_1_254' title='bbox 1058 3612 1123 3665; x_wconf 89' lang='lat' dir='ltr'><strong>ad</strong></span> <span class='ocrx_word' id='word_1_255' title='bbox 1177 3611 1517 3680; x_wconf 89' lang='lat' dir='ltr'><strong>potandum;</strong></span> <span class='ocrx_word' id='word_1_256' title='bbox 1578 3623 1776 3677; x_wconf 84' lang='lat' dir='ltr'><strong>specus</strong></span> 
     </span>
    </p>
   </div>
   <div class='ocr_carea' id='block_1_39' title="bbox 186 3703 1777 3778">
    <p class='ocr_par' dir='ltr' id='par_1_39' title="bbox 186 3703 1777 3778">
     <span class='ocr_line' id='line_1_39' title="bbox 186 3703 1777 3778; baseline -0.004 -16"><span class='ocrx_word' id='word_1_257' title='bbox 186 3712 416 3777; x_wconf 68' lang='lat' dir='ltr'><strong>repletae</strong></span> <span class='ocrx_word' id='word_1_258' title='bbox 466 3709 746 3768; x_wconf 85' lang='lat' dir='ltr'><strong>carnibus.</strong></span> <span class='ocrx_word' id='word_1_259' title='bbox 804 3708 1052 3778; x_wconf 87' lang='lat' dir='ltr'><strong>piscibus</strong></span> <span class='ocrx_word' id='word_1_260' title='bbox 1111 3715 1164 3761; x_wconf 86' lang='lat' dir='ltr'><strong>et</strong></span> <span class='ocrx_word' id='word_1_261' title='bbox 1228 3703 1551 3768; x_wconf 85' lang='lat' dir='ltr'><strong>frumento;</strong></span> <span class='ocrx_word' id='word_1_262' title='bbox 1612 3716 1777 3755; x_wconf 81' lang='lat' dir='ltr'><strong>naves</strong></span> 
     </span>
    </p>
   </div>
   <div class='ocr_carea' id='block_1_40' title="bbox 186 3794 1780 3873">
    <p class='ocr_par' dir='ltr' id='par_1_40' title="bbox 186 3794 1780 3873">
     <span class='ocr_line' id='line_1_40' title="bbox 186 3794 1780 3873; baseline -0.008 -17"><span class='ocrx_word' id='word_1_263' title='bbox 186 3814 411 3857; x_wconf 71' lang='lat' dir='ltr'><strong>onusta:</strong></span> <span class='ocrx_word' id='word_1_264' title='bbox 442 3802 728 3873; x_wconf 76' lang='lat' dir='ltr'><strong>speciebus</strong></span> <span class='ocrx_word' id='word_1_265' title='bbox 753 3799 1092 3862; x_wconf 84' lang='lat' dir='ltr'><strong>aromaticis,</strong></span> <span class='ocrx_word' id='word_1_266' title='bbox 1126 3799 1191 3851; x_wconf 88' lang='lat' dir='ltr'><strong>ad</strong></span> <span class='ocrx_word' id='word_1_267' title='bbox 1217 3797 1529 3865; x_wconf 86' lang='lat' dir='ltr'><strong>corporales</strong></span> <span class='ocrx_word' id='word_1_268' title='bbox 1556 3794 1780 3864; x_wconf 83' lang='lat' dir='ltr'><strong>explen—</strong></span> 
     </span>
    </p>
   </div>
   <div class='ocr_carea' id='block_1_41' title="bbox 184 3887 1776 3960">
    <p class='ocr_par' dir='ltr' id='par_1_41' title="bbox 184 3887 1776 3960">
     <span class='ocr_line' id='line_1_41' title="bbox 184 3887 1776 3960; baseline -0.008 -12"><span class='ocrx_word' id='word_1_269' title='bbox 184 3896 293 3948; x_wconf 70' lang='lat' dir='ltr'><strong>das</strong></span> <span class='ocrx_word' id='word_1_270' title='bbox 328 3895 577 3956; x_wconf 71' lang='lat' dir='ltr'><strong>delicias,</strong></span> <span class='ocrx_word' id='word_1_271' title='bbox 616 3893 976 3947; x_wconf 89' lang='lat' dir='ltr'><strong>habebantur.</strong></span> <span class='ocrx_word' id='word_1_272' title='bbox 1012 3892 1147 3956; x_wconf 62' lang='lat' dir='ltr'><strong>Qum</strong></span> <span class='ocrx_word' id='word_1_273' title='bbox 1176 3890 1395 3960; x_wconf 85' lang='lat' dir='ltr'><strong>quidem</strong></span> <span class='ocrx_word' id='word_1_274' title='bbox 1448 3887 1620 3956; x_wconf 79' lang='lat' dir='ltr'><strong>gloria</strong></span> <span class='ocrx_word' id='word_1_275' title='bbox 1656 3893 1776 3954; x_wconf 89' lang='lat' dir='ltr'><strong>post</strong></span> 
     </span>
    </p>
   </div>
   <div class='ocr_carea' id='block_1_42' title="bbox 187 3971 1776 4045">
    <p class='ocr_par' dir='ltr' id='par_1_42' title="bbox 187 3971 1776 4045">
     <span class='ocr_line' id='line_1_42' title="bbox 187 3971 1776 4045; baseline -0.009 -7"><span class='ocrx_word' id='word_1_276' title='bbox 187 3988 315 4040; x_wconf 70' lang='lat' dir='ltr'><strong>hrrc</strong></span> <span class='ocrx_word' id='word_1_277' title='bbox 351 3985 402 4038; x_wconf 92' lang='lat' dir='ltr'><strong>iu</strong></span> <span class='ocrx_word' id='word_1_278' title='bbox 439 3984 671 4038; x_wconf 73' lang='lat' dir='ltr'><strong>favillam</strong></span> <span class='ocrx_word' id='word_1_279' title='bbox 705 3982 851 4036; x_wconf 83' lang='lat' dir='ltr'><strong>brevi</strong></span> <span class='ocrx_word' id='word_1_280' title='bbox 890 3990 973 4034; x_wconf 82' lang='lat' dir='ltr'><strong>est</strong></span> <span class='ocrx_word' id='word_1_281' title='bbox 1006 3980 1251 4041; x_wconf 88' lang='lat' dir='ltr'><strong>redacta,</strong></span> <span class='ocrx_word' id='word_1_282' title='bbox 1313 3985 1533 4045; x_wconf 85' lang='lat' dir='ltr'><strong>propter</strong></span> <span class='ocrx_word' id='word_1_283' title='bbox 1560 3971 1776 4039; x_wconf 86' lang='lat' dir='ltr'><strong>nuptias</strong></span> 
     </span>
    </p>
   </div>
   <div class='ocr_carea' id='block_1_43' title="bbox 186 4065 1777 4143">
    <p class='ocr_par' dir='ltr' id='par_1_43' title="bbox 186 4065 1777 4143">
     <span class='ocr_line' id='line_1_43' title="bbox 186 4065 1777 4143; baseline -0.009 -14"><span class='ocrx_word' id='word_1_284' title='bbox 186 4078 444 4137; x_wconf 72' lang='lat' dir='ltr'><strong>illicitas,</strong></span> <span class='ocrx_word' id='word_1_285' title='bbox 482 4090 533 4128; x_wconf 88' lang='lat' dir='ltr'><strong>et</strong></span> <span class='ocrx_word' id='word_1_286' title='bbox 578 4075 775 4128; x_wconf 78' lang='lat' dir='ltr'><strong>fastum</strong></span> <span class='ocrx_word' id='word_1_287' title='bbox 833 4075 1017 4143; x_wconf 72' lang='lat' dir='ltr'><strong>glorize</strong></span> <span class='ocrx_word' id='word_1_288' title='bbox 1078 4070 1417 4140; x_wconf 86' lang='lat' dir='ltr'><strong>temporalis.</strong></span> <span class='ocrx_word' id='word_1_289' title='bbox 1472 4066 1605 4119; x_wconf 78' lang='lat' dir='ltr'><strong>Nam</strong></span> <span class='ocrx_word' id='word_1_290' title='bbox 1658 4065 1777 4131; x_wconf 87' lang='lat' dir='ltr'><strong>ipse</strong></span> 
     </span>
    </p>
   </div>
   <div class='ocr_carea' id='block_1_44' title="bbox 192 4155 1777 4223">
    <p class='ocr_par' dir='ltr' id='par_1_44' title="bbox 192 4155 1777 4223">
     <span class='ocr_line' id='line_1_44' title="bbox 192 4155 1777 4223; baseline -0.01 0"><span class='ocrx_word' id='word_1_291' title='bbox 192 4171 568 4223; x_wconf 73' lang='lat' dir='ltr'><strong>\‘oldemarus</strong></span> <span class='ocrx_word' id='word_1_292' title='bbox 598 4168 839 4223; x_wconf 83' lang='lat' dir='ltr'><strong>marcbio</strong></span> <span class='ocrx_word' id='word_1_293' title='bbox 869 4169 989 4219; x_wconf 91' lang='lat' dir='ltr'><strong>sine</strong></span> <span class='ocrx_word' id='word_1_294' title='bbox 1027 4165 1240 4218; x_wconf 67' lang='lat' dir='ltr'><strong>luere-ile</strong></span> <span class='ocrx_word' id='word_1_295' title='bbox 1293 4162 1550 4219; x_wconf 87' lang='lat' dir='ltr'><strong>decessit,</strong></span> <span class='ocrx_word' id='word_1_296' title='bbox 1607 4166 1658 4211; x_wconf 91' lang='lat' dir='ltr'><strong>et</strong></span> <span class='ocrx_word' id='word_1_297' title='bbox 1711 4155 1777 4210; x_wconf 91' lang='lat' dir='ltr'><strong>ad</strong></span> 
     </span>
    </p>
   </div>
   <div class='ocr_carea' id='block_1_45' title="bbox 191 4249 1781 4335">
    <p class='ocr_par' dir='ltr' id='par_1_45' title="bbox 191 4249 1781 4335">
     <span class='ocr_line' id='line_1_45' title="bbox 191 4249 1781 4335; baseline -0.018 -15"><span class='ocrx_word' id='word_1_298' title='bbox 191 4265 496 4335; x_wconf 85' lang='lat' dir='ltr'><strong>imperium</strong></span> <span class='ocrx_word' id='word_1_299' title='bbox 534 4269 677 4314; x_wconf 83' lang='lat' dir='ltr'><strong>totus</strong></span> <span class='ocrx_word' id='word_1_300' title='bbox 711 4262 800 4312; x_wconf 86' lang='lat' dir='ltr'><strong>ille</strong></span> <span class='ocrx_word' id='word_1_301' title='bbox 822 4258 1163 4327; x_wconf 89' lang='lat' dir='ltr'><strong>principatus</strong></span> <span class='ocrx_word' id='word_1_302' title='bbox 1218 4250 1588 4320; x_wconf 87' lang='lat' dir='ltr'><strong>amplissimus</strong></span> <span class='ocrx_word' id='word_1_303' title='bbox 1621 4249 1781 4300; x_wconf 66' lang='grc' dir='ltr'><strong>ἀρνυ-</strong></span> 
     </span>
    </p>
   </div>
   <div class='ocr_carea' id='block_1_46' title="bbox 188 4339 1783 4416">
    <p class='ocr_par' dir='ltr' id='par_1_46' title="bbox 188 4339 1783 4416">
     <span class='ocr_line' id='line_1_46' title="bbox 188 4339 1783 4416; baseline -0.018 0"><span class='ocrx_word' id='word_1_304' title='bbox 188 4363 353 4416; x_wconf 79' lang='lat' dir='ltr'><strong>lutns</strong></span> <span class='ocrx_word' id='word_1_305' title='bbox 384 4356 505 4409; x_wconf 83' lang='lat' dir='ltr'><strong>fuit.</strong></span> <span class='ocrx_word' id='word_1_306' title='bbox 538 4354 815 4405; x_wconf 78' lang='lat' dir='ltr'><strong>Hactenus</strong></span> <span class='ocrx_word' id='word_1_307' title='bbox 848 4348 1134 4402; x_wconf 90' lang='lat' dir='ltr'><strong>Annalium</strong></span> <span class='ocrx_word' id='word_1_308' title='bbox 1163 4346 1349 4404; x_wconf 75' lang='lat' dir='ltr'><strong>verba,</strong></span> <span class='ocrx_word' id='word_1_309' title='bbox 1410 4356 1642 4408; x_wconf 79' lang='lat' dir='ltr'><strong>quorum</strong></span> <span class='ocrx_word' id='word_1_310' title='bbox 1706 4339 1783 4391; x_wconf 78' lang='lat' dir='ltr'><strong>Ie.-</strong></span> 
     </span>
    </p>
   </div>
   <div class='ocr_carea' id='block_1_47' title="bbox 194 4429 1789 4517">
    <p class='ocr_par' dir='ltr' id='par_1_47' title="bbox 194 4429 1789 4517">
     <span class='ocr_line' id='line_1_47' title="bbox 194 4429 1789 4517; baseline -0.018 -8"><span class='ocrx_word' id='word_1_311' title='bbox 194 4454 447 4509; x_wconf 87' lang='lat' dir='ltr'><strong>clioncm</strong></span> <span class='ocrx_word' id='word_1_312' title='bbox 491 4447 775 4515; x_wconf 75' lang='lat' dir='ltr'><strong>Magnilico</strong></span> <span class='ocrx_word' id='word_1_313' title='bbox 809 4443 1041 4495; x_wconf 89' lang='lat' dir='ltr'><strong>Domino</strong></span> <span class='ocrx_word' id='word_1_314' title='bbox 1069 4438 1401 4507; x_wconf 82' lang='lat' dir='ltr'><strong>Hieronymo</strong></span> <span class='ocrx_word' id='word_1_315' title='bbox 1436 4431 1571 4485; x_wconf 84' lang='lat' dir='ltr'><strong>Beck</strong></span> <span class='ocrx_word' id='word_1_316' title='bbox 1594 4447 1621 4484; x_wconf 91' lang='lat' dir='ltr'><strong>a</strong></span> <span class='ocrx_word' id='word_1_317' title='bbox 1654 4429 1789 4517; x_wconf 60' lang='lat' dir='ltr'><strong>Leo-</strong></span> 
     </span>
    </p>
   </div>
   <div class='ocr_carea' id='block_1_48' title="bbox 1861 555 3432 627">
    <p class='ocr_par' dir='ltr' id='par_1_48' title="bbox 1861 555 3432 627">
     <span class='ocr_line' id='line_1_48' title="bbox 1861 555 3432 627; baseline 0.004 -21"><span class='ocrx_word' id='word_1_318' title='bbox 1861 555 1931 607; x_wconf 90' lang='lat' dir='ltr'><strong>tis</strong></span> <span class='ocrx_word' id='word_1_319' title='bbox 1956 556 2181 615; x_wconf 74' lang='lat' dir='ltr'><strong>eli-ctus,</strong></span> <span class='ocrx_word' id='word_1_320' title='bbox 2207 555 2350 624; x_wconf 87' lang='lat' dir='ltr'><strong>quod</strong></span> <span class='ocrx_word' id='word_1_321' title='bbox 2376 556 2530 609; x_wconf 88' lang='lat' dir='ltr'><strong>illum</strong></span> <span class='ocrx_word' id='word_1_322' title='bbox 2583 556 2726 609; x_wconf 72' lang='lat' dir='ltr'><strong>velut</strong></span> <span class='ocrx_word' id='word_1_323' title='bbox 2755 556 3039 620; x_wconf 58' lang='lat' dir='ltr'><strong>aemulum,</strong></span> <span class='ocrx_word' id='word_1_324' title='bbox 3072 557 3163 624; x_wconf 83' lang='lat' dir='ltr'><strong>qui</strong></span> <span class='ocrx_word' id='word_1_325' title='bbox 3224 566 3432 627; x_wconf 85' lang='lat' dir='ltr'><strong>patrem</strong></span> 
     </span>
    </p>
   </div>
   <div class='ocr_carea' id='block_1_49' title="bbox 1862 650 3434 717">
    <p class='ocr_par' dir='ltr' id='par_1_49' title="bbox 1862 650 3434 717">
     <span class='ocr_line' id='line_1_49' title="bbox 1862 650 3434 717; baseline 0.001 -14"><span class='ocrx_word' id='word_1_326' title='bbox 1862 650 2143 703; x_wconf 81' lang='lat' dir='ltr'><strong>habuisset</strong></span> <span class='ocrx_word' id='word_1_327' title='bbox 2177 650 2584 717; x_wconf 85' lang='lat' dir='ltr'><strong>imperatorem,</strong></span> <span class='ocrx_word' id='word_1_328' title='bbox 2620 668 2723 703; x_wconf 91' lang='lat' dir='ltr'><strong>non</strong></span> <span class='ocrx_word' id='word_1_329' title='bbox 2761 652 2857 705; x_wconf 90' lang='lat' dir='ltr'><strong>abs</strong></span> <span class='ocrx_word' id='word_1_330' title='bbox 2885 667 2942 705; x_wconf 90' lang='lat' dir='ltr'><strong>re</strong></span> <span class='ocrx_word' id='word_1_331' title='bbox 2967 650 3072 706; x_wconf 89' lang='lat' dir='ltr'><strong>sibi</strong></span> <span class='ocrx_word' id='word_1_332' title='bbox 3100 652 3321 716; x_wconf 79' lang='lat' dir='ltr'><strong>suisque</strong></span> <span class='ocrx_word' id='word_1_333' title='bbox 3348 669 3434 705; x_wconf 88' lang='lat' dir='ltr'><strong>re-</strong></span> 
     </span>
    </p>
   </div>
   <div class='ocr_carea' id='block_1_50' title="bbox 1863 743 3437 811">
    <p class='ocr_par' dir='ltr' id='par_1_50' title="bbox 1863 743 3437 811">
     <span class='ocr_line' id='line_1_50' title="bbox 1863 743 3437 811; baseline 0.002 -17"><span class='ocrx_word' id='word_1_334' title='bbox 1863 745 1963 797; x_wconf 89' lang='lat' dir='ltr'><strong>bus</strong></span> <span class='ocrx_word' id='word_1_335' title='bbox 2000 743 2396 797; x_wconf 80' lang='lat' dir='ltr'><strong>formidabilem</strong></span> <span class='ocrx_word' id='word_1_336' title='bbox 2433 754 2645 811; x_wconf 86' lang='lat' dir='ltr'><strong>putaret</strong></span> <span class='ocrx_word' id='word_1_337' title='bbox 2674 764 2686 797; x_wconf 91' lang='lat'>:</span> <span class='ocrx_word' id='word_1_338' title='bbox 2717 746 3197 799; x_wconf 84' lang='lat' dir='ltr'><strong>volebatenmdem</strong></span> <span class='ocrx_word' id='word_1_339' title='bbox 3232 745 3437 799; x_wconf 87' lang='lat' dir='ltr'><strong>ditione</strong></span> 
     </span>
    </p>
   </div>
   <div class='ocr_carea' id='block_1_51' title="bbox 1860 824 3436 908">
    <p class='ocr_par' dir='ltr' id='par_1_51' title="bbox 1860 824 3436 908">
     <span class='ocr_line' id='line_1_51' title="bbox 1860 824 3436 908; baseline 0.003 -21"><span class='ocrx_word' id='word_1_340' title='bbox 1860 835 2302 902; x_wconf 77' lang='lat' dir='ltr'><strong>Brandebnrgica</strong></span> <span class='ocrx_word' id='word_1_341' title='bbox 2359 837 2575 905; x_wconf 88' lang='lat' dir='ltr'><strong>pulsum</strong></span> <span class='ocrx_word' id='word_1_342' title='bbox 2646 837 2968 907; x_wconf 73' lang='lat' dir='ltr'><strong>lludolphus</strong></span> <span class='ocrx_word' id='word_1_343' title='bbox 3032 839 3199 899; x_wconf 81' lang='lat' dir='ltr'><strong>Saxo,</strong></span> <span class='ocrx_word' id='word_1_344' title='bbox 3265 824 3436 908; x_wconf 86' lang='lat' dir='ltr'><strong>stirpe</strong></span> 
     </span>
    </p>
   </div>
   <div class='ocr_carea' id='block_1_52' title="bbox 1862 929 3438 998">
    <p class='ocr_par' dir='ltr' id='par_1_52' title="bbox 1862 929 3438 998">
     <span class='ocr_line' id='line_1_52' title="bbox 1862 929 3438 998; baseline 0.003 -18"><span class='ocrx_word' id='word_1_345' title='bbox 1862 930 2283 982; x_wconf 90' lang='lat' dir='ltr'><strong>Anhaltinornm</strong></span> <span class='ocrx_word' id='word_1_346' title='bbox 2310 946 2371 982; x_wconf 86' lang='lat' dir='ltr'><strong>ex</strong></span> <span class='ocrx_word' id='word_1_347' title='bbox 2410 931 2612 983; x_wconf 83' lang='lat' dir='ltr'><strong>Alberti</strong></span> <span class='ocrx_word' id='word_1_348' title='bbox 2646 929 2774 985; x_wconf 85' lang='lat' dir='ltr'><strong>Urs.</strong></span> <span class='ocrx_word' id='word_1_349' title='bbox 2836 932 3076 998; x_wconf 84' lang='lat' dir='ltr'><strong>posteris</strong></span> <span class='ocrx_word' id='word_1_350' title='bbox 3113 932 3315 993; x_wconf 87' lang='lat' dir='ltr'><strong>editus,</strong></span> <span class='ocrx_word' id='word_1_351' title='bbox 3381 943 3438 984; x_wconf 91' lang='lat' dir='ltr'><strong>ut</strong></span> 
     </span>
    </p>
   </div>
   <div class='ocr_carea' id='block_1_53' title="bbox 1863 1024 3435 1093">
    <p class='ocr_par' dir='ltr' id='par_1_53' title="bbox 1863 1024 3435 1093">
     <span class='ocr_line' id='line_1_53' title="bbox 1863 1024 3435 1093; baseline 0.001 -17"><span class='ocrx_word' id='word_1_352' title='bbox 1863 1025 2041 1091; x_wconf 87' lang='lat' dir='ltr'><strong>aliqua</strong></span> <span class='ocrx_word' id='word_1_353' title='bbox 2074 1025 2286 1077; x_wconf 89' lang='lat' dir='ltr'><strong>ratione</strong></span> <span class='ocrx_word' id='word_1_354' title='bbox 2340 1024 2702 1092; x_wconf 84' lang='lat' dir='ltr'><strong>principatum</strong></span> <span class='ocrx_word' id='word_1_355' title='bbox 2748 1024 2895 1077; x_wconf 78' lang='grc' dir='ltr'><strong>ἰιιιιιιι</strong></span> <span class='ocrx_word' id='word_1_356' title='bbox 2929 1026 3033 1079; x_wconf 88' lang='lat' dir='ltr'><strong>sibi</strong></span> <span class='ocrx_word' id='word_1_357' title='bbox 3062 1026 3290 1093; x_wconf 81' lang='lat' dir='ltr'><strong>suisque</strong></span> <span class='ocrx_word' id='word_1_358' title='bbox 3354 1040 3435 1078; x_wconf 90' lang='lat' dir='ltr'><strong>re-</strong></span> 
     </span>
    </p>
   </div>
   <div class='ocr_carea' id='block_1_54' title="bbox 1862 1118 3435 1188">
    <p class='ocr_par' dir='ltr' id='par_1_54' title="bbox 1862 1118 3435 1188">
     <span class='ocr_line' id='line_1_54' title="bbox 1862 1118 3435 1188; baseline 0.004 -22"><span class='ocrx_word' id='word_1_359' title='bbox 1862 1126 2045 1185; x_wconf 80' lang='lat' dir='ltr'><strong>petere</strong></span> <span class='ocrx_word' id='word_1_360' title='bbox 2070 1120 2285 1170; x_wconf 77' lang='lat' dir='ltr'><strong>tandem</strong></span> <span class='ocrx_word' id='word_1_361' title='bbox 2324 1118 2618 1185; x_wconf 85' lang='lat' dir='ltr'><strong>aliquando</strong></span> <span class='ocrx_word' id='word_1_362' title='bbox 2656 1128 2861 1187; x_wconf 83' lang='lat' dir='ltr'><strong>posset,</strong></span> <span class='ocrx_word' id='word_1_363' title='bbox 2897 1134 3059 1188; x_wconf 89' lang='lat' dir='ltr'><strong>quem</strong></span> <span class='ocrx_word' id='word_1_364' title='bbox 3118 1118 3245 1188; x_wconf 82' lang='lat' dir='ltr'><strong>jure</strong></span> <span class='ocrx_word' id='word_1_365' title='bbox 3300 1136 3435 1188; x_wconf 88' lang='lat' dir='ltr'><strong>pro-</strong></span> 
     </span>
    </p>
   </div>
   <div class='ocr_carea' id='block_1_55' title="bbox 1865 1211 3438 1284">
    <p class='ocr_par' dir='ltr' id='par_1_55' title="bbox 1865 1211 3438 1284">
     <span class='ocr_line' id='line_1_55' title="bbox 1865 1211 3438 1284; baseline 0.005 -23"><span class='ocrx_word' id='word_1_366' title='bbox 1865 1211 2246 1278; x_wconf 88' lang='lat' dir='ltr'><strong>pinquitatatis</strong></span> <span class='ocrx_word' id='word_1_367' title='bbox 2299 1220 2351 1264; x_wconf 87' lang='lat' dir='ltr'><strong>et</strong></span> <span class='ocrx_word' id='word_1_368' title='bbox 2411 1214 2719 1281; x_wconf 79' lang='lat' dir='ltr'><strong>agnationis</strong></span> <span class='ocrx_word' id='word_1_369' title='bbox 2768 1229 2892 1268; x_wconf 91' lang='lat' dir='ltr'><strong>cum</strong></span> <span class='ocrx_word' id='word_1_370' title='bbox 2972 1212 3438 1284; x_wconf 75' lang='lat' dir='ltr'><strong>Brandeburgicis</strong></span> 
     </span>
    </p>
   </div>
   <div class='ocr_carea' id='block_1_56' title="bbox 1864 1303 3436 1377">
    <p class='ocr_par' dir='ltr' id='par_1_56' title="bbox 1864 1303 3436 1377">
     <span class='ocr_line' id='line_1_56' title="bbox 1864 1303 3436 1377; baseline 0.005 -24"><span class='ocrx_word' id='word_1_371' title='bbox 1864 1303 2205 1371; x_wconf 85' lang='lat' dir='ltr'><strong>principibus</strong></span> <span class='ocrx_word' id='word_1_372' title='bbox 2252 1307 2562 1369; x_wconf 77' lang='lat' dir='ltr'><strong>exstinctis,</strong></span> <span class='ocrx_word' id='word_1_373' title='bbox 2623 1309 2686 1359; x_wconf 90' lang='lat' dir='ltr'><strong>ad</strong></span> <span class='ocrx_word' id='word_1_374' title='bbox 2744 1325 2801 1361; x_wconf 92' lang='lat' dir='ltr'><strong>se</strong></span> <span class='ocrx_word' id='word_1_375' title='bbox 2855 1309 3135 1377; x_wconf 82' lang='lat' dir='ltr'><strong>pertinere</strong></span> <span class='ocrx_word' id='word_1_376' title='bbox 3193 1310 3436 1376; x_wconf 89' lang='lat' dir='ltr'><strong>putabat.</strong></span> 
     </span>
    </p>
   </div>
   <div class='ocr_carea' id='block_1_57' title="bbox 1865 1394 3438 1467">
    <p class='ocr_par' dir='ltr' id='par_1_57' title="bbox 1865 1394 3438 1467">
     <span class='ocr_line' id='line_1_57' title="bbox 1865 1394 3438 1467; baseline 0.003 -20"><span class='ocrx_word' id='word_1_377' title='bbox 1865 1394 2127 1449; x_wconf 83' lang='lat' dir='ltr'><strong>Triennio</strong></span> <span class='ocrx_word' id='word_1_378' title='bbox 2163 1407 2275 1451; x_wconf 91' lang='lat' dir='ltr'><strong>toto</strong></span> <span class='ocrx_word' id='word_1_379' title='bbox 2326 1399 2566 1453; x_wconf 79' lang='lat' dir='ltr'><strong>Muratcs</strong></span> <span class='ocrx_word' id='word_1_380' title='bbox 2597 1400 2826 1464; x_wconf 78' lang='lat' dir='ltr'><strong>imperio</strong></span> <span class='ocrx_word' id='word_1_381' title='bbox 2878 1400 3033 1467; x_wconf 90' lang='lat' dir='ltr'><strong>potiri</strong></span> <span class='ocrx_word' id='word_1_382' title='bbox 3092 1400 3281 1466; x_wconf 88' lang='lat' dir='ltr'><strong>quieto</strong></span> <span class='ocrx_word' id='word_1_383' title='bbox 3334 1416 3438 1453; x_wconf 91' lang='lat' dir='ltr'><strong>non</strong></span> 
     </span>
    </p>
   </div>
   <div class='ocr_carea' id='block_1_58' title="bbox 1867 1490 3441 1561">
    <p class='ocr_par' dir='ltr' id='par_1_58' title="bbox 1867 1490 3441 1561">
     <span class='ocr_line' id='line_1_58' title="bbox 1867 1490 3441 1561; baseline 0.001 -21"><span class='ocrx_word' id='word_1_384' title='bbox 1867 1490 2064 1558; x_wconf 89' lang='lat' dir='ltr'><strong>potuit,</strong></span> <span class='ocrx_word' id='word_1_385' title='bbox 2101 1491 2428 1546; x_wconf 86' lang='lat' dir='ltr'><strong>defendente</strong></span> <span class='ocrx_word' id='word_1_386' title='bbox 2463 1509 2521 1546; x_wconf 91' lang='lat' dir='ltr'><strong>se</strong></span> <span class='ocrx_word' id='word_1_387' title='bbox 2546 1492 2667 1546; x_wconf 91' lang='lat' dir='ltr'><strong>istic</strong></span> <span class='ocrx_word' id='word_1_388' title='bbox 2726 1492 3031 1561; x_wconf 80' lang='lat' dir='ltr'><strong>Mustapha,</strong></span> <span class='ocrx_word' id='word_1_389' title='bbox 3061 1509 3257 1561; x_wconf 87' lang='lat' dir='ltr'><strong>resque</strong></span> <span class='ocrx_word' id='word_1_390' title='bbox 3326 1502 3441 1545; x_wconf 82' lang='lat' dir='ltr'><strong>tur-.</strong></span> 
     </span>
    </p>
   </div>
   <div class='ocr_carea' id='block_1_59' title="bbox 1870 1583 3436 1642">
    <p class='ocr_par' dir='ltr' id='par_1_59' title="bbox 1870 1583 3436 1642">
     <span class='ocr_line' id='line_1_59' title="bbox 1870 1583 3436 1642; baseline 0.002 -6"><span class='ocrx_word' id='word_1_391' title='bbox 1870 1583 2030 1636; x_wconf 90' lang='lat' dir='ltr'><strong>hante</strong></span> <span class='ocrx_word' id='word_1_392' title='bbox 2066 1584 2327 1638; x_wconf 84' lang='lat' dir='ltr'><strong>&#39;l‘urcicas</strong></span> <span class='ocrx_word' id='word_1_393' title='bbox 2359 1603 2372 1638; x_wconf 93' lang='lat'><strong>:</strong></span> <span class='ocrx_word' id='word_1_394' title='bbox 2409 1586 2497 1639; x_wconf 92' lang='lat' dir='ltr'><strong>hic</strong></span> <span class='ocrx_word' id='word_1_395' title='bbox 2539 1587 2778 1640; x_wconf 89' lang='lat' dir='ltr'><strong>triennio</strong></span> <span class='ocrx_word' id='word_1_396' title='bbox 2806 1602 2905 1639; x_wconf 88' lang='lat' dir='ltr'><strong>nec</strong></span> <span class='ocrx_word' id='word_1_397' title='bbox 2943 1587 3187 1641; x_wconf 84' lang='lat' dir='ltr'><strong>Bavarus</strong></span> <span class='ocrx_word' id='word_1_398' title='bbox 3222 1590 3296 1641; x_wconf 94' lang='lat' dir='ltr'><strong>uti</strong></span> <span class='ocrx_word' id='word_1_399' title='bbox 3331 1589 3436 1642; x_wconf 88' lang='lat' dir='ltr'><strong>frui</strong></span> 
     </span>
    </p>
   </div>
   <div class='ocr_carea' id='block_1_60' title="bbox 1870 1675 3441 1747">
    <p class='ocr_par' dir='ltr' id='par_1_60' title="bbox 1870 1675 3441 1747">
     <span class='ocr_line' id='line_1_60' title="bbox 1870 1675 3441 1747; baseline 0.004 -19"><span class='ocrx_word' id='word_1_400' title='bbox 1870 1675 2313 1747; x_wconf 79' lang='lat' dir='ltr'><strong>Brandeburgica</strong></span> <span class='ocrx_word' id='word_1_401' title='bbox 2348 1680 2593 1745; x_wconf 74' lang='lat' dir='ltr'><strong>regione,</strong></span> <span class='ocrx_word' id='word_1_402' title='bbox 2618 1695 2719 1732; x_wconf 85' lang='lat' dir='ltr'><strong>nec</strong></span> <span class='ocrx_word' id='word_1_403' title='bbox 2758 1679 2901 1731; x_wconf 82' lang='lat' dir='ltr'><strong>vinci</strong></span> <span class='ocrx_word' id='word_1_404' title='bbox 2936 1680 3115 1747; x_wconf 80' lang='lat' dir='ltr'><strong>potuit</strong></span> <span class='ocrx_word' id='word_1_405' title='bbox 3148 1681 3441 1734; x_wconf 84' lang='lat' dir='ltr'><strong>Voldema-</strong></span> 
     </span>
    </p>
   </div>
   <div class='ocr_carea' id='block_1_61' title="bbox 1871 1769 3445 1839">
    <p class='ocr_par' dir='ltr' id='par_1_61' title="bbox 1871 1769 3445 1839">
     <span class='ocr_line' id='line_1_61' title="bbox 1871 1769 3445 1839; baseline 0.001 -15"><span class='ocrx_word' id='word_1_406' title='bbox 1871 1787 1986 1824; x_wconf 79' lang='lat' dir='ltr'><strong>rus.</strong></span> <span class='ocrx_word' id='word_1_407' title='bbox 2026 1769 2328 1839; x_wconf 66' lang='lat' dir='ltr'><strong>Mustapba:</strong></span> <span class='ocrx_word' id='word_1_408' title='bbox 2348 1773 2519 1826; x_wconf 90' lang='lat' dir='ltr'><strong>tristis</strong></span> <span class='ocrx_word' id='word_1_409' title='bbox 2554 1772 2785 1825; x_wconf 91' lang='lat' dir='ltr'><strong>fuitillic</strong></span> <span class='ocrx_word' id='word_1_410' title='bbox 2814 1774 3017 1830; x_wconf 78' lang='lat' dir='ltr'><strong>exitus.</strong></span> <span class='ocrx_word' id='word_1_411' title='bbox 3052 1776 3139 1827; x_wconf 84' lang='lat' dir='ltr'><strong>hic</strong></span> <span class='ocrx_word' id='word_1_412' title='bbox 3176 1774 3445 1827; x_wconf 81' lang='lat' dir='ltr'><strong>infelicior</strong></span> 
     </span>
    </p>
   </div>
   <div class='ocr_carea' id='block_1_62' title="bbox 1864 1864 3446 1935">
    <p class='ocr_par' dir='ltr' id='par_1_62' title="bbox 1864 1864 3446 1935">
     <span class='ocr_line' id='line_1_62' title="bbox 1864 1864 3446 1935; baseline 0.002 -17"><span class='ocrx_word' id='word_1_413' title='bbox 1864 1866 2138 1919; x_wconf 88' lang='lat' dir='ltr'><strong>molitoris</strong></span> <span class='ocrx_word' id='word_1_414' title='bbox 2169 1864 2507 1921; x_wconf 82' lang='lat' dir='ltr'><strong>Voldemari.</strong></span> <span class='ocrx_word' id='word_1_415' title='bbox 2566 1865 2908 1935; x_wconf 80' lang='lat' dir='ltr'><strong>Mustapham</strong></span> <span class='ocrx_word' id='word_1_416' title='bbox 2948 1869 3063 1920; x_wconf 84' lang='lat' dir='ltr'><strong>neci</strong></span> <span class='ocrx_word' id='word_1_417' title='bbox 3096 1868 3244 1919; x_wconf 88' lang='lat' dir='ltr'><strong>dedit</strong></span> <span class='ocrx_word' id='word_1_418' title='bbox 3323 1869 3446 1921; x_wconf 87' lang='lat' dir='ltr'><strong>istic</strong></span> 
     </span>
    </p>
   </div>
   <div class='ocr_carea' id='block_1_63' title="bbox 1864 1956 3447 2027">
    <p class='ocr_par' dir='ltr' id='par_1_63' title="bbox 1864 1956 3447 2027">
     <span class='ocr_line' id='line_1_63' title="bbox 1864 1956 3447 2027; baseline 0.001 -15"><span class='ocrx_word' id='word_1_419' title='bbox 1864 1960 2118 2027; x_wconf 81' lang='lat' dir='ltr'><strong>laqueus,</strong></span> <span class='ocrx_word' id='word_1_420' title='bbox 2154 1959 2243 2013; x_wconf 93' lang='lat' dir='ltr'><strong>hic</strong></span> <span class='ocrx_word' id='word_1_421' title='bbox 2283 1956 2665 2012; x_wconf 87' lang='lat' dir='ltr'><strong>Voldcmarum</strong></span> <span class='ocrx_word' id='word_1_422' title='bbox 2722 1974 2889 2026; x_wconf 81' lang='lat' dir='ltr'><strong>rogus</strong></span> <span class='ocrx_word' id='word_1_423' title='bbox 2948 1960 3275 2027; x_wconf 86' lang='lat' dir='ltr'><strong>absumpsit.</strong></span> <span class='ocrx_word' id='word_1_424' title='bbox 3333 1960 3447 2013; x_wconf 92' lang='lat' dir='ltr'><strong>lloc</strong></span> 
     </span>
    </p>
   </div>
   <div class='ocr_carea' id='block_1_64' title="bbox 1863 2052 3445 2119">
    <p class='ocr_par' dir='ltr' id='par_1_64' title="bbox 1863 2052 3445 2119">
     <span class='ocr_line' id='line_1_64' title="bbox 1863 2052 3445 2119; baseline 0.001 -14"><span class='ocrx_word' id='word_1_425' title='bbox 1863 2053 2029 2107; x_wconf 92' lang='lat' dir='ltr'><strong>modo</strong></span> <span class='ocrx_word' id='word_1_426' title='bbox 2064 2068 2286 2117; x_wconf 89' lang='lat' dir='ltr'><strong>causas,</strong></span> <span class='ocrx_word' id='word_1_427' title='bbox 2320 2052 2575 2111; x_wconf 89' lang='lat' dir='ltr'><strong>consilia,</strong></span> <span class='ocrx_word' id='word_1_428' title='bbox 2598 2068 2958 2119; x_wconf 91' lang='lat' dir='ltr'><strong>personarum</strong></span> <span class='ocrx_word' id='word_1_429' title='bbox 2997 2054 3256 2113; x_wconf 86' lang='lat' dir='ltr'><strong>rationes,</strong></span> <span class='ocrx_word' id='word_1_430' title='bbox 3279 2063 3332 2107; x_wconf 92' lang='lat' dir='ltr'><strong>et</strong></span> <span class='ocrx_word' id='word_1_431' title='bbox 3358 2070 3445 2106; x_wconf 85' lang='lat' dir='ltr'><strong>rc—</strong></span> 
     </span>
    </p>
   </div>
   <div class='ocr_carea' id='block_1_65' title="bbox 1863 2143 3444 2211">
    <p class='ocr_par' dir='ltr' id='par_1_65' title="bbox 1863 2143 3444 2211">
     <span class='ocr_line' id='line_1_65' title="bbox 1863 2143 3444 2211; baseline -0.002 -13"><span class='ocrx_word' id='word_1_432' title='bbox 1863 2160 1985 2198; x_wconf 87' lang='lat' dir='ltr'><strong>rum</strong></span> <span class='ocrx_word' id='word_1_433' title='bbox 2025 2152 2219 2197; x_wconf 85' lang='lat' dir='ltr'><strong>eventa</strong></span> <span class='ocrx_word' id='word_1_434' title='bbox 2253 2143 2423 2197; x_wconf 82' lang='lat' dir='ltr'><strong>fuisse</strong></span> <span class='ocrx_word' id='word_1_435' title='bbox 2445 2143 2776 2201; x_wconf 88' lang='lat' dir='ltr'><strong>consimilia,</strong></span> <span class='ocrx_word' id='word_1_436' title='bbox 2800 2144 3444 2211; x_wconf 85' lang='lat' dir='ltr'><strong>rcspondentibusetiam</strong></span> 
     </span>
    </p>
   </div>
   <div class='ocr_carea' id='block_1_66' title="bbox 1866 2234 3447 2302">
    <p class='ocr_par' dir='ltr' id='par_1_66' title="bbox 1866 2234 3447 2302">
     <span class='ocr_line' id='line_1_66' title="bbox 1866 2234 3447 2302; baseline 0.001 -15"><span class='ocrx_word' id='word_1_437' title='bbox 1866 2235 2211 2302; x_wconf 88' lang='lat' dir='ltr'><strong>temporibus</strong></span> <span class='ocrx_word' id='word_1_438' title='bbox 2244 2234 2398 2301; x_wconf 82' lang='lat' dir='ltr'><strong>ipsis,</strong></span> <span class='ocrx_word' id='word_1_439' title='bbox 2422 2234 2670 2287; x_wconf 81' lang='lat' dir='ltr'><strong>videmus</strong></span> <span class='ocrx_word' id='word_1_440' title='bbox 2699 2234 2965 2300; x_wconf 88' lang='lat' dir='ltr'><strong>:ideoque</strong></span> <span class='ocrx_word' id='word_1_441' title='bbox 2993 2242 3102 2286; x_wconf 89' lang='lat' dir='ltr'><strong>tam</strong></span> <span class='ocrx_word' id='word_1_442' title='bbox 3143 2234 3246 2287; x_wconf 89' lang='lat' dir='ltr'><strong>sibi</strong></span> <span class='ocrx_word' id='word_1_443' title='bbox 3285 2235 3447 2288; x_wconf 85' lang='lat' dir='ltr'><strong>rebus</strong></span> 
     </span>
    </p>
   </div>
   <div class='ocr_carea' id='block_1_67' title="bbox 1865 2325 3447 2395">
    <p class='ocr_par' dir='ltr' id='par_1_67' title="bbox 1865 2325 3447 2395">
     <span class='ocr_line' id='line_1_67' title="bbox 1865 2325 3447 2395; baseline 0.001 -16"><span class='ocrx_word' id='word_1_444' title='bbox 1865 2326 2122 2379; x_wconf 87' lang='lat' dir='ltr'><strong>Omnibus</strong></span> <span class='ocrx_word' id='word_1_445' title='bbox 2148 2327 2390 2395; x_wconf 75' lang='lat' dir='ltr'><strong>gemina,</strong></span> <span class='ocrx_word' id='word_1_446' title='bbox 2432 2333 2543 2378; x_wconf 91' lang='lat' dir='ltr'><strong>tam</strong></span> <span class='ocrx_word' id='word_1_447' title='bbox 2599 2325 2834 2379; x_wconf 90' lang='lat' dir='ltr'><strong>illustria</strong></span> <span class='ocrx_word' id='word_1_448' title='bbox 2869 2326 2976 2377; x_wconf 87' lang='lat' dir='ltr'><strong>duo</strong></span> <span class='ocrx_word' id='word_1_449' title='bbox 3028 2326 3213 2379; x_wconf 67' lang='lat' dir='ltr'><strong>saeculi</strong></span> <span class='ocrx_word' id='word_1_450' title='bbox 3282 2329 3447 2381; x_wconf 87' lang='lat' dir='ltr'><strong>unius</strong></span> 
     </span>
    </p>
   </div>
   <div class='ocr_carea' id='block_1_68' title="bbox 1864 2415 3449 2486">
    <p class='ocr_par' dir='ltr' id='par_1_68' title="bbox 1864 2415 3449 2486">
     <span class='ocr_line' id='line_1_68' title="bbox 1864 2415 3449 2486; baseline -0.001 -16"><span class='ocrx_word' id='word_1_451' title='bbox 1864 2419 2135 2486; x_wconf 82' lang='lat' dir='ltr'><strong>exempla,</strong></span> <span class='ocrx_word' id='word_1_452' title='bbox 2184 2415 2428 2481; x_wconf 91' lang='lat' dir='ltr'><strong>jucunda</strong></span> <span class='ocrx_word' id='word_1_453' title='bbox 2506 2417 2674 2481; x_wconf 89' lang='lat' dir='ltr'><strong>lectu,</strong></span> <span class='ocrx_word' id='word_1_454' title='bbox 2761 2416 3205 2469; x_wconf 89' lang='lat' dir='ltr'><strong>consideratione</strong></span> <span class='ocrx_word' id='word_1_455' title='bbox 3261 2415 3449 2484; x_wconf 76' lang='lat' dir='ltr'><strong>digna,</strong></span> 
     </span>
    </p>
   </div>
   <div class='ocr_carea' id='block_1_69' title="bbox 1866 2508 3450 2579">
    <p class='ocr_par' dir='ltr' id='par_1_69' title="bbox 1866 2508 3450 2579">
     <span class='ocr_line' id='line_1_69' title="bbox 1866 2508 3450 2579; baseline -0.002 -15"><span class='ocrx_word' id='word_1_456' title='bbox 1866 2511 2098 2565; x_wconf 85' lang='lat' dir='ltr'><strong>libenter</strong></span> <span class='ocrx_word' id='word_1_457' title='bbox 2128 2512 2217 2565; x_wconf 91' lang='lat' dir='ltr'><strong>hic</strong></span> <span class='ocrx_word' id='word_1_458' title='bbox 2257 2510 2327 2564; x_wconf 91' lang='lat' dir='ltr'><strong>ob</strong></span> <span class='ocrx_word' id='word_1_459' title='bbox 2358 2509 2549 2564; x_wconf 83' lang='lat' dir='ltr'><strong>oculos</strong></span> <span class='ocrx_word' id='word_1_460' title='bbox 2579 2523 2785 2579; x_wconf 86' lang='lat' dir='ltr'><strong>ponere</strong></span> <span class='ocrx_word' id='word_1_461' title='bbox 2811 2509 3073 2563; x_wconf 83' lang='lat' dir='ltr'><strong>studiosis</strong></span> <span class='ocrx_word' id='word_1_462' title='bbox 3098 2508 3450 2563; x_wconf 87' lang='lat' dir='ltr'><strong>historiarum</strong></span> 
     </span>
    </p>
   </div>
   <div class='ocr_carea' id='block_1_70' title="bbox 1867 2604 2169 2658">
    <p class='ocr_par' dir='ltr' id='par_1_70' title="bbox 1867 2604 2169 2658">
     <span class='ocr_line' id='line_1_70' title="bbox 1867 2604 2169 2658; baseline -0.003 -1"><span class='ocrx_word' id='word_1_463' title='bbox 1867 2604 2169 2658; x_wconf 78' lang='lat' dir='ltr'><strong>voluimus.</strong></span> 
     </span>
    </p>
   </div>
   <div class='ocr_carea' id='block_1_71' title="bbox 1868 2714 3457 2787">
    <p class='ocr_par' dir='ltr' id='par_1_71' title="bbox 1868 2714 3457 2787">
     <span class='ocr_line' id='line_1_71' title="bbox 1868 2714 3457 2787; baseline -0.003 -15"><span class='ocrx_word' id='word_1_464' title='bbox 1868 2717 1957 2772; x_wconf 63' lang='lat' dir='ltr'><strong>8i.</strong></span> <span class='ocrx_word' id='word_1_465' title='bbox 2011 2714 2334 2771; x_wconf 81' lang='lat' dir='ltr'><strong>Vardarium</strong></span> <span class='ocrx_word' id='word_1_466' title='bbox 2369 2721 2637 2787; x_wconf 79' lang='lat' dir='ltr'><strong>oppidum,</strong></span> <span class='ocrx_word' id='word_1_467' title='bbox 2671 2718 2959 2770; x_wconf 63' lang='grc' dir='ltr'><strong>νηπίαν-ἔπιε</strong></span> <span class='ocrx_word' id='word_1_468' title='bbox 3011 2718 3206 2782; x_wconf 78' lang='lat' dir='ltr'><strong>amnis,</strong></span> <span class='ocrx_word' id='word_1_469' title='bbox 3248 2714 3457 2768; x_wconf 80' lang='lat' dir='ltr'><strong>Varda-</strong></span> 
     </span>
    </p>
   </div>
   <div class='ocr_carea' id='block_1_72' title="bbox 2298 2787 3064 2851">
    <p class='ocr_par' dir='ltr' id='par_1_72' title="bbox 2298 2787 3064 2851">
     <span class='ocr_line' id='line_1_72' title="bbox 2298 2787 3064 2851; baseline -0.001 -12"><span class='ocrx_word' id='word_1_470' title='bbox 2298 2791 2464 2851; x_wconf 77' lang='lat' dir='ltr'><strong>riotm,</strong></span> <span class='ocrx_word' id='word_1_471' title='bbox 2515 2789 2777 2850; x_wconf 67' lang='lat' dir='ltr'><strong>l’ardari,</strong></span> <span class='ocrx_word' id='word_1_472' title='bbox 2820 2787 3064 2840; x_wconf 69' lang='lat' dir='ltr'><strong>Venturi.</strong></span> 
     </span>
    </p>
   </div>
   <div class='ocr_carea' id='block_1_73' title="bbox 1942 2875 3457 2947">
    <p class='ocr_par' dir='ltr' id='par_1_73' title="bbox 1942 2875 3457 2947">
     <span class='ocr_line' id='line_1_73' title="bbox 1942 2875 3457 2947; baseline -0.004 -14"><span class='ocrx_word' id='word_1_473' title='bbox 1942 2879 2095 2943; x_wconf 85' lang='lat' dir='ltr'><strong>Quod</strong></span> <span class='ocrx_word' id='word_1_474' title='bbox 2150 2879 2345 2947; x_wconf 72' lang='lat' dir='ltr'><strong>legitur</strong></span> <span class='ocrx_word' id='word_1_475' title='bbox 2402 2880 2453 2930; x_wconf 89' lang='lat' dir='ltr'><strong>in</strong></span> <span class='ocrx_word' id='word_1_476' title='bbox 2505 2878 2809 2931; x_wconf 84' lang='lat' dir='ltr'><strong>Annalibus</strong></span> <span class='ocrx_word' id='word_1_477' title='bbox 2836 2877 3185 2937; x_wconf 83' lang='lat' dir='ltr'><strong>Vardarium,</strong></span> <span class='ocrx_word' id='word_1_478' title='bbox 3221 2875 3457 2929; x_wconf 85' lang='lat' dir='ltr'><strong>Thessa-</strong></span> 
     </span>
    </p>
   </div>
   <div class='ocr_carea' id='block_1_74' title="bbox 1872 2968 3454 3041">
    <p class='ocr_par' dir='ltr' id='par_1_74' title="bbox 1872 2968 3454 3041">
     <span class='ocr_line' id='line_1_74' title="bbox 1872 2968 3454 3041; baseline -0.004 -15"><span class='ocrx_word' id='word_1_479' title='bbox 1872 2974 1955 3026; x_wconf 65' lang='grc'><strong>113»</strong></span> <span class='ocrx_word' id='word_1_480' title='bbox 2008 2974 2266 3041; x_wconf 88' lang='lat' dir='ltr'><strong>oppidum</strong></span> <span class='ocrx_word' id='word_1_481' title='bbox 2334 2981 2435 3036; x_wconf 86' lang='lat' dir='ltr'><strong>est,</strong></span> <span class='ocrx_word' id='word_1_482' title='bbox 2489 2972 2554 3023; x_wconf 83' lang='lat' dir='ltr'><strong>ad</strong></span> <span class='ocrx_word' id='word_1_483' title='bbox 2624 2971 2947 3024; x_wconf 85' lang='lat' dir='ltr'><strong>Vardariutu</strong></span> <span class='ocrx_word' id='word_1_484' title='bbox 3003 2968 3244 3029; x_wconf 86' lang='lat' dir='ltr'><strong>flumen,</strong></span> <span class='ocrx_word' id='word_1_485' title='bbox 3310 2968 3454 3037; x_wconf 76' lang='lat' dir='ltr'><strong>quod</strong></span> 
     </span>
    </p>
   </div>
   <div class='ocr_carea' id='block_1_75' title="bbox 1871 3060 3457 3133">
    <p class='ocr_par' dir='ltr' id='par_1_75' title="bbox 1871 3060 3457 3133">
     <span class='ocr_line' id='line_1_75' title="bbox 1871 3060 3457 3133; baseline -0.003 -17"><span class='ocrx_word' id='word_1_486' title='bbox 1871 3064 2067 3116; x_wconf 81' lang='lat' dir='ltr'><strong>Axium</strong></span> <span class='ocrx_word' id='word_1_487' title='bbox 2110 3064 2320 3133; x_wconf 89' lang='lat' dir='ltr'><strong>priscos</strong></span> <span class='ocrx_word' id='word_1_488' title='bbox 2356 3063 2600 3124; x_wconf 73' lang='lat' dir='ltr'><strong>dixisse,</strong></span> <span class='ocrx_word' id='word_1_489' title='bbox 2663 3069 2859 3127; x_wconf 72' lang='lat' dir='ltr'><strong>prmtor</strong></span> <span class='ocrx_word' id='word_1_490' title='bbox 2906 3069 3092 3113; x_wconf 85' lang='lat' dir='ltr'><strong>noster</strong></span> <span class='ocrx_word' id='word_1_491' title='bbox 3139 3071 3192 3111; x_wconf 86' lang='lat' dir='ltr'><strong>et</strong></span> <span class='ocrx_word' id='word_1_492' title='bbox 3232 3060 3321 3111; x_wconf 90' lang='lat' dir='ltr'><strong>alii</strong></span> <span class='ocrx_word' id='word_1_493' title='bbox 3358 3074 3457 3111; x_wconf 83' lang='lat' dir='ltr'><strong>no—</strong></span> 
     </span>
    </p>
   </div>
   <div class='ocr_carea' id='block_1_76' title="bbox 1874 3152 3456 3225">
    <p class='ocr_par' dir='ltr' id='par_1_76' title="bbox 1874 3152 3456 3225">
     <span class='ocr_line' id='line_1_76' title="bbox 1874 3152 3456 3225; baseline -0.004 -16"><span class='ocrx_word' id='word_1_494' title='bbox 1874 3166 2023 3217; x_wconf 90' lang='lat' dir='ltr'><strong>tant,</strong></span> <span class='ocrx_word' id='word_1_495' title='bbox 2076 3157 2140 3210; x_wconf 92' lang='lat' dir='ltr'><strong>ad</strong></span> <span class='ocrx_word' id='word_1_496' title='bbox 2166 3157 2454 3225; x_wconf 83' lang='lat' dir='ltr'><strong>septimum</strong></span> <span class='ocrx_word' id='word_1_497' title='bbox 2494 3171 2521 3207; x_wconf 91' lang='lat' dir='ltr'><strong>a</strong></span> <span class='ocrx_word' id='word_1_498' title='bbox 2555 3152 2940 3207; x_wconf 84' lang='lat' dir='ltr'><strong>Thessalonica</strong></span> <span class='ocrx_word' id='word_1_499' title='bbox 2984 3153 3213 3220; x_wconf 87' lang='lat' dir='ltr'><strong>lapidem</strong></span> <span class='ocrx_word' id='word_1_500' title='bbox 3236 3152 3398 3203; x_wconf 84' lang='lat' dir='ltr'><strong>situm</strong></span> <span class='ocrx_word' id='word_1_501' title='bbox 3444 3168 3456 3203; x_wconf 88' lang='lat'>:</span> 
     </span>
    </p>
   </div>
   <div class='ocr_carea' id='block_1_77' title="bbox 1874 3244 3464 3304">
    <p class='ocr_par' dir='ltr' id='par_1_77' title="bbox 1874 3244 3464 3304">
     <span class='ocr_line' id='line_1_77' title="bbox 1874 3244 3464 3304; baseline -0.006 0"><span class='ocrx_word' id='word_1_502' title='bbox 1874 3251 2001 3304; x_wconf 85' lang='lat' dir='ltr'><strong>licet</strong></span> <span class='ocrx_word' id='word_1_503' title='bbox 2044 3249 2203 3304; x_wconf 60' lang='lat' dir='ltr'><strong>fossae</strong></span> <span class='ocrx_word' id='word_1_504' title='bbox 2248 3248 2525 3302; x_wconf 69' lang='lat' dir='ltr'><strong>Vardarim</strong></span> <span class='ocrx_word' id='word_1_505' title='bbox 2562 3247 2662 3301; x_wconf 87' lang='lat' dir='ltr'><strong>l00</strong></span> <span class='ocrx_word' id='word_1_506' title='bbox 2697 3246 3024 3300; x_wconf 89' lang='lat' dir='ltr'><strong>milliaribus</strong></span> <span class='ocrx_word' id='word_1_507' title='bbox 3046 3246 3248 3299; x_wconf 70' lang='lat' dir='ltr'><strong>Grtecis</strong></span> <span class='ocrx_word' id='word_1_508' title='bbox 3280 3244 3464 3297; x_wconf 91' lang='lat' dir='ltr'><strong>absint</strong></span> 
     </span>
    </p>
   </div>
   <div class='ocr_carea' id='block_1_78' title="bbox 1875 3336 3464 3408">
    <p class='ocr_par' dir='ltr' id='par_1_78' title="bbox 1875 3336 3464 3408">
     <span class='ocr_line' id='line_1_78' title="bbox 1875 3336 3464 3408; baseline -0.006 -12"><span class='ocrx_word' id='word_1_509' title='bbox 1875 3358 1904 3396; x_wconf 90' lang='lat' dir='ltr'><strong>a</strong></span> <span class='ocrx_word' id='word_1_510' title='bbox 1948 3342 2362 3405; x_wconf 85' lang='lat' dir='ltr'><strong>Thessalonica,</strong></span> <span class='ocrx_word' id='word_1_511' title='bbox 2406 3340 2472 3395; x_wconf 91' lang='lat' dir='ltr'><strong>de</strong></span> <span class='ocrx_word' id='word_1_512' title='bbox 2519 3341 2719 3408; x_wconf 90' lang='lat' dir='ltr'><strong>quibus</strong></span> <span class='ocrx_word' id='word_1_513' title='bbox 2762 3340 2909 3392; x_wconf 89' lang='lat' dir='ltr'><strong>alibi.</strong></span> <span class='ocrx_word' id='word_1_514' title='bbox 2946 3337 3189 3391; x_wconf 82' lang='lat' dir='ltr'><strong>Meminit</strong></span> <span class='ocrx_word' id='word_1_515' title='bbox 3220 3336 3329 3389; x_wconf 89' lang='lat' dir='ltr'><strong>Leo</strong></span> <span class='ocrx_word' id='word_1_516' title='bbox 3365 3337 3464 3389; x_wconf 87' lang='lat' dir='ltr'><strong>Sa-</strong></span> 
     </span>
    </p>
   </div>
   <div class='ocr_carea' id='block_1_79' title="bbox 1874 3430 3465 3503">
    <p class='ocr_par' dir='ltr' id='par_1_79' title="bbox 1874 3430 3465 3503">
     <span class='ocr_line' id='line_1_79' title="bbox 1874 3430 3465 3503; baseline -0.004 -17"><span class='ocrx_word' id='word_1_517' title='bbox 1874 3434 2027 3503; x_wconf 84' lang='lat' dir='ltr'><strong>piens</strong></span> <span class='ocrx_word' id='word_1_518' title='bbox 2078 3435 2354 3497; x_wconf 73' lang='lat' dir='ltr'><strong>Augustus</strong></span> <span class='ocrx_word' id='word_1_519' title='bbox 2400 3432 2451 3486; x_wconf 93' lang='lat' dir='ltr'><strong>in</strong></span> <span class='ocrx_word' id='word_1_520' title='bbox 2504 3431 2726 3485; x_wconf 83' lang='lat' dir='ltr'><strong>Novella</strong></span> <span class='ocrx_word' id='word_1_521' title='bbox 2761 3431 2829 3485; x_wconf 90' lang='lat' dir='ltr'><strong>de</strong></span> <span class='ocrx_word' id='word_1_522' title='bbox 2875 3430 3087 3484; x_wconf 84' lang='lat' dir='ltr'><strong>thronis</strong></span> <span class='ocrx_word' id='word_1_523' title='bbox 3116 3430 3465 3497; x_wconf 82' lang='lat' dir='ltr'><strong>episcopatus</strong></span> 
     </span>
    </p>
   </div>
   <div class='ocr_carea' id='block_1_80' title="bbox 1876 3516 3465 3590">
    <p class='ocr_par' dir='ltr' id='par_1_80' title="bbox 1876 3516 3465 3590">
     <span class='ocr_line' id='line_1_80' title="bbox 1876 3516 3465 3590; baseline -0.007 -14"><span class='ocrx_word' id='word_1_524' title='bbox 1876 3522 2356 3585; x_wconf 78' lang='lat' dir='ltr'><strong>V&#39;ardariotarum,</strong></span> <span class='ocrx_word' id='word_1_525' title='bbox 2420 3536 2582 3590; x_wconf 89' lang='lat' dir='ltr'><strong>quem</strong></span> <span class='ocrx_word' id='word_1_526' title='bbox 2638 3520 2927 3586; x_wconf 87' lang='lat' dir='ltr'><strong>metropoli</strong></span> <span class='ocrx_word' id='word_1_527' title='bbox 2982 3516 3465 3573; x_wconf 78' lang='lat' dir='ltr'><strong>Thessalonicensi</strong></span> 
     </span>
    </p>
   </div>
   <div class='ocr_carea' id='block_1_81' title="bbox 1878 3606 3469 3687">
    <p class='ocr_par' dir='ltr' id='par_1_81' title="bbox 1878 3606 3469 3687">
     <span class='ocr_line' id='line_1_81' title="bbox 1878 3606 3469 3687; baseline -0.008 -15"><span class='ocrx_word' id='word_1_528' title='bbox 1878 3616 2122 3687; x_wconf 85' lang='lat' dir='ltr'><strong>subjicit.</strong></span> <span class='ocrx_word' id='word_1_529' title='bbox 2165 3616 2227 3669; x_wconf 87' lang='lat' dir='ltr'><strong>Et</strong></span> <span class='ocrx_word' id='word_1_530' title='bbox 2259 3616 2423 3669; x_wconf 85' lang='lat' dir='ltr'><strong>hosce</strong></span> <span class='ocrx_word' id='word_1_531' title='bbox 2457 3613 2815 3668; x_wconf 86' lang='lat' dir='ltr'><strong>Vardariotas</strong></span> <span class='ocrx_word' id='word_1_532' title='bbox 2846 3614 3007 3666; x_wconf 85' lang='lat' dir='ltr'><strong>etiam</strong></span> <span class='ocrx_word' id='word_1_533' title='bbox 3050 3610 3259 3665; x_wconf 86' lang='lat' dir='ltr'><strong>Turcos</strong></span> <span class='ocrx_word' id='word_1_534' title='bbox 3293 3606 3469 3662; x_wconf 88' lang='lat' dir='ltr'><strong>nomi-</strong></span> 
     </span>
    </p>
   </div>
   <div class='ocr_carea' id='block_1_82' title="bbox 1878 3699 3466 3771">
    <p class='ocr_par' dir='ltr' id='par_1_82' title="bbox 1878 3699 3466 3771">
     <span class='ocr_line' id='line_1_82' title="bbox 1878 3699 3466 3771; baseline -0.009 -8"><span class='ocrx_word' id='word_1_535' title='bbox 1878 3720 2005 3771; x_wconf 87' lang='lat' dir='ltr'><strong>nat,</strong></span> <span class='ocrx_word' id='word_1_536' title='bbox 2040 3712 2334 3763; x_wconf 87' lang='lat' dir='ltr'><strong>translatos</strong></span> <span class='ocrx_word' id='word_1_537' title='bbox 2375 3706 2598 3760; x_wconf 85' lang='lat' dir='ltr'><strong>aliunde</strong></span> <span class='ocrx_word' id='word_1_538' title='bbox 2648 3706 2859 3761; x_wconf 87' lang='lat' dir='ltr'><strong>scilicet</strong></span> <span class='ocrx_word' id='word_1_539' title='bbox 2888 3705 2996 3757; x_wconf 91' lang='lat' dir='ltr'><strong>huc</strong></span> <span class='ocrx_word' id='word_1_540' title='bbox 3028 3702 3093 3757; x_wconf 88' lang='lat' dir='ltr'><strong>ad</strong></span> <span class='ocrx_word' id='word_1_541' title='bbox 3143 3699 3408 3754; x_wconf 78' lang='lat' dir='ltr'><strong>Vardariu</strong></span> <span class='ocrx_word' id='word_1_542' title='bbox 3437 3719 3466 3750; x_wconf 79' lang='grc' dir='ltr'>η</span> 
     </span>
    </p>
   </div>
   <div class='ocr_carea' id='block_1_83' title="bbox 1881 3792 3468 3859">
    <p class='ocr_par' dir='ltr' id='par_1_83' title="bbox 1881 3792 3468 3859">
     <span class='ocr_line' id='line_1_83' title="bbox 1881 3792 3468 3859; baseline -0.008 -4"><span class='ocrx_word' id='word_1_543' title='bbox 1881 3802 2125 3855; x_wconf 80' lang='lat' dir='ltr'><strong>ﬂuvium.</strong></span> <span class='ocrx_word' id='word_1_544' title='bbox 2152 3799 2457 3855; x_wconf 83' lang='lat' dir='ltr'><strong>Scribimus</strong></span> <span class='ocrx_word' id='word_1_545' title='bbox 2479 3809 2659 3852; x_wconf 84' lang='lat' dir='ltr'><strong>autem</strong></span> <span class='ocrx_word' id='word_1_546' title='bbox 2692 3796 3040 3859; x_wconf 84' lang='lat' dir='ltr'><strong>Vardarinm,</strong></span> <span class='ocrx_word' id='word_1_547' title='bbox 3069 3810 3220 3848; x_wconf 85' lang='lat' dir='ltr'><strong>more</strong></span> <span class='ocrx_word' id='word_1_548' title='bbox 3244 3792 3468 3847; x_wconf 71' lang='lat' dir='ltr'><strong>Grieco:</strong></span> 
     </span>
    </p>
   </div>
   <div class='ocr_carea' id='block_1_84' title="bbox 1883 3884 3472 3956">
    <p class='ocr_par' dir='ltr' id='par_1_84' title="bbox 1883 3884 3472 3956">
     <span class='ocr_line' id='line_1_84' title="bbox 1883 3884 3472 3956; baseline -0.008 -8"><span class='ocrx_word' id='word_1_549' title='bbox 1883 3910 2005 3949; x_wconf 93' lang='lat' dir='ltr'><strong>cum</strong></span> <span class='ocrx_word' id='word_1_550' title='bbox 2048 3894 2137 3946; x_wconf 85' lang='lat' dir='ltr'><strong>alii</strong></span> <span class='ocrx_word' id='word_1_551' title='bbox 2192 3891 2514 3947; x_wconf 76' lang='lat' dir='ltr'><strong>Bardarium</strong></span> <span class='ocrx_word' id='word_1_552' title='bbox 2566 3891 2785 3951; x_wconf 91' lang='lat' dir='ltr'><strong>malint,</strong></span> <span class='ocrx_word' id='word_1_553' title='bbox 2841 3899 3031 3942; x_wconf 87' lang='lat' dir='ltr'><strong>contra</strong></span> <span class='ocrx_word' id='word_1_554' title='bbox 3067 3884 3472 3956; x_wconf 82' lang='lat' dir='ltr'><strong>pronuntiatio-</strong></span> 
     </span>
    </p>
   </div>
   <div class='ocr_carea' id='block_1_85' title="bbox 1886 3978 3345 4053">
    <p class='ocr_par' dir='ltr' id='par_1_85' title="bbox 1886 3978 3345 4053">
     <span class='ocr_line' id='line_1_85' title="bbox 1886 3978 3345 4053; baseline -0.008 -13"><span class='ocrx_word' id='word_1_555' title='bbox 1886 4002 2004 4040; x_wconf 91' lang='lat' dir='ltr'><strong>nem</strong></span> <span class='ocrx_word' id='word_1_556' title='bbox 2041 3986 2339 4038; x_wconf 88' lang='lat' dir='ltr'><strong>incolarum</strong></span> <span class='ocrx_word' id='word_1_557' title='bbox 2365 4025 2378 4045; x_wconf 92' lang='lat'><strong>,</strong></span> <span class='ocrx_word' id='word_1_558' title='bbox 2408 3984 2606 4053; x_wconf 79' lang='lat' dir='ltr'><strong>quibus</strong></span> <span class='ocrx_word' id='word_1_559' title='bbox 2637 3993 2717 4039; x_wconf 90' lang='lat' dir='ltr'><strong>est</strong></span> <span class='ocrx_word' id='word_1_560' title='bbox 2752 3981 2980 4035; x_wconf 78' lang='lat' dir='ltr'><strong>Vardari</strong></span> <span class='ocrx_word' id='word_1_561' title='bbox 3008 3989 3065 4034; x_wconf 91' lang='lat' dir='ltr'><strong>et</strong></span> <span class='ocrx_word' id='word_1_562' title='bbox 3098 3978 3345 4033; x_wconf 80' lang='lat' dir='ltr'><strong>Verdari.</strong></span> 
     </span>
    </p>
   </div>
   <div class='ocr_carea' id='block_1_86' title="bbox 2166 4074 3223 4147">
    <p class='ocr_par' dir='ltr' id='par_1_86' title="bbox 2166 4074 3223 4147">
     <span class='ocr_line' id='line_1_86' title="bbox 2166 4074 3223 4147; baseline -0.008 -13"><span class='ocrx_word' id='word_1_563' title='bbox 2166 4082 2257 4134; x_wconf 77' lang='lat'><strong>85.</strong></span> <span class='ocrx_word' id='word_1_564' title='bbox 2298 4080 2521 4133; x_wconf 78' lang='lat' dir='ltr'><strong>Chnsein</strong></span> <span class='ocrx_word' id='word_1_565' title='bbox 2557 4080 2666 4147; x_wconf 70' lang='lat' dir='ltr'><strong>(reg,</strong></span> <span class='ocrx_word' id='word_1_566' title='bbox 2708 4076 2909 4128; x_wconf 72' lang='lat' dir='ltr'><strong>Cra-cis</strong></span> <span class='ocrx_word' id='word_1_567' title='bbox 2950 4074 3223 4126; x_wconf 79' lang='lat' dir='ltr'><strong>Zunaites.</strong></span> 
     </span>
    </p>
   </div>
   <div class='ocr_carea' id='block_1_87' title="bbox 1958 4166 3478 4238">
    <p class='ocr_par' dir='ltr' id='par_1_87' title="bbox 1958 4166 3478 4238">
     <span class='ocr_line' id='line_1_87' title="bbox 1958 4166 3478 4238; baseline -0.008 -11"><span class='ocrx_word' id='word_1_568' title='bbox 1958 4172 2128 4238; x_wconf 86' lang='lat' dir='ltr'><strong>Quem</strong></span> <span class='ocrx_word' id='word_1_569' title='bbox 2151 4171 2367 4226; x_wconf 87' lang='lat' dir='ltr'><strong>Turcici</strong></span> <span class='ocrx_word' id='word_1_570' title='bbox 2391 4170 2628 4225; x_wconf 78' lang='lat' dir='ltr'><strong>Annales</strong></span> <span class='ocrx_word' id='word_1_571' title='bbox 2666 4169 2996 4222; x_wconf 79' lang='lat' dir='ltr'><strong>Cbuseinem</strong></span> <span class='ocrx_word' id='word_1_572' title='bbox 3026 4169 3239 4234; x_wconf 69' lang='lat' dir='ltr'><strong>begum,</strong></span> <span class='ocrx_word' id='word_1_573' title='bbox 3263 4166 3478 4235; x_wconf 80' lang='lat' dir='ltr'><strong>Isniyre</strong></span> 
     </span>
    </p>
   </div>
   <div class='ocr_carea' id='block_1_88' title="bbox 1889 4257 3475 4334">
    <p class='ocr_par' dir='ltr' id='par_1_88' title="bbox 1889 4257 3475 4334">
     <span class='ocr_line' id='line_1_88' title="bbox 1889 4257 3475 4334; baseline -0.006 -16"><span class='ocrx_word' id='word_1_574' title='bbox 1889 4264 2211 4334; x_wconf 87' lang='lat' dir='ltr'><strong>principem,</strong></span> <span class='ocrx_word' id='word_1_575' title='bbox 2253 4262 2541 4316; x_wconf 81' lang='lat' dir='ltr'><strong>nominaut</strong></span> <span class='ocrx_word' id='word_1_576' title='bbox 2568 4302 2581 4324; x_wconf 88' lang='lat'><strong>,</strong></span> <span class='ocrx_word' id='word_1_577' title='bbox 2622 4259 2895 4313; x_wconf 86' lang='lat' dir='ltr'><strong>Laonicus</strong></span> <span class='ocrx_word' id='word_1_578' title='bbox 2948 4257 3237 4309; x_wconf 84' lang='lat' dir='ltr'><strong>Znnaitem</strong></span> <span class='ocrx_word' id='word_1_579' title='bbox 3284 4267 3475 4321; x_wconf 68' lang='lat' dir='ltr'><strong>vocat,</strong></span> 
     </span>
    </p>
   </div>
   <div class='ocr_carea' id='block_1_89' title="bbox 1892 4348 3477 4431">
    <p class='ocr_par' dir='ltr' id='par_1_89' title="bbox 1892 4348 3477 4431">
     <span class='ocr_line' id='line_1_89' title="bbox 1892 4348 3477 4431; baseline -0.007 -21"><span class='ocrx_word' id='word_1_580' title='bbox 1892 4356 2233 4431; x_wconf 61' lang='lat' dir='ltr'><strong>Smyrnaeum</strong></span> <span class='ocrx_word' id='word_1_581' title='bbox 2272 4354 2569 4424; x_wconf 85' lang='lat' dir='ltr'><strong>principem</strong></span> <span class='ocrx_word' id='word_1_582' title='bbox 2604 4371 2616 4405; x_wconf 90' lang='lat'>:</span> <span class='ocrx_word' id='word_1_583' title='bbox 2668 4353 2758 4421; x_wconf 91' lang='lat' dir='ltr'><strong>qui</strong></span> <span class='ocrx_word' id='word_1_584' title='bbox 2796 4367 2917 4403; x_wconf 92' lang='lat' dir='ltr'><strong>cum</strong></span> <span class='ocrx_word' id='word_1_585' title='bbox 2958 4350 3159 4402; x_wconf 84' lang='lat' dir='ltr'><strong>Dnsme</strong></span> <span class='ocrx_word' id='word_1_586' title='bbox 3198 4348 3477 4414; x_wconf 71' lang='lat' dir='ltr'><strong>lllustaphi</strong></span> 
     </span>
    </p>
   </div>
   <div class='ocr_carea' id='block_1_90' title="bbox 1891 4440 3477 4520">
    <p class='ocr_par' dir='ltr' id='par_1_90' title="bbox 1891 4440 3477 4520">
     <span class='ocr_line' id='line_1_90' title="bbox 1891 4440 3477 4520; baseline -0.01 -14"><span class='ocrx_word' id='word_1_587' title='bbox 1891 4451 2139 4520; x_wconf 84' lang='lat' dir='ltr'><strong>captivus</strong></span> <span class='ocrx_word' id='word_1_588' title='bbox 2185 4464 2214 4503; x_wconf 91' lang='lat' dir='ltr'><strong>a</strong></span> <span class='ocrx_word' id='word_1_589' title='bbox 2261 4450 2468 4502; x_wconf 64' lang='lat' dir='ltr'><strong>Graecis</strong></span> <span class='ocrx_word' id='word_1_590' title='bbox 2518 4446 2823 4500; x_wconf 80' lang='lat' dir='ltr'><strong>custoditus</strong></span> <span class='ocrx_word' id='word_1_591' title='bbox 2877 4442 3042 4496; x_wconf 89' lang='lat' dir='ltr'><strong>fuerit</strong></span> <span class='ocrx_word' id='word_1_592' title='bbox 3100 4443 3155 4493; x_wconf 91' lang='lat' dir='ltr'><strong>in</strong></span> <span class='ocrx_word' id='word_1_593' title='bbox 3220 4440 3477 4507; x_wconf 84' lang='lat' dir='ltr'><strong>Epidauri</strong></span> 
     </span>
    </p>
   </div>
   <div class='ocr_carea' id='block_1_91' title="bbox 194 4522 3483 4615">
    <p class='ocr_par' dir='ltr' id='par_1_91' title="bbox 194 4527 3483 4615">
     <span class='ocr_line' id='line_1_91' title="bbox 194 4527 3483 4615; baseline -0.01 0"><span class='ocrx_word' id='word_1_594' title='bbox 194 4542 501 4615; x_wconf 62' lang='grc' dir='ltr'><strong>Ρ⁰¹¹¹³¹οττι</strong></span> <span class='ocrx_word' id='word_1_595' title='bbox 532 4553 582 4593; x_wconf 81' lang='grc'><strong>¹¹¹</strong></span> <span class='ocrx_word' id='word_1_596' title='bbox 612 4538 720 4593; x_wconf 61' lang='lat' dir='ltr'><strong>alia</strong></span> <span class='ocrx_word' id='word_1_597' title='bbox 780 4538 951 4607; x_wconf 67' lang='grc' dir='ltr'><strong>β¹¹¹¹⁸³ν</strong></span> <span class='ocrx_word' id='word_1_598' title='bbox 988 4534 1273 4587; x_wconf 59' lang='grc' dir='ltr'><strong>δεδθηιυεο</strong></span> <span class='ocrx_word' id='word_1_599' title='bbox 1331 4529 1407 4582; x_wconf 59' lang='lat' dir='ltr'><strong>Ex</strong></span> <span class='ocrx_word' id='word_1_600' title='bbox 1474 4527 1560 4579; x_wconf 64' lang='lat' dir='ltr'><strong>his</strong></span> <span class='ocrx_word' id='word_1_601' title='bbox 1605 4532 1782 4577; x_wconf 61' lang='lat' dir='ltr'><strong>&quot;&quot;m&quot;</strong></span> <span class='ocrx_word' id='word_1_602' title='bbox 1823 4541 1863 4594; x_wconf 90' lang='lat' dir='ltr'><strong>D</strong></span> <span class='ocrx_word' id='word_1_603' title='bbox 1895 4528 2040 4604; x_wconf 71' lang='lat' dir='ltr'><strong>arce,</strong></span> <span class='ocrx_word' id='word_1_604' title='bbox 2089 4557 2233 4595; x_wconf 91' lang='lat' dir='ltr'><strong>nunc</strong></span> <span class='ocrx_word' id='word_1_605' title='bbox 2254 4539 2621 4594; x_wconf 84' lang='lat' dir='ltr'><strong>Monemuasia</strong></span> <span class='ocrx_word' id='word_1_606' title='bbox 2649 4540 2762 4590; x_wconf 88' lang='lat' dir='ltr'><strong>sive</strong></span> <span class='ocrx_word' id='word_1_607' title='bbox 2798 4534 3074 4592; x_wconf 84' lang='lat' dir='ltr'><strong>Malvasia.</strong></span> <span class='ocrx_word' id='word_1_608' title='bbox 3110 4543 3164 4584; x_wconf 89' lang='lat' dir='ltr'><strong>et</strong></span> <span class='ocrx_word' id='word_1_609' title='bbox 3216 4534 3269 4584; x_wconf 90' lang='lat' dir='ltr'><strong>iu</strong></span> <span class='ocrx_word' id='word_1_610' title='bbox 3300 4532 3483 4585; x_wconf 74' lang='lat' dir='ltr'><strong>Imbro</strong></span> 
     </span>
    </p>
   </div>
   <div class='ocr_carea' id='block_1_92' title="bbox 195 4616 1788 4706">
    <p class='ocr_par' dir='ltr' id='par_1_92' title="bbox 195 4616 1788 4706">
     <span class='ocr_line' id='line_1_92' title="bbox 195 4616 1788 4706; baseline -0.016 -13"><span class='ocrx_word' id='word_1_611' title='bbox 195 4637 419 4706; x_wconf 88' lang='lat' dir='ltr'><strong>liquido</strong></span> <span class='ocrx_word' id='word_1_612' title='bbox 456 4642 628 4703; x_wconf 83' lang='lat' dir='ltr'><strong>paret,</strong></span> <span class='ocrx_word' id='word_1_613' title='bbox 652 4647 759 4684; x_wconf 91' lang='lat' dir='ltr'><strong>non</strong></span> <span class='ocrx_word' id='word_1_614' title='bbox 800 4627 1028 4681; x_wconf 84' lang='lat' dir='ltr'><strong>minoris</strong></span> <span class='ocrx_word' id='word_1_615' title='bbox 1063 4626 1232 4679; x_wconf 90' lang='lat' dir='ltr'><strong>fuisse</strong></span> <span class='ocrx_word' id='word_1_616' title='bbox 1264 4620 1526 4675; x_wconf 89' lang='lat' dir='ltr'><strong>momenti</strong></span> <span class='ocrx_word' id='word_1_617' title='bbox 1593 4616 1788 4669; x_wconf 80' lang='lat' dir='ltr'><strong>Volde—</strong></span> 
     </span>
    </p>
   </div>
   <div class='ocr_carea' id='block_1_93' title="bbox 196 4713 1789 4793">
    <p class='ocr_par' dir='ltr' id='par_1_93' title="bbox 196 4713 1789 4793">
     <span class='ocr_line' id='line_1_93' title="bbox 196 4713 1789 4793; baseline -0.016 -5"><span class='ocrx_word' id='word_1_618' title='bbox 196 4734 519 4788; x_wconf 86' lang='lat' dir='ltr'><strong>marianum</strong></span> <span class='ocrx_word' id='word_1_619' title='bbox 556 4732 657 4779; x_wconf 89' lang='lat' dir='ltr'><strong>hoc</strong></span> <span class='ocrx_word' id='word_1_620' title='bbox 687 4724 986 4793; x_wconf 64' lang='lat' dir='ltr'><strong>negotium,</strong></span> <span class='ocrx_word' id='word_1_621' title='bbox 1014 4737 1173 4790; x_wconf 72' lang='lat' dir='ltr'><strong>quam</strong></span> <span class='ocrx_word' id='word_1_622' title='bbox 1204 4717 1333 4771; x_wconf 89' lang='lat' dir='ltr'><strong>illud</strong></span> <span class='ocrx_word' id='word_1_623' title='bbox 1369 4713 1789 4779; x_wconf 74' lang='lat' dir='ltr'><strong>Mttstaphzeum.</strong></span> 
     </span>
    </p>
   </div>
   <div class='ocr_carea' id='block_1_94' title="bbox 200 4803 1799 4883">
    <p class='ocr_par' dir='ltr' id='par_1_94' title="bbox 200 4803 1799 4883">
     <span class='ocr_line' id='line_1_94' title="bbox 200 4803 1799 4883; baseline -0.019 -1"><span class='ocrx_word' id='word_1_624' title='bbox 200 4828 623 4882; x_wconf 72' lang='lat' dir='ltr'><strong>Reeenseamus</strong></span> <span class='ocrx_word' id='word_1_625' title='bbox 650 4828 697 4870; x_wconf 91' lang='lat' dir='ltr'><strong>el</strong></span> <span class='ocrx_word' id='word_1_626' title='bbox 728 4816 853 4877; x_wconf 90' lang='lat' dir='ltr'><strong>alia,</strong></span> <span class='ocrx_word' id='word_1_627' title='bbox 884 4830 1002 4883; x_wconf 73' lang='lat' dir='ltr'><strong>qua:</strong></span> <span class='ocrx_word' id='word_1_628' title='bbox 1040 4813 1091 4865; x_wconf 93' lang='lat' dir='ltr'><strong>in</strong></span> <span class='ocrx_word' id='word_1_629' title='bbox 1120 4808 1590 4878; x_wconf 85' lang='lat' dir='ltr'><strong>comparationem</strong></span> <span class='ocrx_word' id='word_1_630' title='bbox 1622 4803 1799 4855; x_wconf 64' lang='lat' dir='ltr'><strong>utrino</strong></span> 
     </span>
    </p>
   </div>
   <div class='ocr_carea' id='block_1_95' title="bbox 197 4896 1799 4986">
    <p class='ocr_par' dir='ltr' id='par_1_95' title="bbox 197 4896 1799 4986">
     <span class='ocr_line' id='line_1_95' title="bbox 197 4896 1799 4986; baseline -0.016 -18"><span class='ocrx_word' id='word_1_631' title='bbox 197 4934 317 4986; x_wconf 76' lang='lat' dir='ltr'><strong>que</strong></span> <span class='ocrx_word' id='word_1_632' title='bbox 362 4913 546 4967; x_wconf 70' lang='lat' dir='ltr'><strong>venire</strong></span> <span class='ocrx_word' id='word_1_633' title='bbox 582 4919 829 4978; x_wconf 83' lang='lat' dir='ltr'><strong>possunt.</strong></span> <span class='ocrx_word' id='word_1_634' title='bbox 861 4909 899 4959; x_wconf 89' lang='lat' dir='ltr'><strong>A</strong></span> <span class='ocrx_word' id='word_1_635' title='bbox 964 4904 1243 4971; x_wconf 82' lang='lat' dir='ltr'><strong>Mustapba</strong></span> <span class='ocrx_word' id='word_1_636' title='bbox 1280 4902 1456 4952; x_wconf 78' lang='lat' dir='ltr'><strong>Stabat</strong></span> <span class='ocrx_word' id='word_1_637' title='bbox 1500 4896 1799 4963; x_wconf 86' lang='lat' dir='ltr'><strong>imperator</strong></span> 
     </span>
    </p>
   </div>
   <div class='ocr_carea' id='block_1_96' title="bbox 200 4988 1799 5068">
    <p class='ocr_par' dir='ltr' id='par_1_96' title="bbox 200 4988 1799 5068">
     <span class='ocr_line' id='line_1_96' title="bbox 200 4988 1799 5068; baseline -0.016 -7"><span class='ocrx_word' id='word_1_638' title='bbox 200 5012 442 5064; x_wconf 63' lang='lat' dir='ltr'><strong>Graecus</strong></span> <span class='ocrx_word' id='word_1_639' title='bbox 476 5006 618 5068; x_wconf 76' lang='lat' dir='ltr'><strong>istic,</strong></span> <span class='ocrx_word' id='word_1_640' title='bbox 654 5018 683 5057; x_wconf 90' lang='lat' dir='ltr'><strong>a</strong></span> <span class='ocrx_word' id='word_1_641' title='bbox 715 5000 1041 5055; x_wconf 83' lang='lat' dir='ltr'><strong>Voldemaro</strong></span> <span class='ocrx_word' id='word_1_642' title='bbox 1068 4997 1245 5051; x_wconf 87' lang='lat' dir='ltr'><strong>stabat</strong></span> <span class='ocrx_word' id='word_1_643' title='bbox 1269 4994 1579 5047; x_wconf 79' lang='lat' dir='ltr'><strong>Germanus</strong></span> <span class='ocrx_word' id='word_1_644' title='bbox 1628 4988 1799 5054; x_wconf 86' lang='lat' dir='ltr'><strong>impe-</strong></span> 
     </span>
    </p>
   </div>
   <div class='ocr_carea' id='block_1_97' title="bbox 204 5078 1803 5161">
    <p class='ocr_par' dir='ltr' id='par_1_97' title="bbox 204 5078 1803 5161">
     <span class='ocr_line' id='line_1_97' title="bbox 204 5078 1803 5161; baseline -0.019 -3"><span class='ocrx_word' id='word_1_645' title='bbox 204 5114 371 5158; x_wconf 87' lang='lat' dir='ltr'><strong>rator</strong></span> <span class='ocrx_word' id='word_1_646' title='bbox 403 5101 490 5153; x_wconf 90' lang='lat' dir='ltr'><strong>hic</strong></span> <span class='ocrx_word' id='word_1_647' title='bbox 522 5117 535 5151; x_wconf 89' lang='lat'><strong>:</strong></span> <span class='ocrx_word' id='word_1_648' title='bbox 562 5109 612 5149; x_wconf 77' lang='lat' dir='ltr'><strong>i-t</strong></span> <span class='ocrx_word' id='word_1_649' title='bbox 641 5105 790 5148; x_wconf 80' lang='lat' dir='ltr'><strong>tanto</strong></span> <span class='ocrx_word' id='word_1_650' title='bbox 814 5088 1035 5161; x_wconf 74' lang='lat' dir='ltr'><strong>quidem</strong></span> <span class='ocrx_word' id='word_1_651' title='bbox 1097 5086 1391 5154; x_wconf 82' lang='lat' dir='ltr'><strong>potentior,</strong></span> <span class='ocrx_word' id='word_1_652' title='bbox 1424 5090 1629 5152; x_wconf 89' lang='lat' dir='ltr'><strong>quanto</strong></span> <span class='ocrx_word' id='word_1_653' title='bbox 1656 5078 1803 5131; x_wconf 65' lang='lat' dir='ltr'><strong>Gne-</strong></span> 
     </span>
    </p>
   </div>
   <div class='ocr_carea' id='block_1_98' title="bbox 206 5174 1799 5261">
    <p class='ocr_par' dir='ltr' id='par_1_98' title="bbox 206 5174 1799 5261">
     <span class='ocr_line' id='line_1_98' title="bbox 206 5174 1799 5261; baseline -0.018 -12"><span class='ocrx_word' id='word_1_654' title='bbox 206 5214 341 5249; x_wconf 70' lang='lat' dir='ltr'><strong>oum</strong></span> <span class='ocrx_word' id='word_1_655' title='bbox 370 5194 655 5261; x_wconf 84' lang='lat' dir='ltr'><strong>imperium</strong></span> <span class='ocrx_word' id='word_1_656' title='bbox 688 5190 736 5240; x_wconf 93' lang='lat' dir='ltr'><strong>id</strong></span> <span class='ocrx_word' id='word_1_657' title='bbox 760 5186 1017 5254; x_wconf 86' lang='lat' dir='ltr'><strong>temporis</strong></span> <span class='ocrx_word' id='word_1_658' title='bbox 1047 5181 1374 5236; x_wconf 67' lang='lat' dir='ltr'><strong>Germanico</strong></span> <span class='ocrx_word' id='word_1_659' title='bbox 1398 5174 1631 5229; x_wconf 82' lang='lat' dir='ltr'><strong>debilitts</strong></span> <span class='ocrx_word' id='word_1_660' title='bbox 1657 5179 1799 5223; x_wconf 83' lang='lat' dir='ltr'><strong>erat.</strong></span> 
     </span>
    </p>
   </div>
   <div class='ocr_carea' id='block_1_99' title="bbox 208 5262 1799 5350">
    <p class='ocr_par' dir='ltr' id='par_1_99' title="bbox 208 5262 1799 5350">
     <span class='ocr_line' id='line_1_99' title="bbox 208 5262 1799 5350; baseline -0.021 -6"><span class='ocrx_word' id='word_1_661' title='bbox 208 5293 427 5344; x_wconf 54' lang='grc' dir='ltr'><strong>Γιτιίοτ</strong></span> <span class='ocrx_word' id='word_1_662' title='bbox 491 5286 882 5350; x_wconf 72' lang='lat' dir='ltr'><strong>imperatorem</strong></span> <span class='ocrx_word' id='word_1_663' title='bbox 970 5292 1095 5329; x_wconf 90' lang='lat' dir='ltr'><strong>cum</strong></span> <span class='ocrx_word' id='word_1_664' title='bbox 1180 5271 1466 5339; x_wconf 78' lang='lat' dir='ltr'><strong>Mustapha</strong></span> <span class='ocrx_word' id='word_1_665' title='bbox 1521 5262 1799 5333; x_wconf 83' lang='lat' dir='ltr'><strong>conjuncti</strong></span> 
     </span>
    </p>
   </div>
   <div class='ocr_carea' id='block_1_100' title="bbox 208 5357 1803 5451">
    <p class='ocr_par' dir='ltr' id='par_1_100' title="bbox 208 5357 1803 5451">
     <span class='ocr_line' id='line_1_100' title="bbox 208 5357 1803 5451; baseline -0.019 -14"><span class='ocrx_word' id='word_1_666' title='bbox 208 5380 497 5451; x_wconf 77' lang='lat' dir='ltr'><strong>principes</strong></span> <span class='ocrx_word' id='word_1_667' title='bbox 526 5377 655 5439; x_wconf 84' lang='lat' dir='ltr'><strong>illic,</strong></span> <span class='ocrx_word' id='word_1_668' title='bbox 691 5374 849 5445; x_wconf 58' lang='lat'><strong>433</strong></span> <span class='ocrx_word' id='word_1_669' title='bbox 885 5373 973 5426; x_wconf 89' lang='lat' dir='ltr'><strong>hic</strong></span> <span class='ocrx_word' id='word_1_670' title='bbox 996 5368 1380 5422; x_wconf 75' lang='lat' dir='ltr'><strong>Voldcmarum</strong></span> <span class='ocrx_word' id='word_1_671' title='bbox 1412 5357 1803 5451; x_wconf 57' lang='lat' dir='ltr'><strong>quoque_prin-</strong></span> 
     </span>
    </p>
   </div>
   <div class='ocr_carea' id='block_1_101' title="bbox 210 5448 1806 5542">
    <p class='ocr_par' dir='ltr' id='par_1_101' title="bbox 210 5448 1806 5542">
     <span class='ocr_line' id='line_1_101' title="bbox 210 5448 1806 5542; baseline -0.022 -10"><span class='ocrx_word' id='word_1_672' title='bbox 210 5448 375 5542; x_wconf 75' lang='lat' dir='ltr'><strong>cipr‘s</strong></span> <span class='ocrx_word' id='word_1_673' title='bbox 446 5480 809 5541; x_wconf 74' lang='lat' dir='ltr'><strong>praepotentes</strong></span> <span class='ocrx_word' id='word_1_674' title='bbox 868 5464 1145 5519; x_wconf 83' lang='lat' dir='ltr'><strong>fovebant.</strong></span> <span class='ocrx_word' id='word_1_675' title='bbox 1215 5456 1558 5512; x_wconf 90' lang='lat' dir='ltr'><strong>Debilitatam</strong></span> <span class='ocrx_word' id='word_1_676' title='bbox 1624 5448 1806 5501; x_wconf 78' lang='lat' dir='ltr'><strong>Mura-</strong></span> 
     </span>
    </p>
   </div>
   <div class='ocr_carea' id='block_1_102' title="bbox 224 5545 1801 5636">
    <p class='ocr_par' dir='ltr' id='par_1_102' title="bbox 224 5545 1801 5636">
     <span class='ocr_line' id='line_1_102' title="bbox 224 5545 1801 5636; baseline -0.018 -14"><span class='ocrx_word' id='word_1_677' title='bbox 224 5570 297 5622; x_wconf 89' lang='lat' dir='ltr'><strong>tis</strong></span> <span class='ocrx_word' id='word_1_678' title='bbox 329 5565 629 5636; x_wconf 84' lang='lat' dir='ltr'><strong>potentiam</strong></span> <span class='ocrx_word' id='word_1_679' title='bbox 669 5561 891 5614; x_wconf 70' lang='lat' dir='ltr'><strong>Cra-eus</strong></span> <span class='ocrx_word' id='word_1_680' title='bbox 944 5558 1239 5625; x_wconf 87' lang='lat' dir='ltr'><strong>imperator</strong></span> <span class='ocrx_word' id='word_1_681' title='bbox 1267 5561 1321 5605; x_wconf 89' lang='lat' dir='ltr'><strong>et</strong></span> <span class='ocrx_word' id='word_1_682' title='bbox 1370 5547 1587 5601; x_wconf 79' lang='lat' dir='ltr'><strong>Turcit-i</strong></span> <span class='ocrx_word' id='word_1_683' title='bbox 1648 5545 1801 5596; x_wconf 63' lang='lat' dir='ltr'><strong>vole-</strong></span> 
     </span>
    </p>
   </div>
   <div class='ocr_carea' id='block_1_103' title="bbox 210 5644 1808 5725">
    <p class='ocr_par' dir='ltr' id='par_1_103' title="bbox 210 5644 1808 5725">
     <span class='ocr_line' id='line_1_103' title="bbox 210 5644 1808 5725; baseline -0.018 -11"><span class='ocrx_word' id='word_1_684' title='bbox 210 5661 353 5714; x_wconf 60' lang='lat' dir='ltr'><strong>bant</strong></span> <span class='ocrx_word' id='word_1_685' title='bbox 384 5654 676 5725; x_wconf 62' lang='grc' dir='ltr'><strong>ρτίιιςῑρυς,</strong></span> <span class='ocrx_word' id='word_1_686' title='bbox 718 5651 860 5717; x_wconf 81' lang='lat' dir='ltr'><strong>quod</strong></span> <span class='ocrx_word' id='word_1_687' title='bbox 895 5664 921 5701; x_wconf 90' lang='lat' dir='ltr'><strong>a</strong></span> <span class='ocrx_word' id='word_1_688' title='bbox 954 5648 1163 5699; x_wconf 72' lang='lat' dir='ltr'><strong>Murate</strong></span> <span class='ocrx_word' id='word_1_689' title='bbox 1191 5644 1294 5696; x_wconf 83' lang='lat' dir='ltr'><strong>sibi</strong></span> <span class='ocrx_word' id='word_1_690' title='bbox 1324 5646 1652 5693; x_wconf 85' lang='lat' dir='ltr'><strong>metuerent.</strong></span> <span class='ocrx_word' id='word_1_691' title='bbox 1682 5653 1808 5689; x_wconf 86' lang='lat' dir='ltr'><strong>sua-</strong></span> 
     </span>
    </p>
   </div>
   <div class='ocr_carea' id='block_1_104' title="bbox 206 5730 1806 5812">
    <p class='ocr_par' dir='ltr' id='par_1_104' title="bbox 206 5730 1806 5812">
     <span class='ocr_line' id='line_1_104' title="bbox 206 5730 1806 5812; baseline -0.019 -8"><span class='ocrx_word' id='word_1_692' title='bbox 206 5766 328 5807; x_wconf 66' lang='lat' dir='ltr'><strong>viuc</strong></span> <span class='ocrx_word' id='word_1_693' title='bbox 361 5747 499 5801; x_wconf 81' lang='lat' dir='ltr'><strong>lucri</strong></span> <span class='ocrx_word' id='word_1_694' title='bbox 554 5755 779 5812; x_wconf 63' lang='lat' dir='ltr'><strong>paztti‘r,</strong></span> <span class='ocrx_word' id='word_1_695' title='bbox 808 5752 859 5791; x_wconf 76' lang='grc' dir='ltr'><strong>(ιι</strong></span> <span class='ocrx_word' id='word_1_696' title='bbox 889 5740 1036 5809; x_wconf 84' lang='lat' dir='ltr'><strong>prius</strong></span> <span class='ocrx_word' id='word_1_697' title='bbox 1083 5739 1150 5789; x_wconf 85' lang='lat' dir='ltr'><strong>ab</strong></span> <span class='ocrx_word' id='word_1_698' title='bbox 1181 5733 1494 5790; x_wconf 79' lang='lat' dir='ltr'><strong>Osntanidis</strong></span> <span class='ocrx_word' id='word_1_699' title='bbox 1548 5730 1650 5782; x_wconf 84' lang='lat' dir='ltr'><strong>sibi</strong></span> <span class='ocrx_word' id='word_1_700' title='bbox 1713 5747 1806 5796; x_wconf 66' lang='lat' dir='ltr'><strong>per</strong></span> 
     </span>
    </p>
   </div>
   <div class='ocr_carea' id='block_1_105' title="bbox 212 5823 1805 5909">
    <p class='ocr_par' dir='ltr' id='par_1_105' title="bbox 212 5823 1805 5909">
     <span class='ocr_line' id='line_1_105' title="bbox 212 5823 1805 5909; baseline -0.014 -14"><span class='ocrx_word' id='word_1_701' title='bbox 212 5843 333 5896; x_wconf 74' lang='lat' dir='ltr'><strong>\‘llu</strong></span> <span class='ocrx_word' id='word_1_702' title='bbox 354 5847 539 5909; x_wconf 74' lang='lat' dir='ltr'><strong>Ctt‘pla</strong></span> <span class='ocrx_word' id='word_1_703' title='bbox 576 5850 897 5905; x_wconf 67' lang='lat' dir='ltr'><strong>t‘Ct‘ttpct‘Jt‘c</strong></span> <span class='ocrx_word' id='word_1_704' title='bbox 925 5835 1227 5887; x_wconf 80' lang='lat' dir='ltr'><strong>niterentur</strong></span> <span class='ocrx_word' id='word_1_705' title='bbox 1256 5846 1268 5879; x_wconf 87' lang='lat'><strong>:</strong></span> <span class='ocrx_word' id='word_1_706' title='bbox 1326 5826 1513 5880; x_wconf 84' lang='lat' dir='ltr'><strong>itidem</strong></span> <span class='ocrx_word' id='word_1_707' title='bbox 1588 5823 1805 5877; x_wconf 72' lang='lat' dir='ltr'><strong>volebat</strong></span> 
     </span>
    </p>
   </div>
   <div class='ocr_carea' id='block_1_106' title="bbox 1900 4625 3483 4704">
    <p class='ocr_par' dir='ltr' id='par_1_106' title="bbox 1900 4625 3483 4704">
     <span class='ocr_line' id='line_1_106' title="bbox 1900 4625 3483 4704; baseline -0.009 -13"><span class='ocrx_word' id='word_1_708' title='bbox 1900 4636 2218 4704; x_wconf 81' lang='lat' dir='ltr'><strong>Lemnoque</strong></span> <span class='ocrx_word' id='word_1_709' title='bbox 2269 4632 2468 4688; x_wconf 90' lang='lat' dir='ltr'><strong>insulis</strong></span> <span class='ocrx_word' id='word_1_710' title='bbox 2492 4674 2506 4693; x_wconf 90' lang='lat'><strong>,</strong></span> <span class='ocrx_word' id='word_1_711' title='bbox 2558 4630 2801 4700; x_wconf 90' lang='lat' dir='ltr'><strong>quandin</strong></span> <span class='ocrx_word' id='word_1_712' title='bbox 2836 4628 3083 4682; x_wconf 86' lang='lat' dir='ltr'><strong>sultauus</strong></span> <span class='ocrx_word' id='word_1_713' title='bbox 3115 4625 3483 4679; x_wconf 64' lang='lat' dir='ltr'><strong>llluchemetes</strong></span> 
     </span>
    </p>
   </div>
   <div class='ocr_carea' id='block_1_107' title="bbox 1901 4717 3482 4793">
    <p class='ocr_par' dir='ltr' id='par_1_107' title="bbox 1901 4717 3482 4793">
     <span class='ocr_line' id='line_1_107' title="bbox 1901 4717 3482 4793; baseline -0.006 -15"><span class='ocrx_word' id='word_1_714' title='bbox 1901 4727 2117 4791; x_wconf 77' lang='lat' dir='ltr'><strong>vixerit,</strong></span> <span class='ocrx_word' id='word_1_715' title='bbox 2172 4724 2254 4779; x_wconf 91' lang='lat' dir='ltr'><strong>cui</strong></span> <span class='ocrx_word' id='word_1_716' title='bbox 2307 4724 2524 4793; x_wconf 90' lang='lat' dir='ltr'><strong>quidem</strong></span> <span class='ocrx_word' id='word_1_717' title='bbox 2570 4724 2672 4775; x_wconf 90' lang='lat' dir='ltr'><strong>hac</strong></span> <span class='ocrx_word' id='word_1_718' title='bbox 2716 4724 2767 4773; x_wconf 92' lang='lat' dir='ltr'><strong>in</strong></span> <span class='ocrx_word' id='word_1_719' title='bbox 2810 4736 2866 4775; x_wconf 89' lang='lat' dir='ltr'><strong>re</strong></span> <span class='ocrx_word' id='word_1_720' title='bbox 2920 4719 3207 4790; x_wconf 83' lang='lat' dir='ltr'><strong>gratilicati</strong></span> <span class='ocrx_word' id='word_1_721' title='bbox 3249 4717 3380 4769; x_wconf 91' lang='lat' dir='ltr'><strong>sint.</strong></span> <span class='ocrx_word' id='word_1_722' title='bbox 3418 4717 3482 4769; x_wconf 87' lang='lat' dir='ltr'><strong>At</strong></span> 
     </span>
    </p>
   </div>
   <div class='ocr_carea' id='block_1_108' title="bbox 1901 4810 3482 4884">
    <p class='ocr_par' dir='ltr' id='par_1_108' title="bbox 1901 4810 3482 4884">
     <span class='ocr_line' id='line_1_108' title="bbox 1901 4810 3482 4884; baseline -0.008 -10"><span class='ocrx_word' id='word_1_723' title='bbox 1901 4820 2240 4874; x_wconf 87' lang='lat' dir='ltr'><strong>Mucbcmcte</strong></span> <span class='ocrx_word' id='word_1_724' title='bbox 2293 4828 2533 4880; x_wconf 91' lang='lat' dir='ltr'><strong>mortuo,</strong></span> <span class='ocrx_word' id='word_1_725' title='bbox 2567 4815 2882 4883; x_wconf 75' lang='lat' dir='ltr'><strong>Musraphas</strong></span> <span class='ocrx_word' id='word_1_726' title='bbox 2909 4828 3032 4866; x_wconf 90' lang='lat' dir='ltr'><strong>cum</strong></span> <span class='ocrx_word' id='word_1_727' title='bbox 3070 4812 3172 4884; x_wconf 86' lang='lat' dir='ltr'><strong>hoc</strong></span> <span class='ocrx_word' id='word_1_728' title='bbox 3197 4810 3482 4868; x_wconf 85' lang='lat' dir='ltr'><strong>liberatus,</strong></span> 
     </span>
    </p>
   </div>
   <div class='ocr_carea' id='block_1_109' title="bbox 1902 4906 3485 4976">
    <p class='ocr_par' dir='ltr' id='par_1_109' title="bbox 1902 4906 3485 4976">
     <span class='ocr_line' id='line_1_109' title="bbox 1902 4906 3485 4976; baseline -0.006 -9"><span class='ocrx_word' id='word_1_729' title='bbox 1902 4924 1957 4967; x_wconf 90' lang='lat' dir='ltr'><strong>et</strong></span> <span class='ocrx_word' id='word_1_730' title='bbox 2009 4914 2200 4967; x_wconf 85' lang='lat' dir='ltr'><strong>Murali</strong></span> <span class='ocrx_word' id='word_1_731' title='bbox 2255 4912 2611 4967; x_wconf 81' lang='lat' dir='ltr'><strong>Mucbemetis</strong></span> <span class='ocrx_word' id='word_1_732' title='bbox 2668 4910 2778 4962; x_wconf 79' lang='lat' dir='ltr'><strong>lilio</strong></span> <span class='ocrx_word' id='word_1_733' title='bbox 2834 4908 2940 4962; x_wconf 90' lang='lat' dir='ltr'><strong>fuit</strong></span> <span class='ocrx_word' id='word_1_734' title='bbox 2986 4906 3295 4976; x_wconf 87' lang='lat' dir='ltr'><strong>oppositus,</strong></span> <span class='ocrx_word' id='word_1_735' title='bbox 3350 4920 3485 4971; x_wconf 70' lang='lat' dir='ltr'><strong>prte-</strong></span> 
     </span>
    </p>
   </div>
   <div class='ocr_carea' id='block_1_110' title="bbox 1903 4998 3485 5065">
    <p class='ocr_par' dir='ltr' id='par_1_110' title="bbox 1903 4998 3485 5065">
     <span class='ocr_line' id='line_1_110' title="bbox 1903 4998 3485 5065; baseline -0.011 0"><span class='ocrx_word' id='word_1_736' title='bbox 1903 5012 2040 5065; x_wconf 87' lang='lat' dir='ltr'><strong>scnti</strong></span> <span class='ocrx_word' id='word_1_737' title='bbox 2091 5024 2213 5062; x_wconf 91' lang='lat' dir='ltr'><strong>cum</strong></span> <span class='ocrx_word' id='word_1_738' title='bbox 2246 5021 2426 5060; x_wconf 90' lang='lat' dir='ltr'><strong>rerum</strong></span> <span class='ocrx_word' id='word_1_739' title='bbox 2460 5004 2771 5059; x_wconf 72' lang='lat' dir='ltr'><strong>Grarearum</strong></span> <span class='ocrx_word' id='word_1_740' title='bbox 2808 5001 3144 5061; x_wconf 89' lang='lat' dir='ltr'><strong>discrimine,</strong></span> <span class='ocrx_word' id='word_1_741' title='bbox 3176 4999 3319 5052; x_wconf 87' lang='lat' dir='ltr'><strong>sicut</strong></span> <span class='ocrx_word' id='word_1_742' title='bbox 3346 4998 3485 5049; x_wconf 87' lang='lat' dir='ltr'><strong>idem</strong></span> 
     </span>
    </p>
   </div>
   <div class='ocr_carea' id='block_1_111' title="bbox 1904 5089 3486 5173">
    <p class='ocr_par' dir='ltr' id='par_1_111' title="bbox 1904 5089 3486 5173">
     <span class='ocr_line' id='line_1_111' title="bbox 1904 5089 3486 5173; baseline -0.011 -16"><span class='ocrx_word' id='word_1_743' title='bbox 1904 5104 2108 5173; x_wconf 76' lang='lat' dir='ltr'><strong>prolixe</strong></span> <span class='ocrx_word' id='word_1_744' title='bbox 2162 5106 2573 5155; x_wconf 89' lang='lat' dir='ltr'><strong>commemorat.</strong></span> <span class='ocrx_word' id='word_1_745' title='bbox 2628 5098 2815 5151; x_wconf 87' lang='lat' dir='ltr'><strong>Ubitcr</strong></span> <span class='ocrx_word' id='word_1_746' title='bbox 2868 5095 2971 5148; x_wconf 91' lang='lat' dir='ltr'><strong>hoc</strong></span> <span class='ocrx_word' id='word_1_747' title='bbox 3013 5094 3178 5145; x_wconf 88' lang='lat' dir='ltr'><strong>etiam</strong></span> <span class='ocrx_word' id='word_1_748' title='bbox 3217 5089 3486 5159; x_wconf 78' lang='lat' dir='ltr'><strong>adjicitor,</strong></span> 
     </span>
    </p>
   </div>
   <div class='ocr_carea' id='block_1_112' title="bbox 1904 5184 3489 5252">
    <p class='ocr_par' dir='ltr' id='par_1_112' title="bbox 1904 5184 3489 5252">
     <span class='ocr_line' id='line_1_112' title="bbox 1904 5184 3489 5252; baseline -0.012 -1"><span class='ocrx_word' id='word_1_749' title='bbox 1904 5196 2185 5251; x_wconf 81' lang='lat' dir='ltr'><strong>&#39;Luanitem</strong></span> <span class='ocrx_word' id='word_1_750' title='bbox 2218 5194 2361 5247; x_wconf 91' lang='lat' dir='ltr'><strong>hunc</strong></span> <span class='ocrx_word' id='word_1_751' title='bbox 2384 5193 2485 5245; x_wconf 89' lang='lat' dir='ltr'><strong>dici</strong></span> <span class='ocrx_word' id='word_1_752' title='bbox 2520 5190 2849 5252; x_wconf 80' lang='lat' dir='ltr'><strong>Sansovino,</strong></span> <span class='ocrx_word' id='word_1_753' title='bbox 2886 5202 2991 5240; x_wconf 88' lang='lat' dir='ltr'><strong>non</strong></span> <span class='ocrx_word' id='word_1_754' title='bbox 3020 5184 3304 5238; x_wconf 83' lang='lat' dir='ltr'><strong>Zunaitem</strong></span> <span class='ocrx_word' id='word_1_755' title='bbox 3343 5200 3355 5234; x_wconf 90' lang='lat'><strong>:</strong></span> <span class='ocrx_word' id='word_1_756' title='bbox 3397 5197 3489 5248; x_wconf 71' lang='lat' dir='ltr'><strong>prr</strong></span> 
     </span>
    </p>
   </div>
   <div class='ocr_carea' id='block_1_113' title="bbox 1906 5287 2867 5353">
    <p class='ocr_par' dir='ltr' id='par_1_113' title="bbox 1906 5287 2867 5353">
     <span class='ocr_line' id='line_1_113' title="bbox 1906 5287 2867 5353; baseline -0.008 -11"><span class='ocrx_word' id='word_1_757' title='bbox 1906 5289 2252 5343; x_wconf 86' lang='lat' dir='ltr'><strong>oscitantiatn</strong></span> <span class='ocrx_word' id='word_1_758' title='bbox 2286 5287 2591 5353; x_wconf 85' lang='lat' dir='ltr'><strong>scriptoris,</strong></span> <span class='ocrx_word' id='word_1_759' title='bbox 2630 5294 2685 5337; x_wconf 91' lang='lat' dir='ltr'><strong>ut</strong></span> <span class='ocrx_word' id='word_1_760' title='bbox 2717 5292 2867 5351; x_wconf 88' lang='lat' dir='ltr'><strong>puto.</strong></span> 
     </span>
    </p>
   </div>
   <div class='ocr_carea' id='block_1_114' title="bbox 2003 5369 3394 5446">
    <p class='ocr_par' dir='ltr' id='par_1_114' title="bbox 2003 5369 3394 5446">
     <span class='ocr_line' id='line_1_114' title="bbox 2003 5369 3394 5446; baseline -0.014 -9"><span class='ocrx_word' id='word_1_761' title='bbox 2003 5384 2097 5437; x_wconf 86' lang='lat'><strong>86.</strong></span> <span class='ocrx_word' id='word_1_762' title='bbox 2141 5381 2358 5443; x_wconf 77' lang='lat' dir='ltr'><strong>Vlubat,</strong></span> <span class='ocrx_word' id='word_1_763' title='bbox 2407 5378 2726 5446; x_wconf 83' lang='lat' dir='ltr'><strong>Lopau&#39;ium,</strong></span> <span class='ocrx_word' id='word_1_764' title='bbox 2769 5375 3001 5443; x_wconf 81' lang='lat' dir='ltr'><strong>Lupudi,</strong></span> <span class='ocrx_word' id='word_1_765' title='bbox 3052 5369 3394 5438; x_wconf 77' lang='lat' dir='ltr'><strong>Rhyndacus,</strong></span> 
     </span>
    </p>
   </div>
   <div class='ocr_carea' id='block_1_115' title="bbox 2549 5447 2847 5501">
    <p class='ocr_par' dir='ltr' id='par_1_115' title="bbox 2549 5447 2847 5501">
     <span class='ocr_line' id='line_1_115' title="bbox 2549 5447 2847 5501; baseline -0.01 0"><span class='ocrx_word' id='word_1_766' title='bbox 2549 5447 2847 5501; x_wconf 68' lang='lat' dir='ltr'><strong>Hic/talin&quot;.</strong></span> 
     </span>
    </p>
   </div>
   <div class='ocr_carea' id='block_1_116' title="bbox 1980 5528 3487 5613">
    <p class='ocr_par' dir='ltr' id='par_1_116' title="bbox 1980 5528 3487 5613">
     <span class='ocr_line' id='line_1_116' title="bbox 1980 5528 3487 5613; baseline -0.015 -12"><span class='ocrx_word' id='word_1_767' title='bbox 1980 5546 2291 5602; x_wconf 77' lang='lat' dir='ltr'><strong>Monuimus</strong></span> <span class='ocrx_word' id='word_1_768' title='bbox 2342 5558 2527 5613; x_wconf 90' lang='lat' dir='ltr'><strong>supra.</strong></span> <span class='ocrx_word' id='word_1_769' title='bbox 2594 5555 2822 5594; x_wconf 89' lang='lat' dir='ltr'><strong>numero</strong></span> <span class='ocrx_word' id='word_1_770' title='bbox 2884 5546 3141 5590; x_wconf 90' lang='lat' dir='ltr'><strong>notarum</strong></span> <span class='ocrx_word' id='word_1_771' title='bbox 3200 5534 3289 5594; x_wconf 79' lang='grc'><strong>16.</strong></span> <span class='ocrx_word' id='word_1_772' title='bbox 3345 5528 3487 5597; x_wconf 87' lang='lat' dir='ltr'><strong>quod</strong></span> 
     </span>
    </p>
   </div>
   <div class='ocr_carea' id='block_1_117' title="bbox 1912 5625 3493 5711">
    <p class='ocr_par' dir='ltr' id='par_1_117' title="bbox 1912 5625 3493 5711">
     <span class='ocr_line' id='line_1_117' title="bbox 1912 5625 3493 5711; baseline -0.017 -14"><span class='ocrx_word' id='word_1_773' title='bbox 1912 5646 2106 5697; x_wconf 81' lang='lat' dir='ltr'><strong>Turris</strong></span> <span class='ocrx_word' id='word_1_774' title='bbox 2129 5642 2384 5711; x_wconf 86' lang='lat' dir='ltr'><strong>oppidum</strong></span> <span class='ocrx_word' id='word_1_775' title='bbox 2423 5637 2653 5691; x_wconf 85' lang='lat' dir='ltr'><strong>minoris</strong></span> <span class='ocrx_word' id='word_1_776' title='bbox 2684 5634 2827 5687; x_wconf 75' lang='lat' dir='ltr'><strong>Asia:</strong></span> <span class='ocrx_word' id='word_1_777' title='bbox 2859 5633 3077 5687; x_wconf 85' lang='lat' dir='ltr'><strong>dicatur</strong></span> <span class='ocrx_word' id='word_1_778' title='bbox 3110 5628 3323 5686; x_wconf 78' lang='lat' dir='ltr'><strong>Vlubat,</strong></span> <span class='ocrx_word' id='word_1_779' title='bbox 3351 5625 3493 5677; x_wconf 75' lang='lat' dir='ltr'><strong>Lao.</strong></span> 
     </span>
    </p>
   </div>
   <div class='ocr_carea' id='block_1_118' title="bbox 1914 5726 3497 5804">
    <p class='ocr_par' dir='ltr' id='par_1_118' title="bbox 1914 5726 3497 5804">
     <span class='ocr_line' id='line_1_118' title="bbox 1914 5726 3497 5804; baseline -0.013 -10"><span class='ocrx_word' id='word_1_780' title='bbox 1914 5743 2032 5794; x_wconf 73' lang='lat' dir='ltr'><strong>uiro</strong></span> <span class='ocrx_word' id='word_1_781' title='bbox 2090 5737 2386 5804; x_wconf 77' lang='lat' dir='ltr'><strong>Lupadiunt</strong></span> <span class='ocrx_word' id='word_1_782' title='bbox 2436 5750 2577 5793; x_wconf 80' lang='lat' dir='ltr'><strong>esse,</strong></span> <span class='ocrx_word' id='word_1_783' title='bbox 2636 5746 2779 5783; x_wconf 87' lang='lat' dir='ltr'><strong>nunc.</strong></span> <span class='ocrx_word' id='word_1_784' title='bbox 2825 5728 2982 5795; x_wconf 74' lang='lat' dir='ltr'><strong>vulgo</strong></span> <span class='ocrx_word' id='word_1_785' title='bbox 3044 5726 3248 5794; x_wconf 84' lang='lat' dir='ltr'><strong>Lupatli</strong></span> <span class='ocrx_word' id='word_1_786' title='bbox 3299 5737 3439 5775; x_wconf 70' lang='lat' dir='ltr'><strong>nomi</strong></span> <span class='ocrx_word' id='word_1_787' title='bbox 3466 5737 3497 5773; x_wconf 84' lang='lat' dir='ltr'><strong>tt</strong></span> 
     </span>
    </p>
   </div>
   <div class='ocr_carea' id='block_1_119' title="bbox 1916 5820 3497 5891">
    <p class='ocr_par' dir='ltr' id='par_1_119' title="bbox 1916 5820 3497 5891">
     <span class='ocr_line' id='line_1_119' title="bbox 1916 5820 3497 5891; baseline -0.015 -1"><span class='ocrx_word' id='word_1_788' title='bbox 1916 5836 2132 5890; x_wconf 74' lang='lat' dir='ltr'><strong>habere.</strong></span> <span class='ocrx_word' id='word_1_789' title='bbox 2184 5830 2459 5887; x_wconf 47' lang='lat' dir='ltr'><strong>)lelrcnﬁs</strong></span> <span class='ocrx_word' id='word_1_790' title='bbox 2511 5826 2798 5891; x_wconf 82' lang='lat' dir='ltr'><strong>Antonius,</strong></span> <span class='ocrx_word' id='word_1_791' title='bbox 2854 5823 3059 5878; x_wconf 75' lang='lat' dir='ltr'><strong>Podota</strong></span> <span class='ocrx_word' id='word_1_792' title='bbox 3104 5829 3308 5886; x_wconf 83' lang='lat' dir='ltr'><strong>noster,</strong></span> <span class='ocrx_word' id='word_1_793' title='bbox 3340 5820 3497 5888; x_wconf 66' lang='lat' dir='ltr'><strong>cujus</strong></span> 
     </span>
    </p>
   </div>
  </div>
