4198 6426
800 367 906 427 τ95

1989 344 2313 410 JOANNIS
2341 338 2804 403 LEUNCLAVH

3942 331 4040 397 796

795 489 960 541 supra
1003 467 1350 524 meminimus
1404 476 1632 518 numero
1676 467 1926 515 notarum
1960 457 2055 523 24.
2099 455 2362 526 Ιιιψίιῑιιιυ
2397 461 2438 516 Α
2471 449 2560 503 me
2634 445 3025 511 ευὶιίίιιῖίεεθιὸ
3081 444 3762 513 ωεηοιοτυιηὶηψοείιεε
3808 447 4040 515 ηενίείίδ

794 579 1010 632 quoque
1033 561 1138 615 dici
1172 559 1399 615 volebat.
1435 555 1538 609 Sed
1562 553 1648 608 hic
1682 549 2016 611 addendum,
2048 564 2155 602 non
2203 545 2360 615 oppi-

796 661 922 710 dum
971 657 1232 709 duntaxat
1276 665 1396 705 esse
1442 645 1763 716 Lopadinm,
1814 642 1906 696 sed
1957 641 2121 696 eti-im
2183 639 2360 692 lacum

799 749 1094 815 Lopadium
1125 754 1176 798 et
1209 742 1567 812 proﬂuentem
1596 739 1761 792 elacu
1792 735 2090 805 Lopadium
2117 747 2355 797 amnem,

796 843 983 895 eodem
1018 838 1259 906 conspici
1294 837 1431 897 loco,
1453 843 1505 886 et
1537 831 1727 886 iisdem
1748 829 2003 899 appellari
2028 826 2359 880 nominibus.

803 933 950 987 Licet
1006 933 1108 984 hoc
1168 934 1329 982 etiam
1384 925 1670 994 perspicue
1719 923 1785 977 de
1817 920 2034 976 Laonici
2071 919 2252 974 verbis
2282 918 2361 972 inv

803 1027 1060 1094 telligere,
1103 1038 1226 1076 cum
1269 1036 1355 1074 res
1406 1019 1626 1074 easdem
1674 1016 1941 1078 referens,
1966 1015 2041 1069 ait
2075 1032 2088 1066 :
2124 1011 2201 1066 Eo
2230 1022 2364 1066 tem~

803 1133 931 1186 pore
956 1127 1131 1170 castra
1179 1115 1418 1169 Murattei
1477 1115 1817 1167 instabantnr
1859 1125 2024 1180 prope
2064 1106 2361 1176 Lopadium

801 1214 1004 1276 lacum,
1038 1222 1092 1266 et
1117 1211 1392 1278 regionem
1413 1205 1703 1260 Michalicii
1731 1205 2017 1259 vastabant
2049 1217 2062 1254 :
2094 1201 2184 1257 ubi
2213 1201 2364 1255 lacus

802 1305 986 1358 multis
1011 1301 1347 1370 lambagibus
1397 1312 1492 1366 per
1538 1297 1816 1365 angustias
1871 1295 1924 1348 in
1983 1306 2130 1345 mare
2193 1299 2366 1344 semet

799 1396 1044 1458 eﬂundit,
1080 1402 1133 1447 et
1172 1393 1372 1446 ibidem
1409 1405 1545 1459 pons
1579 1399 1685 1444 est.
1715 1386 2030 1455 Mnstaphas
2060 1395 2242 1439 autem
2275 1400 2364 1438 ac-

801 1491 1019 1552 cedens,
1067 1498 1244 1542 castra
1301 1485 1498 1540 locavit
1535 1484 1687 1550 juxta
1744 1482 1943 1535 ostium
1971 1479 2145 1543 ﬂuvii,
2181 1479 2361 1547 quiex

801 1584 918 1636 lacn
975 1587 1278 1650 promanat.
1330 1577 1536 1643 Quibus
1583 1576 1636 1629 in
1681 1574 1862 1628 verbis
1902 1588 2022 1642 qua:
2074 1570 2362 1626 Michalicii

802 1675 952 1744 regio
994 1682 1238 1737 vocatur,
1293 1685 1437 1724 nunc
1489 1667 1782 1728 Michaiizi,
1826 1675 1936 1720 tam
1971 1665 2040 1718 ab
2071 1663 2233 1731 hujus
2266 1677 2365 1716 no-

803 1767 965 1819 minis
1017 1765 1201 1828 ﬂuvio,
1261 1779 1423 1829 quam
1483 1761 1549 1814 ab
1577 1760 1775 1828 oppido
1834 1758 2085 1811 dicitur:
2140 1753 2281 1824 quod
2332 1768 2363 1808 a

2465 539 2655 610 capias
2686 555 2812 595 suas
2845 547 2995 594 trans
3041 536 3446 606 Hellespontum
3471 538 3593 592 vehi
3627 553 3876 594 curasse.
3912 537 4040 604 Qui-

2464 631 2568 686 bus
2620 631 2672 684 in
2716 631 2926 694 verbis,
2957 630 3178 699 quinam
3210 630 3284 683 illi
3313 640 3652 685 mercatores
3682 630 3911 694 iuerint,
3937 646 4039 684 nou

2464 722 2810 793 exprimitur.
2845 720 2949 776 Sed
2979 721 3277 784 Laonicns,
3305 736 3420 776 rem
3444 721 3705 777 disertius
3731 737 4037 790 exponens,

2463 813 2837 878 Praevenerat,
2855 815 3050 884 inquit,
3066 815 3374 867 Amuratem
3392 813 4038 884 Mustaphas,Callipolim

2467 908 2895 963 transfretaudo.
2933 908 3235 962 Amurales
3275 922 3426 974 vero,
3455 916 3646 962 nactus
3675 905 4038 962 Januensium

2467 1002 2646 1054 navim
2679 999 2996 1065 maximam,
3022 1016 3142 1070 qua:
3173 999 3312 1054 forte
3338 1001 3642 1069 appulerat,
3673 1015 3799 1053 cum
3840 1001 4041 1070 guber-

2467 1103 2653 1147 natore
2677 1094 2996 1163 paciscitur,
3027 1105 3088 1149 ut
3125 1109 3184 1149 se
3212 1109 3336 1149 cum
3365 1094 3664 1163 peregrinis
3693 1105 3744 1149 et
3779 1094 4043 1147 militibus

2464 1184 2651 1240 Janua:
2674 1185 3083 1254 (stipendiarios
3104 1195 3152 1239 et
3173 1185 3348 1240 Porta:
3393 1186 3590 1241 milites
3613 1196 3825 1241 vertere
3859 1186 4044 1242 debuit

2468 1277 2782 1348 interpres),
2826 1279 3158 1348 reliquisque
3179 1279 3375 1347 copiis,
3407 1278 3464 1333 in
3503 1278 3776 1348 Europam
3801 1289 4044 1335 transve-

2467 1370 2639 1424 heret.
2656 1369 2956 1424 Mercedem
2979 1371 3329 1437 gubernatori
3353 1371 3848 1437 solvitmaximam,
3868 1386 4040 1440 quan-

2468 1470 2574 1515 tam
2597 1463 2870 1528 pollicitus
2893 1463 3177 1528 pecuniam
3205 1463 3402 1528 luerat,
3425 1465 3653 1532 impigre
3672 1463 4038 1517 numerando.

2466 1552 2603 1606 Hinc
2640 1568 2770 1622 ergo
2805 1555 3322 1626 jampognoscitttr,
3354 1564 3686 1609 mercatores
3711 1554 3834 1609 illos
3875 1553 4042 1608 fuisse

2466 1644 2802 1713 Genuenses,
2851 1648 3051 1718 quibus
3092 1648 3182 1701 alii
3232 1647 3494 1702 Muratem
3531 1649 3584 1702 in
3617 1649 3832 1720 singula
3867 1660 4042 1703 trans-

2466 1739 2836 1793 vehendorum
2882 1740 3059 1808 capita
3121 1740 3352 1795 ducatos
3405 1740 3681 1808 singulos,
3738 1741 3831 1794 alii
3895 1743 4044 1796 binos

806 1858 1004 1925 Lapido
1049 1857 1162 1910 sive
1207 1854 1445 1922 Lopadio
1481 1853 1803 1905 ηιηιίπειηιε
1842 1849 2043 1904 Graecis
2082 1846 2146 1901 ιο
2176 1847 2361 1900 distat,
2400 1833 2437 1886 Β
2469 1831 2698 1886 solvisse
2725 1839 3054 1885 memorant.
3078 1830 3146 1886 Et
3179 1832 3451 1886 notandus
3479 1833 3566 1886 hic
3597 1833 3882 1887 locustam
3912 1835 4043 1888 Lao-

803 1947 1121 2002 Addendum
1167 1957 1219 1998 et
1269 1948 1390 2006 hoc,
1443 1959 1655 1998 amnem
1707 1941 2004 2011 Lopadium
2056 1937 2252 2010 priscis
2279 1936 2364 1992 di-

803 2050 948 2095 ctum
977 2041 1145 2095 fuisse
1178 2039 1555 2110 Rhyndacum.

803 2203 889 2255 87.
924 2198 1085 2252 Falso
1105 2215 1311 2251 rumore
1332 2197 1520 2262 didita,
1543 2212 1621 2250 res
1642 2195 1817 2265 magni
1838 2193 2088 2248 momenti
2106 2191 2365 2259 confecta.

874 2335 1073 2390 Praeter
1103 2334 1228 2387 illud
1273 2343 1623 2400 stratagema,
1669 2347 1777 2400 quo
1806 2328 2164 2386 Mechcmetes
2198 2329 2367 2398 hegus

807 2431 1180 2498 Michaloglius
1230 2428 1592 2497 Mnstaphagos
1653 2440 1906 2497 proceres
1959 2438 2023 2478 ac
2083 2422 2283 2475 milites
2310 2421 2364 2474 in

807 2535 985 2584 partes
1018 2523 1238 2576 Muralis
1264 2521 1523 2584 attraxit,
1558 2522 1699 2574 aliud
1731 2519 1890 2572 etiam
1924 2532 1952 2570 a
1988 2516 2227 2570 Laonico
2255 2528 2368 2567 me-

807 2618 990 2668 IllOi‘i'l.‘
1030 2617 1301 2685 proditum
1347 2626 1447 2680 est,
1473 2630 1580 2683 quo
1612 2614 1907 2681 singularis
1947 2610 2186 2664 vafritiei
2220 2623 2367 2664 com-

805 2715 985 2759 mento
1043 2722 1128 2760 res
1191 2707 1392 2774 pariter
1444 2722 1506 2759 ac
1535 2721 1658 2774 spes
1688 2720 1878 2758 omnes
1913 2703 2209 2769 Mustapha:
2244 2699 2369 2753 fun-

803 2799 948 2851 ditus
977 2813 1181 2852 eversa!
1206 2807 1551 2851 corruerunt.
1586 2798 1672 2849 Ait
1711 2799 1878 2858 enim,
1905 2795 2083 2848 missis
2118 2793 2186 2846 ad
2221 2791 2369 2845 Grai-

804 2906 989 2943 cornm
1046 2892 1429 2958 imperatorem
1480 2904 1545 2942 ac
1606 2903 1879 2954 proceres,
1934 2896 2039 2939 tam
2070 2901 2098 2940 a
2137 2886 2367 2950 Murate,

803 2999 962 3050 quam
1001 2983 1278 3050 Mustapha
1327 2981 1535 3050 legalis,
1577 2979 1795 3032 Grzecos
1837 2978 2050 3032 tandem
2075 2993 2133 3030 re
2160 2977 2369 3030 delibo-

805 3087 920 3129 rata
972 3075 1319 3140 Mustaphaeis
1361 3088 1639 3133 assensus,
1673 3071 2048 3124 Muratzeorum
2096 3070 2366 3138 postulata

804 3169 1078 3236 reiecisse.
1137 3165 1274 3219 Tum
1330 3181 1459 3219 vero
1508 3165 1791 3218 Moram-os
1832 3177 2051 3215 suorum
2079 3162 2133 3215 in
2184 3171 2362 3214 castra
2391 3187 2436 3250 ρ

805 3265 1038 3316 maxima
1085 3277 1206 3315 cum
1247 3259 1592 3313 festinatione
1645 3271 1934 3320 reversos,
1991 3271 2116 3307 mox
2171 3253 2366 3306 falsum

803 3356 1065 3424 sparsisse
1113 3367 1420 3413 rumorem,
1468 3365 1576 3417 quo
1621 3349 1838 3404 Graecos
1879 3347 2216 3402 aliirmabant
2249 3345 2366 3399 Mu-

805 3449 935 3502 ralis
977 3458 1157 3516 partes
1193 3445 1492 3513 amplexos.
1528 3442 1598 3495 Ea
1629 3458 1686 3495 re
1725 3457 1817 3508 per
1844 3439 2172 3509 transfugas,
2207 3449 2264 3493 ut
2285 3440 2365 3505 lit,

804 3542 856 3596 in
909 3539 1144 3592 hostium
1186 3551 1405 3606 quoque
1447 3534 1641 3589 castris
1660 3533 1847 3597 didita,
1879 3547 2218 3600 summopere
2249 3545 2368 3598 per-

804 3633 1047 3685 turbatos
1076 3630 1458 3698 Mnstaphmos,
1483 3642 1715 3696 quorum
1749 3625 1903 3693 legati
1939 3641 2063 3679 cum
2089 3632 2369 3693 peroptato

802 3723 1111 3777 Grmcorum
1162 3735 1422 3790 responso
1475 3720 1705 3774 necdum
1751 3717 2094 3785 appulerant,
2144 3715 2369 3785 abjectis

803 3815 998 3870 animis
1031 3815 1110 3868 vel
1139 3813 1365 3868 Muratis
1395 3828 1452 3866 se
1475 3812 1660 3882 gratim
1677 3825 1742 3864 ac
1765 3809 1887 3864 fidei
1921 3808 2259 3879 permisisse,
2285 3811 2369 3865 vel

804 3909 926 3976 fuga
983 3905 1142 3962 saluti
1195 3903 1540 3960 consuluisse
1569 3919 1581 3957 :
1628 3900 1792 3973 434
1821 3900 1964 3971 quod
1991 3898 2060 3954 ab
2093 3899 2210 3968 ipso
2235 3912 2372 3968 quo-

803 4014 909 4068 que
931 3997 1207 4067 lilustapha
1247 3996 1473 4059 factum,
1525 3992 1758 4047 Zunaite
1796 3992 2050 4058 patritum
2077 3991 2142 4045 ad
2167 3989 2369 4060 princi-

803 4098 986 4160 patum
1027 4104 1086 4146 se
1132 4088 1448 4156 recipiente.
1490 4084 1842 4141 Memorabile
1891 4082 2138 4154 profecto
2183 4096 2368 4159 exem-

803 4184 976 4253 plum,
1012 4198 1118 4251 quo
1151 4190 1306 4252 pacto
1336 4193 1730 4248 nonnunquam
1763 4179 1814 4231 in
1841 4176 1995 4231 bellis
2021 4190 2108 4230 res
2133 4175 2371 4231 maxime

804 4276 1112 4330 rumoribus
1155 4274 1235 4328 vel
1285 4273 1578 4342 prosperis,
1615 4271 1697 4324 vel
1753 4268 2019 4332 adversis,
2067 4283 2192 4324 cum
2236 4267 2368 4323 dex-

804 4366 1016 4422 teritate
1046 4364 1275 4435 sparsis,
1311 4361 1683 4432 perﬁciantur.

1179 4477 1270 4533 88.
1299 4477 1463 4546 Baga,
1502 4475 1672 4540 Guba,
1707 4490 1800 4544 pro
1832 4473 2002 4544 Buga.

869 4595 987 4660 Quo
1037 4594 1154 4646 loco
1205 4593 1305 4647 sita
1355 4593 1425 4646 sit
1468 4591 1634 4663 Buga,
1689 4591 1824 4646 satis
1853 4587 2076 4655 intelligi
2105 4593 2280 4657 potest
2306 4584 2373 4640 de

801 4686 1002 4739 notatis
1056 4685 1308 4754 superius
1348 4683 1413 4737 ad
1460 4698 1746 4735 munerum
1777 4681 1868 4735 24.
1903 4681 1944 4733 A
1970 4679 2240 4748 Leopadio
2265 4693 2370 4733 non

802 4777 957 4846 longe
1012 4777 1193 4839 distat,
1252 4775 1520 4844 habetque
1577 4774 1778 4835 lacum,
1827 4787 1891 4825 ex
1947 4787 2056 4839 quo
2086 4778 2373 4839 promanat

803 4869 977 4921 amnis
1046 4868 1212 4935 Buga,
1264 4865 1467 4920 civitati
1529 4865 1902 4933 cognominis.
1960 4862 2371 4916 Recentioribus

802 4960 937 5014 .lnha
984 4961 1061 5013 vel
1115 4960 1267 5013 Guba
1295 4958 1578 5019 scribitur,
1610 4957 1809 5009 litlcris
1843 4955 2212 5023 transpositis.
2242 4957 2371 5008 Am-

806 5054 886 5106 nis
921 5052 1084 5119 Buga,
1131 5038 1311 5119 qucnf
1343 5049 1602 5108 diximus,
1648 5046 1893 5115 Lopadio
1928 5047 2142 5100 ﬂumini.
2174 5046 2372 5101 misce-

806 5159 911 5211 tur,
948 5146 1088 5213 quod
1137 5145 1318 5214 itidem
1359 5140 1577 5195 Graecos
1625 5141 1752 5195 olim
1795 5140 2148 5210 Rhyndacum
2189 5140 2372 5210 appel-

805 5240 946 5291 lasse
973 5235 1132 5304 paulo
1163 5242 1287 5285 ante
1319 5232 1646 5286 notavimus.

801 5352 870 5403 89
917 5350 1207 5403 Genuenses
1231 5349 1442 5415 quidam
1468 5349 1521 5400 in
1550 5346 1814 5416 Europam
1840 5347 2065 5402 Muralis
2101 5347 2157 5402 11
2188 5350 2365 5418 copias

875 5432 1022 5472 trans
1079 5419 1490 5485 Hellespontum,
1569 5430 1782 5485 accepta
1832 5423 2062 5473 mercede
2112 5423 2362 5485 maxima,

871 5499 1255 5557 transportam.

869 5602 1130 5655 iiefernut
1183 5599 1383 5663 Turci,
1442 5600 1727 5666 Moralem,
1780 5611 1836 5656 ut
1897 5601 2236 5670 lilustapham
2281 5603 2364 5657 fu-

800 5697 1032 5762 gientem
1089 5693 1444 5762 Opprimcret,
1475 5709 1597 5748 cum
1631 5711 1821 5749 oumes
1847 5695 1912 5748 ad
1958 5694 2360 5763 Hellespontum

801 5801 1016 5857 propter
1054 5787 1524 5857 Calltnpolitanum
1566 5789 1845 5857 trajectum
1885 5805 2047 5845 naves
2080 5791 2128 5844 in
2162 5801 2359 5845 terram

2471 1926 2597 1988 nici,
2618 1941 2780 1994 quam
2809 1927 3115 1984 annalium.
3144 1935 3363 1995 propter
3399 1938 3709 1981 nostrorum
3739 1928 4042 1981 hallucina-

2469 2020 2667 2084 tiones,
2713 2034 2949 2090 quorum
2990 2019 3080 2073 alii
3126 2030 3380 2073 navatam
3429 2019 3571 2075 hanc
3605 2018 3802 2073 Turcis
3834 2020 3989 2073 aiunt
4017 2032 4043 2071 a

2467 2110 2848 2167 Genuensibus
2911 2127 3131 2182 operam
3184 2122 3431 2180 tempore
3489 2113 3678 2181 primae
3731 2112 4040 2166 Turcorum

2469 2204 2876 2271 transjectionis
2921 2206 2974 2259 in
3026 2205 3323 2274 Europam,
3368 2207 3420 2259 in
3451 2207 3654 2274 quibus
3684 2217 3772 2260 est
3812 2204 4046 2259 Nicoiai~

2468 2296 2585 2361 des,
2631 2297 2698 2351 de
2747 2312 2857 2367 quo
2901 2313 3066 2367 supra
3119 2298 3323 2353 dictum
3366 2313 3596 2351 numero
3646 2308 3908 2351 notarum
3937 2297 4042 2350 Ἅι

2468 2390 2558 2443 alii
2615 2389 2862 2444 referunt
2909 2390 2974 2444 ad
3024 2391 3076 2445 id
3125 2399 3361 2460 tempus,
3403 2406 3510 2460 quo
3539 2391 3788 2445 rescissis
3812 2392 4046 2445 auctori-

2469 2491 2575 2537 tate
2633 2481 2906 2552 pontilicis
2955 2483 3211 2547 induciis,
3255 2499 3393 2554 quas
3456 2484 3762 2540 Vladislaus
3817 2485 4048 2539 Polonus

2468 2572 2719 2643 Ungaria:
2766 2589 2860 2628 rex
2921 2589 3044 2628 cum
3102 2572 3313 2629 Murate
3370 2584 3561 2644 pactus
3615 2574 3822 2637 fuerat,
3879 2575 4050 2644 Euge.

2469 2665 2593 2720 nius
2635 2663 2699 2718 iV
2740 2665 3000 2734 pontifex,
3053 2676 3109 2719 et
3151 2664 3316 2720 Italia:
3349 2666 3640 2736 principes,
3674 2664 3900 2735 Ungaro
3931 2681 4051 2734 pro.

2470 2757 2755 2820 miserunt,
2795 2773 2852 2813 se
2890 2758 3209 2812 triremibus
3234 2758 3563 2813 obsessuros
3593 2757 4006 2826 Hellespontum
4035 2777 4045 2811 :

2467 2864 2578 2918 quo
2637 2850 2818 2903 minus
2863 2863 2928 2903 ex
2974 2849 3101 2903 Asia
3151 2849 3410 2914 Murates,
3467 2852 3555 2904 ubi
3604 2850 3810 2904 bellum
3863 2864 4048 2905 contra

2467 2938 2822 2992 Caramanum
2873 2940 3123 3007 gerebat,
3182 2941 3234 2994 in
3295 2940 3563 3008 Europam
3627 2944 4047 3001 transmittere,

2467 3042 2804 3102 conatusque
2847 3030 3104 3087 Vladislai
3177 3033 3355 3102 regis,
3402 3032 3610 3102 Europa
3667 3032 3888 3089 Turcos
3942 3035 4050 3102 eje-

2468 3124 2630 3186 cturi,
2673 3133 2854 3193 posset
2889 3125 3172 3194 impedire.
3220 3124 3340 3192 Quo
3383 3141 3514 3182 sane
3549 3136 3818 3195 tempore,
3854 3128 3900 3181 si
3942 3126 4045 3181 Ge-

2469 3230 2700 3270 nuenses
2745 3217 3179 3286 transportandis
3219 3216 3414 3272 Turcis
3453 3234 3674 3290 cperam
3723 3218 3931 3273 Murali
3967 3235 4053 3274 na.

2469 3315 2726 3373 vassent,
2785 3323 2883 3362 ceu
2937 3309 3176 3377 pessime
3245 3309 3313 3364 de
3358 3320 3466 3364 tota
3530 3311 3714 3365 meriti
3770 3313 4053 3380 republica

2469 3394 2779 3452 Christiana
2827 3398 2962 3453 diris
3013 3399 3259 3454 omnium
3302 3399 3482 3455 devoti
3527 3400 3783 3458 fuissent.
3817 3401 3928 3456 Sed
3955 3403 4054 3456 hoc

2471 3486 2687 3556 quidem
2739 3502 2832 3543 eos
2874 3488 3145 3546 Laonicus
3185 3499 3239 3545 et
3270 3491 3511 3546 Annales
3557 3491 3610 3546 hi
3645 3491 3885 3547 crimine
3919 3494 4052 3548 libe-

2470 3584 2623 3641 rant,
2675 3593 2796 3632 cum
2849 3579 3067 3635 interim
3107 3582 3291 3652 negari
3338 3593 3593 3653 nequeat,
3622 3585 3764 3640 hanc
3797 3585 4053 3643 Genuen-

2470 3667 2608 3722 sium
2632 3706 2648 3732 ,
2677 3670 3016 3739 privatorum
3047 3680 3238 3747 tamen.
3261 3674 3544 3730 hominum
3577 3691 3824 3745 operam,
3865 3679 3919 3731 in
3954 3679 4054 3732 hoc

2472 3767 2714 3829 tempore
2741 3771 2926 3817 contra
2965 3763 3308 3834 Mustapham
3343 3766 3540 3821 Murali
3573 3769 3906 3837 prazstitam,
3947 3788 4052 3825 non

2471 3849 2586 3907 leve
2614 3852 2926 3909 Graecorum
2949 3855 3112 3912 rebus
3137 3858 3390 3916 attulisse
3415 3859 3697 3922 damnum,
3722 3876 3792 3915 ac
3820 3864 4052 3932 proinde

2471 3945 2683 4001 caeteris
2728 3945 2893 4000 etiam
2953 3949 3120 4005 totius
3178 3948 3407 4021 Europa:
3455 3951 3672 4022 populis
3715 3951 4054 4010 Christianis

2473 4035 2642 4094 fuisse
2686 4040 2924 4095 noxiam.
2961 4040 3191 4099 Bolairis
3223 4051 3277 4098 et
3327 4042 3481 4100 Eleae
3524 4045 3766 4116 planitiei
3809 4047 3935 4103 loca
3967 4063 4055 4103 su-

2472 4130 2657 4200 perius
2677 4132 2923 4202 exposita
2951 4141 3079 4188 sunt
3113 4149 3343 4190 numero
3367 4135 3458 4190 25.
3480 4135 3712 4191 Tantum
3742 4137 3834 4193 hic
3861 4141 4053 4192 obser-

2472 4223 2737 4290 vandum,
2785 4225 3003 4279 nomine
3037 4225 3208 4281 Βαιθιί
3242 4228 3355 4283 sive
3397 4227 3651 4293 Bolairis,
3678 4230 3846 4285 etiam
3891 4236 4053 4301 appi-

2472 4315 2600 4368 dum
2649 4316 2736 4370 hic
2768 4316 2929 4370 situm
2964 4318 3209 4389 intelligi.
3248 4319 3435 4375 Mortis
3475 4336 3666 4390 genus,
3707 4338 3822 4391 quo
3851 4323 4056 4377 Musta-

2474 4405 2636 4475 pham
2672 4407 2911 4464 Murates
2939 4410 3078 4464 allici
3115 4410 3377 4479 jusserit,
3411 4413 3672 4466 nimirum
3698 4424 3756 4468 ut
3786 4415 3853 4467 de
3885 4417 4050 4483 pinna

2473 4499 2710 4568 quadam
2747 4516 3026 4555 murorum
3057 4504 3208 4557 urbis
3242 4502 3775 4574 lladrianopolitanar
3811 4522 4052 4575 suspen-

2476 4590 2733 4656 deretur,
2778 4607 2806 4644 a
2847 4590 3285 4666 Chalcocondyle
3336 4597 3555 4650 silentio
3605 4597 3968 4665 praeteritum,
4025 4616 4055 4657 a

2475 4681 2667 4738 Turcis
2704 4685 2980 4739 memoriae
3016 4689 3280 4755 proditur.

2665 4777 2753 4832 90.
2796 4776 2993 4832 Lazari
3022 4782 3145 4846 duo,
3187 4781 3383 4837 Servia:
3412 4782 3639 4846 desueta:
3665 4783 3846 4838 simul.

2545 4865 2641 4923 llis
2689 4873 2847 4924 annis
2897 4871 3175 4927 Bonlinius
3206 4888 3329 4927 cum
3379 4890 3484 4929 uno
3527 4877 3788 4947 Georgio,
3823 4880 4052 4950 despota

2474 4963 2839 5017 Roxianorum
2889 4965 3002 5018 sive
3047 4963 3436 5029 Razianorum,
3480 4971 3574 5036 qui
3607 4978 3660 5023 ct
3693 4969 3902 5035 Servii,
3943 4972 4057 5026 Mu-

2471 5064 2641 5110 ratem
2678 5056 2811 5108 bella
2838 5056 3072 5126 gessisse
3113 5057 3359 5126 scripsit.
3393 5059 3635 5114 Annales
3669 5076 3803 5115 vero
3827 5061 4050 5118 Turcici

2472 5148 2729 5209 tradunt,
2767 5162 2910 5201 anno
2943 5147 3260 5201 Christiano
3295 5147 3428 5200 “27
3463 5147 3732 5203 Lazarum
3767 5151 4052 5223 despotam

2471 5255 2653 5294 senem
2706 5241 2912 5293 ditione
2945 5255 3042 5295 sua
3075 5254 3302 5307 prorsus
3330 5251 3584 5306 exutum,
3639 5242 3929 5311 nihiloque
3963 5249 4055 5300 mi-

2471 5349 2573 5386 nus
2641 5349 2785 5387 anno
2827 5335 3077 5402 sequenti
3122 5335 3371 5404 proximo
3416 5335 3716 5401 Muratem,
3745 5337 4054 5392 instaurate

2469 5426 2639 5489 hcllo,
2681 5425 2872 5481 Lazari
2908 5427 3180 5494 regiOnem
3209 5426 3516 5482 universam
3550 5429 3873 5500 populatum
3911 5447 4051 5486 esse.

2466 5517 2673 5583 Quibus
2708 5535 2774 5572 ex
2827 5520 3004 5574 verbis
3039 5521 3285 5588 equidem
3335 5522 3551 5588 colligo,
3604 5523 3824 5578 nomine
3857 5523 4051 5579 anari

2466 5610 2611 5665 senis
2665 5610 2890 5680 intelligi
2950 5610 3312 5681 Stephanum,
3359 5612 3549 5666 Lazari
3605 5615 3765 5682 primi
3835 5615 4046 5680 ﬁlium,

2464 5717 2623 5770 quem
2670 5701 2905 5757 Muratcs
2936 5720 3102 5772 regno
3145 5705 3370 5775 cjccerit
3413 5722 3426 5760 :
3454 5706 3547 5760 sed
3575 5707 3641 5760 ab
3670 5706 3790 5775 ejus
3821 5707 3944 5763 lilio
3973 5725 4046 5761 re-

2465 5803 2673 5862 ceptam
2722 5811 2843 5851 mox
2891 5796 3172 5860 ditionem,
3236 5814 3262 5856 ει
3324 5795 3527 5852 iluratc
3578 5800 3843 5866 direptam
3899 5812 4042 5854 anno
