4198 6426
173 388 281 450 797

1340 396 1742 455 PANDEC’I‘E
1778 398 1985 457 HIST.
2029 400 2343 461 TURCIC.

3344 412 3456 473 798

173 504 425 572 proximo
468 506 635 560 fuisse
671 524 684 559 :
743 504 1012 561 Lararum
1065 522 1197 562 vero
1240 508 1517 578 juniorem
1575 512 1745 573 hunc,
1779 515 1828 572 Α
1856 514 2141 585 interjecto
2171 516 2441 573 Romanis
2474 521 2698 589 ac0piis
2726 530 3051 590 occupatum
3083 521 3208 576 fuit.
3231 522 3447 588 Quibus

171 598 389 668 Georgii
436 616 632 653 nomen
674 600 933 655 habuisse
976 602 1240 670 perspicit
1287 618 1351 655 ex
1415 604 1609 657 borum
1653 603 1749 656 de-

171 702 449 759 spotarum
483 703 770 747 stemmate
820 694 1014 757 lector,
1067 695 1214 764 quod
1274 710 1476 765 supra,
1522 710 1749 750 numero

172 796 294 839 nota
308 804 421 839 rum
453 787 541 849 54,
583 789 852 842 dedimus.

454 882 829 942 9|.lbrahim.
863 882 1098 938 Praimea
1142 894 1191 939 et
1229 883 1537 950 Mpraimes.

238 976 342 1041 Qui
391 974 586 1030 Turcis
632 976 868 1029 lbrabim
902 977 1096 1043 bassa,
1124 978 1354 1032 Chelilis
1385 978 1563 1032 bassa:
1602 987 1754 1045 pater

170 1068 392 1128 dicitur.
434 1068 676 1122 Laonico
707 1067 949 1125 Praimes
981 1081 1083 1136 est,
1114 1072 1227 1126 Alis
1262 1071 1406 1125 ﬁlius
1440 1088 1452 1121 :
1491 1085 1600 1138 quo
1636 1070 1756 1122 loco

173 1161 378 1213 notavit
429 1161 494 1214 ad
526 1161 648 1215 libri
709 1163 1011 1231 marginem
1062 1167 1354 1230 interpres.
1412 1165 1556 1216 hunc
1601 1176 1756 1213 eum-

158 1254 296 1306 -dem
355 1269 475 1308 esse
517 1270 638 1307 cum
690 1254 1087 1322 Chaiambego,
1118 1256 1171 1309 in
1216 1272 1326 1324 quo
1364 1270 1495 1310 sane
1524 1254 1754 1309 fallitur.

172 1346 312 1398 Nam
361 1348 445 1397 hic
492 1346 891 1417 Chaiambegus
937 1348 1276 1415 interpretis,
1320 1346 1559 1400 Laonico
1617 1347 1759 1400 libro

172 1446 332 1493 sexto
374 1438 671 1493 Carambes
701 1440 921 1501 dicitur,
958 1440 1159 1494 Priami
1192 1439 1356 1503 (ilius,
1390 1439 1616 1493 Chelilis
1651 1438 1761 1493 fra-

172 1544 278 1587 ter.
335 1533 433 1587 llbi
469 1542 617 1597 nota,
670 1534 946 1588 Priamum
999 1534 1176 1588 vocari
1222 1535 1443 1586 nomine
1479 1540 1760 1597 corrupto,

174 1627 299 1678 loco
331 1626 585 1685 Praimis.
622 1643 783 1695 quem
822 1627 997 1681 (ἕτεεοί
1036 1626 1352 1695 Mpraimem
1384 1624 1654 1682 scribunt,
1691 1622 1761 1674 ob

173 1717 448 1772 diﬂicilem
497 1720 631 1786 ipsis
668 1720 1175 1788 Pronuntiationem
1229 1718 1422 1772 litterae
1457 1727 1660 1770 nostra:
1699 1714 1758 1773 Β,

174 1825 277 1874 pro
314 1827 418 1879 qua
451 1811 542 1864 MP
572 1823 781 1881 ponunt
814 1829 828 1867 :
875 1823 931 1866 ut
964 1812 1295 1880 Mpajazites.
1336 1826 1431 1878 pro
1458 1809 1756 1877 Bajazites;

170 1903 530 1973 Rompertus,
574 1880 675 1975 pro
725 1905 1037 1969 Robertus;
1082 1905 1397 1974 Mpiperius.
1449 1919 1548 1973 pro
1598 1902 1754 1955 Bibe-
1787 1880 1827 1934 Β

174 1994 317 2057 rius,
373 1997 697 2064 cognomine
736 1997 939 2049 Tiberii
983 2013 998 2060 ;
1035 1995 1322 2065 Mpajulus,
1375 2010 1471 2063 pro
1522 1993 1753 2063 Bajulo:

171 2107 298 2159 qua:
347 2080 648 2159 posteriora
714 2090 824 2145 duo
856 2090 1205 2158 reperiuntur
1259 2088 1401 2157 apud
1461 2086 1754 2141 Cedrinum

171 2194 229 2237 ct
256 2183 573 2253 Gregoram.
633 2183 904 2239 Laonicus
956 2186 1097 2237 libro
1141 2181 1338 2236 deinde
1366 2190 1563 2233 octavo
1592 2180 1755 2232 etiam

175 2279 469 2342 Preimem,
527 2280 642 2333 sive
690 2278 894 2333 rectius
946 2277 1259 2346 Mpreimem
1316 2274 1472 2328 dixit.
1517 2273 1580 2325 Et
1611 2272 1758 2325 Grae-

172 2389 301 2424 cum
355 2371 616 2436 Praimes,
678 2372 794 2425 sive
848 2370 1112 2433 Preimes,
1168 2364 1754 2429 Turcicumlbrahim,

173 2466 318 2520 facta
351 2475 477 2519 sunt
514 2481 576 2518 ex
614 2464 839 2519 Hebraeo
869 2463 1164 2518 Abraham.

347 2557 507 2628 435
542 2556 631 2611 9Ξ.
673 2556 903 2610 Murates
946 2555 1256 2611 Salonicam
1282 2560 1568 2623 expugnat.

250 2673 493 2726 Annales
528 2672 578 2725 bi
610 2671 829 2741 quidem
866 2688 972 2725 non
996 2672 1261 2737 indicant,
1306 2670 1525 2724 cuinam
1584 2667 1757 2719 Mura-

172 2775 263 2820 tes
315 2763 624 2818 Salonicam
672 2765 786 2819 sive
834 2764 1278 2819 Thessalonicam
1320 2763 1624 2817 ademerit:
1664 2760 1758 2815 sed

171 2875 267 2912 rcs
293 2859 375 2915 sic
404 2859 585 2914 habet.
619 2860 772 2912 Anno
798 2856 1113 2912 Christiano
1156 2858 1295 2911 “25
1347 2854 1645 2910 Thessalia:
1678 2853 1760 2907 ci-

172 2962 320 3005 v-tas
353 2950 743 3007 Thessalonica
769 2951 992 3005 vendita
1040 2950 1355 3017 reipublic-re
1387 2947 1608 3001 Venetae
1658 2945 1761 2998 fuit

172 3047 245 3097 ab
296 3045 612 3100 Andronico
689 3043 1018 3111 Palarologo,
1094 3042 1361 3096 Manuclis
1414 3040 1761 3109 imperatoris

170 3138 496 3199 Grecorum
544 3137 960 3206 antepenultimi
998 3136 1132 3201 lilio,
1183 3134 1471 3203 penultimi
1507 3132 1757 3195 Joannis,

170 3239 228 3284 et
262 3232 439 3284 ultimi
494 3230 852 3288 Constantini
887 3229 1062 3283 fratre
1122 3246 1136 3282 :
1172 3229 1259 3283 cui
1321 3228 1439 3297 lege
1477 3235 1756 3295 permuta-
1787 3221 1829 3276 C

176 3325 375 3387 tionis,
410 3323 577 3377 annui
613 3324 819 3378 reditus
854 3322 1095 3377 civitatis
1124 3320 1430 3377 Tarvisina:
1452 3326 1762 3374 cesserunt.

174 3415 288 3469 Sed
327 3426 580 3469 mortuus
614 3413 717 3467 fuit
749 3414 1099 3467 Andronicus
1150 3412 1205 3465 in
1243 3410 1457 3472 itinere,
1499 3408 1627 3462 dum
1660 3406 1763 3459 Ve-

176 3510 365 3565 netias
394 3509 693 3577 navigaret.
730 3506 914 3561 Nihilo
963 3507 1146 3559 minus
1173 3504 1310 3559 urbe
1349 3503 1502 3572 potiti
1549 3500 1766 3565 Veneti,

175 3619 313 3659 suos
346 3617 413 3657 eo
440 3610 683 3656 rectores
712 3600 912 3654 misere
944 3618 958 3653 :
999 3613 1232 3668 quorum
1271 3596 1484 3667 primus
1520 3593 1623 3650 fuit
1654 3591 1768 3646 Ma-

178 3701 339 3752 rinus
374 3695 791 3758 Bondomerius,
854 3708 980 3755 cum
1008 3693 1167 3746 titulo
1200 3689 1418 3746 comitis
1477 3687 1768 3742 Thessalo—

176 3792 341 3843 nicae.
378 3787 633 3843 Venditio
672 3795 964 3859 propterea
1015 3784 1158 3839 facta
1224 3784 1350 3849 fuit,
1388 3780 1535 3851 quod
1592 3778 1765 3834 Graaci

174 3881 345 3941 nullo
370 3895 429 3935 se
479 3879 641 3933 modo
670 3877 1119 3931 Thessalonicam
1155 3875 1421 3929 adversus
1459 3872 1766 3925 Turcorum

176 3974 297 4027 vim
343 3986 506 4041 pos-e
557 3970 697 4024 tueri
732 3969 1002 4032 viderent,
1034 3968 1160 4022 licet
1186 3968 1316 4021 urbs
1352 3967 1467 4035 ipsa
1494 3964 1769 4032 magnitu-

173 4068 313 4120 dine
335 4064 584 4135 insignis.
609 4065 782 4134 copiis
810 4063 1074 4132 locdples,
1099 4060 1408 4115 Thermaici
1443 4060 1601 4114 sinus
1635 4071 1766 4128 por-

177 4168 237 4209 tu
308 4156 535 4219 nobilis.
591 4171 692 4211 nec
752 4155 845 4209 ulli
903 4149 1771 4209 Grazcarumcnvitatumctetcris

174 4250 531 4301 ornamentis
558 4244 791 4300 inferior
821 4253 989 4300 esset.
1016 4244 1179 4298 Anno
1228 4242 1427 4296 deinde
1462 4240 1593 4295 1451
1652 4241 1765 4294 sul-

176 4352 352 4406 tanus
385 4340 621 4394 Murates
646 4354 766 4392 eam
802 4338 1039 4401 obsedit,
1075 4351 1140 4391 ac
1173 4336 1454 4389 multoties
1491 4349 1773 4401 oppugna-

174 4446 321 4495 tam,
391 4430 607 4486 Venetis
631 4433 846 4485 tandem
884 4431 1084 4498 eripuit
1115 4448 1128 4483 :
1172 4427 1332 4483 caesis
1363 4426 1769 4487 defensoribus,

1853 621 1881 660 e
1912 608 2090 661 verbis
2119 609 2462 681 intelligitur,
2489 612 2731 666 Thracia!
2752 626 2989 667 montem
3016 629 3135 667 esse
3161 613 3444 685 Tuganum

1852 700 1938 752 vel
1963 699 2267 775 Toganutn,
2289 703 2530 758 vicinum
2565 703 2826 770 Tzurulo,
2865 705 2931 760 de
2957 723 3063 775 qua
3083 708 3338 775 superius
3367 710 3450 762 di-

1863 804 2035 855 ctum,
2058 810 2285 847 numero
2322 806 2575 850 notarum
2590 797 2827 866 πλαξε
2852 816 2979 853 vero
2993 800 3311 865 Turcicum,
3328 817 3447 854 eam

1855 883 1922 937 ad
1975 884 2257 950 Toganum
2316 889 2585 941 rationem
2626 890 2805 954 habet,
2838 892 2983 959 quod
3039 894 3417 959 pronuntiatio

1856 989 1981 1027 nem
2024 978 2241 1038 attinet,
2275 993 2439 1044 quam
2475 977 2682 1032 Ozman
2727 982 2808 1034 vel
2833 979 3062 1043 Osman,
3091 981 3156 1033 ad
3186 984 3447 1034 (Ithman.

2138 1069 2228 1121 94.
2260 1069 2518 1134 Ανὺαηὶα,
2540 1073 2822 1134 Albanum,
2863 1074 3178 1127 Arnautlar.

1929 1158 2101 1223 Quam
2139 1158 2309 1213 Graeci
2347 1172 2554 1216 veteres
2584 1163 2807 1231 Epirum
2836 1163 3049 1226 dixere,
3086 1180 3234 1219 nunc
3266 1166 3447 1218 Arba-

1862 1252 2007 1305 niam
2067 1265 2261 1307 vocant
2295 1264 2348 1308 et
2377 1255 2686 1309 Albaniam.
2716 1256 2928 1311 Nomen
2956 1257 3215 1312 Arbania:
3243 1259 3451 1324 reperi-

1863 1344 2025 1398 turin
2063 1345 2203 1398 libro
2234 1346 2419 1400 Graeca
2462 1348 2641 1418 lingua
2693 1350 2899 1419 vulgari
2939 1351 3166 1419 scripto,
3224 1352 3309 1404 cui
3355 1367 3454 1404 no-

1864 1448 1982 1487 men
2022 1432 2375 1490 l’ortolauus.
2406 1437 2679 1491 Albanum
2732 1451 2931 1506 praetor
2987 1440 3213 1495 Grzecite
3266 1449 3453 1495 noster

1865 1527 2007 1579 hanc
2069 1528 2348 1596 regionem
2411 1531 2683 1598 indigitat.
2755 1531 2949 1585 Incolae
2995 1532 3191 1585 Turcis
3238 1532 3454 1585 Arnau—

1864 1620 1985 1673 tlari
2027 1620 2401 1684 nominantur,
2452 1637 2478 1674 a
2533 1623 2739 1690 quibus
2785 1624 2897 1692 jam
2937 1624 3129 1689 majori
3184 1640 3249 1675 ex
3300 1632 3453 1692 parte

1866 1713 2044 1765 Morea
2079 1728 2319 1780 quoque.
2357 1716 2473 1767 sive
2505 1713 2941 1782 Pel0ponnesus,
2982 1716 3339 1769 inhabitatur.

1867 1807 1959 1861 95.
2004 1805 2220 1871 Herzec,
2267 1806 2625 1873 Herzcgovina
2654 1826 2671 1861 :
2708 1810 2905 1862 Bozina
2949 1810 3158 1873 duplex,
3198 1806 3452 1863 Sandalis

2298 1880 2459 1947 regio,
2485 1881 2594 1931 dux
2621 1878 2804 1933 Sancti
2835 1878 3013 1933 Sabre.

1935 1971 2099 2041 Regia
2129 1970 2343 2025 Bozinae
2365 1974 2688 2039 superioris,
2713 1989 2905 2027 versus
2929 1973 3148 2027 Jadram
3184 1975 3299 2028 sive
3342 1974 3447 2026 Za-

1861 2080 1977 2118 ram
2020 2073 2073 2118 et
2126 2065 2483 2132 Epidaurum,
2516 2081 2659 2119 nunc
2684 2065 2952 2136 Ragusam
2983 2082 3042 2121 se
3094 2068 3449 2137 porrigentis,

1859 2154 2096 2209 Herzeca
2130 2169 2155 2205 a
2182 2154 2377 2209 Turcis
2399 2156 2744 2223 ‘appellatur.
2782 2171 2809 2209 a
2838 2157 3124 2222 Gastaldo,
3173 2159 3445 2222 Gberscc;

1860 2249 1928 2302 ab
1952 2249 2073 2303 aliis
2092 2246 2321 2317 Orzega,
2346 2264 2373 2301 a
2402 2247 2691 2302 Bozinacis
2723 2249 3007 2304 etCrnatis
3038 2249 3445 2313 llerzegovina:

1860 2340 2006 2411 quod
2038 2340 2193 2395 ducis
2224 2343 2342 2395 sive
2370 2341 2630 2410 principis
2665 2343 2820 2396 sedes
2841 2354 3004 2407 esset,
3035 2358 3194 2411 quem
3225 2338 3453 2396 Bocina-

1862 2434 1909 2488 ci
1946 2433 2394 2501 Croatiquc,cum
2421 2433 2678 2502 Ungaris,
2712 2432 3035 2488 Germanico
3061 2434 3326 2487 vocabqu
3350 2448 3449 2486 no-

1862 2529 2071 2581 minant
2114 2526 2342 2595 Herzog.
2402 2525 2611 2595 Quippe
2643 2528 2841 2596 duplex
2893 2539 3011 2583 erat
3057 2528 3183 2581 olim
3224 2526 3449 2590 Bozina,

1861 2621 2107 2688 superior
2141 2629 2195 2673 et
2227 2619 2450 2673 inferior
2482 2637 2494 2673 :
2528 2636 2760 2690 quarum
2801 2622 2912 2675 haec
2964 2634 3145 2688 regem
3195 2617 3451 2679 habebat,

1862 2729 2022 2783 quem
2064 2714 2405 2784 Illyricorum
2437 2730 2613 2781 regem
2638 2723 2917 2783 nuncupat
2951 2710 3451 2781 Cnalcoromlyles:

1864 2797 1952 2858 illa
1976 2807 2281 2873 principem
2310 2808 2425 2859 sive
2455 2808 2672 2867 ducem,
2701 2821 2859 2873 quem
2894 2806 3057 2857 etiam
3080 2801 3264 2856 Sancti
3301 2801 3457 2854 Saba)

1863 2896 2056 2949 ducem
2090 2898 2380 2952 vocabant.
2419 2897 2659 2950 Laonieo
2712 2896 2969 2951 Sandalis
3026 2896 3177 2962 regio
3223 2895 3451 2959 dicitur,

1862 3000 1917 3045 et
1948 2990 2135 3045 incola:
2169 2971 2453 3057 ‘Cuolvergi
2512 2993 2580 3045 ab
2621 2990 2809 3045 eodem
2869 2991 3237 3060 appellantur,
3304 2991 3454 3042 haud

1864 3083 2001 3144 scio,
2038 3099 2105 3135 an
2145 3099 2251 3137 non
2292 3084 2565 3152 corruptis
2596 3084 2910 3148 vocabulis,
2950 3099 3059 3137 uno
3093 3099 3155 3137 ex
3186 3082 3455 3141 Sausaba.

1864 3176 2003 3229 sicut
2034 3175 2147 3227 ltali
2186 3176 2561 3243 pronuntiant,
2633 3176 2807 3229 altero
2856 3190 2919 3229 ex
2981 3174 3295 3229 Herzecovi.
3348 3172 3455 3226 Sed

1870 3265 2027 3334 plura
2068 3273 2134 3321 de
2184 3268 2272 3323 his
2333 3268 2497 3330 intra,
2538 3284 2659 3322 cum
2694 3269 2746 3321 in
2810 3268 3070 3337 Bajazitis
3139 3267 3178 3320 ll
3232 3251 3338 3319 vita
3391 3266 3458 3320 de

1868 3352 2131 3407 Aehmete
2186 3354 2343 3408 bassa
2387 3354 2712 3426 Cherseogli
2791 3358 2905 3410 sive
2946 3355 3292 3423 Cbersccogli
3346 3366 3456 3408 tra-

1869 3446 2161 3511 ctabimus,
2201 3456 2455 3500 notarum
2491 3448 2592 3502 161
2629 3460 2683 3502 et
2710 3448 2814 3502 162
2844 3449 3134 3517 capitibus.
3175 3449 3230 3502 1η
3252 3448 3457 3502 tabulis

1871 3537 2317 3607 chorograpbicis
2352 3556 2450 3609 pro
2494 3540 2739 3612 Hercego
2762 3543 2984 3595 civitate
3017 3542 3261 3611 reperias
3280 3542 3451 3595 alicu-

1870 3628 1924 3683 bi
1962 3631 2249 3699 scriptum,
2280 3630 2529 3699 Scrcico,
2566 3636 2655 3688 sed
2699 3645 2975 3703 corrupte.

2176 3722 2266 3776 96.
2314 3722 2466 3777 Bulci
2498 3726 2616 3793 ﬁlia
2645 3725 2847 3779 Murati
2881 3735 3065 3795 nupta.

1944 3811 2177 3868 Nomine
2241 3814 2389 3869 Bulci
2425 3818 2610 3886 accipe
2662 3816 2956 3887 Georgium
3030 3819 3456 3881 Bnlcovitzium,

1874 3905 2077 3960 Serviat
2115 3906 2419 3976 despotam,
2452 3918 2508 3962 et
2546 3909 2668 3963 vide
2716 3920 2898 3965 notata
2935 3913 3213 3981 superius,
3260 3912 3327 3967 ad
3359 3929 3458 3965 nn-

1872 4013 2057 4053 meros
2097 4009 2350 4053 notarum
2378 4000 2449 4054 46
2481 4012 2535 4054 et
2559 4002 2647 4056 54.
2674 4003 2864 4057 Filiam
2904 4004 3069 4071 hujus
3097 4004 3302 4058 Murali
3360 4020 3460 4057 nu-

1873 4095 2049 4157 ptam,
2108 4088 2354 4158 plerique
2387 4099 2582 4144 vocant
2614 4089 2824 4153 lrenen.
2857 4104 3218 4163 cognomento
3264 4092 3463 4147 Canta-

1874 4191 2164 4241 cuzenam,
2201 4177 2253 4231 in
2295 4178 2495 4247 quibus
2532 4188 2617 4233 est
2663 4178 2968 4245 Geul‘rreus,
3005 4197 3165 4251 quem
3230 4182 3462 4236 Reinec-

1875 4270 1993 4325 cius
2025 4270 2294 4339 sequitur.
2328 4270 2433 4323 Sed
2481 4272 2531 4325 ui
2567 4271 2784 4337 quidem
2852 4282 3062 4327 errant.
3115 4274 3249 4328 Nam
3312 4281 3462 4329 recte

1876 4359 2096 4428 scripsit
2126 4358 2519 4427 Spanduginus
2556 4358 2698 4413 hanc
2755 4358 2980 4414 Mariam
3021 4360 3192 4417 fuisse
3237 4365 3458 4428 dictam,

1876 4468 1996 4519 qua:
2030 4460 2154 4504 nata
2188 4450 2347 4504 I'uerit
2389 4466 2493 4503 non
2546 4450 2940 4514 Cautacuzino,
2980 4452 3073 4506 sed
3131 4450 3300 4523 Jurgo
3349 4456 3456 4522 (sic.

177 4544 247 4581 ac
285 4525 524 4595 ["795idii
557 4524 745 4620 Yene'i
803 4522 1051 4591 reliquiis
1105 4519 1606 4620 ηθῖθῗηίθεξθεδίδν
1651 4532 1772 4585 qum
1804 4561 1855 4620 ι)
1883 4544 2055 4597 Servii
2111 4542 2404 4612 Georgium
2461 4544 2680 4609 vocant)
2722 4542 2948 4613 despota
2980 4556 3155 4613 patre.
3191 4519 3463 4600 cantami-

179 4624 239 4672 in
276 4627 438 4687 portu
491 4617 732 4680 stabant,
773 4630 1070 4686 earumque
1116 4612 1359 4668 subsidio
1406 4610 1710 4665 Turcorum
1743 4624 1773 4663 e

179 4712 446 4765 manibus
477 4708 727 4776 dilapsis.

306 4799 573 4855 93.110":
607 4798 775 4869 Zoga,
807 4800 896 4869 qui
932 4808 980 4852 et
1025 4799 1268 4869 Toganus
1292 4808 1339 4853 et
1362 4798 1633 4869 Tuganus.

258 4920 397 4984 Quae
427 4916 586 4972 Turci
646 4928 906 4971 montana
960 4916 1121 4983 Zogze
1174 4925 1394 4977 vocant,
1450 4914 1623 4967 Graeci
1694 4914 1777 4969 vel

181 5012 479 5081 Tuganum
518 5018 777 5073 montem,
809 5021 864 5062 ut
894 5008 1166 5062 Laonicus
1201 5024 1217 5071 ;
1255 5008 1337 5059 vel
1381 5007 1692 5074 Tuganum,
1721 5017 1781 5060 ut

183 5113 397 5169 praetor
455 5110 662 5167 noster,
715 5100 995 5153 dixerunt.
1058 5098 1282 5153 Laonici
1338 5098 1490 5154 locus
1542 5100 1637 5153 hic
1675 5110 1777 5151 cst.

188 5194 539 5263 Mustapbas,
582 5193 780 5262 inquit,
830 5192 1051 5245 tandem
1104 5208 1380 5259 nusquam
1432 5201 1601 5256 tutus,
1654 5192 1777 5260 fuga

187 5307 250 5344 se
278 5290 517 5342 contulit
543 5289 595 5340 in
633 5298 893 5351 montem,
936 5301 1097 5356 Quem
1130 5286 1318 5340 incolae
1361 5284 1640 5355 'l‘oganum
1688 5301 1782 5339 vo-

188 5394 349 5442 cant.
387 5383 645 5438 Praetoris
676 5393 858 5437 autem
911 5384 1024 5437 hate
1056 5384 1218 5437 verba
1256 5392 1426 5439 sunt:
1476 5383 1781 5452 Imperator

186 5479 368 5531 etiam
408 5486 645 5529 mootem
677 5474 963 5545 Tuganum
995 5477 1048 5529 in
1084 5485 1411 5547 potestatem
1462 5478 1691 5546 redegit,
1726 5487 1781 5533 et

188 5570 517 5641 oppidulum
556 5569 609 5622 in
658 5584 722 5622 eo
756 5569 1001 5623 condidit
1040 5587 1052 5622 :
1111 5585 1219 5636 quo
1260 5567 1546 5623 Nicolaum
1593 5569 1781 5625 Coter-

198 5678 329 5719 tzen
356 5664 649 5733 ablegavit,
688 5673 744 5716 ut
773 5664 1031 5718 excubias
1072 5663 1180 5716 illic
1208 5671 1413 5732 ageret,
1470 5674 1520 5717 et
1570 5662 1781 5718 Latinis

197 5761 351 5811 intra
430 5754 729 5809 Tlttrulum
782 5756 1112 5825 degentibus
1164 5756 1376 5823 negotia
1438 5754 1773 5808 incesseret:

198 5848 349 5918 quod
374 5846 592 5917 quidem
618 5848 876 5917 oppidum
906 5846 1126 5903 Tzuruli
1159 5864 1265 5903 non
1297 5861 1491 5913 magno
1537 5857 1777 5909 tcnu-orc

1883 4639 2004 4691 zina
2043 4646 2219 4690 tamen
2268 4636 2423 4689 lrene
2462 4644 2653 4699 matre,
2694 4650 2819 4705 quae
2854 4651 3012 4691 soror
3045 4637 3211 4691 fuerit
3242 4638 3460 4707 Georgii

1882 4726 2261 4781 Cantacuzini.
2311 4726 2577 4796 Georgius
2625 4736 2830 4791 autem,
2880 4727 3027 4797 quod
3072 4728 3465 4798 Spanduginus

1885 4838 1989 4875 non
2034 4820 2258 4885 addidit,
2293 4834 2462 4887 nepos
2493 4828 2611 4872 erat
2672 4820 3018 4889 imperatoris
3051 4819 3279 4876 Joannis
3322 4821 3462 4876 Can-

1884 4913 2144 4974 tacuzini,
2186 4927 2251 4966 ex
2294 4910 2549 4965 Mattbaeo
2582 4912 2717 4976 ﬁlio,
2770 4913 3164 4966 Albauensium
3193 4916 3460 4984 principe.

1883 5006 2222 5072 Quapropter
2249 5002 2363 5055 haec
2396 5002 2558 5054 etiam
2614 5000 2781 5054 Maria
2838 5004 3019 5069 neptis
3054 5002 3158 5055 fuit
3215 5003 3461 5073 ejusdem

1880 5097 2107 5151 Joannis
2139 5095 2494 5165 imperatoris
2554 5094 2752 5149 Graeci.
2789 5093 3021 5148 Fallitur
3051 5103 3105 5149 et
3150 5095 3460 5160 Bontinius,

1881 5191 1975 5261 qui
2021 5189 2302 5259 despinam
2367 5190 2509 5242 hanc
2568 5188 2903 5257 Synderovia
2941 5200 3098 5256 capta
3151 5186 3462 5243 Turcorum

1884 5284 1934 5336 in
1968 5298 2167 5336 manus
2204 5281 2421 5334 venisse
2467 5280 2696 5334 scribit:
2742 5296 2864 5333 cum
2904 5297 2972 5334 ex
3013 5282 3321 5335 Annalibus
3380 5284 3463 5333 bis

1881 5384 2114 5437 constet,
2159 5374 2305 5427 illam
2340 5374 2531 5428 urbem
2594 5388 2739 5427 anno
2797 5374 3016 5428 demum
3078 5384 3202 5443 post
3267 5376 3462 5429 initum

1885 5472 1986 5524 hoc
2054 5470 2462 5521 matrimonium
2516 5468 2676 5522 tertio
2768 5466 2940 5522 fuisse
2996 5476 3344 5537 occupatam.
3402 5468 3461 5523 Et

1884 5564 2209 5625 notandum,
2243 5562 2383 5614 hanc
2418 5560 2614 5613 ΜυνΜὶ
2662 5561 2913 5629 nupsisse
2948 5577 3097 5616 anno
3137 5563 3458 5616 Christiano

1885 5658 2042 5720 1455,
2079 5656 2160 5709 vel
2227 5655 2615 5707 Mahuroctano
2651 5654 2785 5721 338;
2831 5665 2954 5723 post
3004 5658 3281 5710 biennium
3335 5672 3463 5710 vero

1886 5750 2275 5804 circumcisum
2310 5748 2480 5802 fuisse
2536 5747 2932 5803 aluchemetem
2986 5749 3209 5801 llluratis
3266 5750 3461 5801 lilium

1889 5846 2025 5902 llinc
2056 5847 2198 5899 cnim
2242 5842 2585 5906 intelligitur.
2625 5857 2731 5900 non
2768 5841 2938 5898 fuisse
2976 5851 3163 5897 natum
3188 5858 3247 5899 ex
3289 5840 3457 5897 Maria
