4198 6426
762 365 870 428 799

2001 379 2329 442 JOANNIS
2377 385 2856 447 LEUNCLAYH

3926 393 4038 459 800

763 485 987 554 ulespina
1048 484 1469 552 Muchemetctn,
1504 491 1648 559 quod
1694 494 1853 563 vulgo
1887 498 2103 564 magnis
2162 499 2327 553 etiam
2361 501 2407 559 Α
2438 502 2530 558 99.
2566 502 2758 575 Oppidi
2791 502 3113 575 Semendriw
3157 506 3365 558 diversa
3410 505 3626 557 nomina
3653 523 3669 557 :
3700 502 3915 575 Georgii
3947 507 4037 560 de-

762 596 790 628 a
851 579 984 632 viris
1021 581 1299 635 memoria!
1339 584 1614 650 proditur.
1670 587 1883 656 Quippe
1924 586 2091 661 433
2152 582 2342 646 bimuli

762 670 907 735 apud
950 670 1159 727 Turcos
1213 673 1531 729 circumcidi
1567 692 1673 730 non
1718 680 1953 735 solent.
1999 681 2062 734 Et
2122 682 2343 737 tradunt

767 763 1043 827 Annales,‘
1075 764 1470 822 Muchemetetn
1523 780 1709 824 natum
1765 788 1912 826 anno
1961 774 2343 831 Mabumetauo

763 854 888 914 835.
913 856 1297 913 circumcisum
1329 876 1471 913 anno
1488 862 1614 924 8M,
1656 880 1725 917 nn
1751 865 1798 919 ie
1842 865 2135 936 colligitur,
2155 878 2342 924 octcn'

768 960 889 995 nent
941 944 1131 1011 fuisse,
1165 965 1289 1002 cum
1314 952 1822 1009 circtttncitleretttr.
1859 956 2008 1012 Aude
2030 962 2343 1017 testimonia

763 1038 1102 1104 Graecorum,
1158 1040 1612 1116 Chalcocondylis
1657 1058 1710 1101 et
1757 1048 2137 1121 Spandugini;
2204 1069 2341 1122 quo-

766 1142 885 1180 rum
913 1128 1002 1184 ille
1038 1129 1258 1200 Georgii
1319 1135 1558 1205 despot:c
1606 1140 1793 1199 tiliam,
1855 1141 2211 1198 Muchemutis
2248 1162 2343 1198 no.

769 1235 982 1274 vcrcam
1010 1238 1269 1293 expresse
1302 1239 1455 1283 vocat
1488 1248 1501 1284 :
1532 1232 1617 1286 hic
1649 1248 1777 1287 vero
1801 1234 2061 1289 Muratem
2088 1253 2153 1291 ex
2176 1237 2343 1295 Maria

762 1312 991 1382 despina
1027 1318 1227 1372 nullam
1287 1324 1597 1391 suscepisse
1655 1327 1899 1381 sobolem
1967 1329 2192 1386 disertis
2251 1334 2343 1387 iti-

766 1405 887 1460 dem
917 1409 1095 1464 verbis
1129 1412 1309 1466 tradit.
1349 1412 1527 1470 [labes
1552 1418 1717 1472 etiam
1746 1420 1901 1473 initio
1952 1422 2345 1478 declarazionis

770 1498 950 1566 hujus,
987 1503 1158 1571 prima
1209 1505 1392 1559 statim
1431 1518 1580 1579 nota,
1618 1510 1685 1565 de
1716 1510 1818 1567 hoc
1837 1517 2085 1583 quatdfun
2118 1534 2146 1569 a
2188 1518 2348 1573 nobis

768 1593 1038 1660 exposita.

1146 1688 1238 1744 97.
1282 1690 1486 1759 Buruz,
1520 1692 1713 1759 Baros,
1741 1695 1960 1752 Cibura.

836 1802 1089 1859 Castrum
1157 1806 1281 1873 (hoc
1343 1812 1566 1867 nomine
1631 1814 1885 1869 civitates
1951 1816 2116 1871 etiam
2176 1818 2345 1875 Turci

2779 583 2943 644 spata:
2993 573 3294 629 Serviorum
3335 576 3469 629 varii
3503 590 3703 628 casus.

2515 712 2667 778 Quod
2691 713 2948 782 oppidum
2984 713 3207 775 Servire,
3242 729 3349 767 non
3386 712 3571 781 procul
3605 727 3633 765 a
3676 710 3946 779 Belgrade
3970 709 4033 763 ad

2449 808 2618 875 ripam
2649 807 2879 862 Danubii
2912 810 3106 873 situm,
3140 809 3438 864 Semcnder
3478 808 3674 862 Turcis
3694 807 4029 878 appellatur.

2448 909 2543 955 aut
2584 900 2914 966 Semendre,
2953 903 3189 958 diversis
3217 912 3298 957 est
3349 906 3693 959 nominatum
3744 900 4032 955 vocabulis

2449 994 2517 1047 ah
2551 993 2910 1047 historiarum
2967 996 3359 1064 scriptoribus.
3422 996 3819 1066 Synderoriam
3873 1004 4033 1047 vocat

2451 1085 2753 1148 Bonﬁnius.
2787 1087 3189 1156 Spenderoben
3227 1099 3282 1141 et
3340 1088 3764 1153 Spenderoviam
3826 1086 4030 1145 Laom-

2449 1195 2568 1240 ους,
2599 1178 2971 1234 Simandriam
3014 1179 3583 1249 BusbequiusJovius
3614 1179 4026 1233 Samanalrium.

2451 1271 2856 1326 Smeudrovum
2896 1273 3325 1342 Spanduginus:
3363 1287 3428 1326 ex
3457 1288 3565 1336 quo
3601 1272 3821 1326 Laouici
3859 1271 4031 1337 Spen—

2450 1364 2686 1418 deroben
2717 1366 2955 1419 arbitror
3002 1365 3257 1434 equidem
3302 1365 3621 1419 mutandam
3675 1367 3729 1417 in
3764 1362 4032 1417 Smeudc-

2454 1473 2641 1511 rovcu.
2675 1458 2911 1527 Ungaris
2944 1468 3025 1512 cst
3050 1458 3316 1513 Zendrew
3347 1467 3444 1512 aut
3491 1456 3772 1519 Sentlrevt,
3805 1454 4027 1507 “Olllinu

2450 1564 2480 1604 a
2508 1550 2673 1621 vulgo
2706 1560 2968 1619 corrupto
3003 1566 3067 1605 ex
3105 1548 3310 1605 Sancto
3335 1551 3574 1616 Andrea,
3602 1549 3760 1619 cujus
3800 1547 3908 1600 hoc
3936 1561 4030 1598 co-

2449 1658 2682 1713 gnomen
2712 1643 2877 1697 habet
2907 1653 2964 1698 et
2993 1642 3143 1699 aliud
3170 1644 3457 1699 castellum
3493 1644 3544 1696 in
3585 1640 3830 1709 Ungaria
3868 1654 4030 1706 supc-

2451 1733 2604 1795 riori,
2642 1735 2785 1804 quo‘d
2820 1735 3086 1805 hodieque
3119 1737 3292 1791 nostri
3317 1736 3460 1804 juris
3495 1745 3603 1790 est.
3641 1734 3913 1789 Serviaua
3941 1730 4033 1785 Se-

2455 1827 2701 1880 mendria
2727 1830 2842 1881 slve
2872 1826 3176 1883 Sendrevia
3201 1844 3349 1883 nunc
3400 1828 3752 1899 sangiacatus
3783 1836 3890 1886 est,
3927 1824 4027 1876 Bu-

768 1892 988 1962 vocant)
1023 1894 1225 1960 Buruz,
1269 1899 1321 1952 in
1352 1902 1617 1957 Anatolio:
1649 1904 1832 1959 tabula
1872 1907 2331 1980 cborograpbica,

2450 1918 2598 1973 densi
2626 1919 2957 1991 beglerbego
2989 1920 3263 1977 subditus.
3290 1892 3532 1976 Obsessa
3561 1935 3707 1973 nunc
3730 1934 3760 1973 a
3798 1918 4029 1981 Murate,

772 1982 939 2037 liaraz
961 1990 1295 2049 nominatur.
1315 2000 1369 2046 et
1399 1993 1466 2047 ad
1504 1994 1731 2050 fluvium
1755 1996 1979 2054 Madren
2018 2000 2347 2069 collocatur,

765 2078 858 2145 qui
895 2081 1173 2137 veteribus
1204 2093 1289 2139 est
1316 2084 1604 2144 Maeander.
1641 2089 1783 2145 Olim
1808 2092 2007 2147 Cibura
2045 2093 2347 2161 dicebatur,

771 2171 913 2226 unde
944 2188 1037 2241 per
1058 2176 1364 2244 aphaeresin
1395 2180 1575 2237 Bruuz
1597 2181 1774 2240 fecere
1797 2184 2043 2253 Barbari,
2074 2188 2221 2257 quod
2256 2204 2346 2243 ve-

768 2280 888 2319 rum
928 2268 1089 2338 hujus
1111 2285 1259 2329 nunc
1285 2273 1467 2343 oppidi
1502 2291 1697 2331 nomen
1720 2287 1823 2343 est,
1852 2294 1959 2334 non
1992 2281 2181 2336 Baraz.
2202 2281 2349 2338 Grae-

677 2374 680 2385 ν
763 2359 811 2411 ci
854 2370 1065 2417 veteres
1099 2365 1332 2434 Cibyrcu
1370 2368 1757 2437 nominarunt,
1820 2383 1875 2427 et
1906 2374 2036 2429 allui
2083 2393 2109 2428 a
2146 2376 2346 2432 Maean-

768 2454 870 2505 dro
919 2452 1145 2509 ﬂumine
1177 2459 1543 2528 scripserunt.
1603 2462 1714 2518 Lco
1764 2463 1994 2531 Sapiens
2054 2468 2348 2533 imperator

768 2544 909 2599 bane
942 2548 1119 2616 primo
1150 2550 1273 2606 loco
1299 2553 1464 2608 refert
1501 2554 1645 2610 iuter
1661 2556 2013 2630 episcopatus
2042 2560 2347 2634 Stauropo-

767 2638 950 2695 litans:
1005 2646 1369 2714 metmpoleos
1398 2647 1450 2702 in
1485 2649 1669 2705 Caria.

763 2756 850 2809 98.
894 2757 1045 2810 Ritus
1065 2764 1292 2827 ponendi
1313 2763 1541 2829 primum
1572 2766 1623 2819 in
1641 2769 1806 2823 sacris
1831 2768 2073 2837 (adiﬁciis
2091 2771 2343 2841 lapidem.

836 2869 981 2928 Inter
1005 2875 1132 2939 alia,
1154 2892 1276 2945 quae
1307 2878 1619 2934 Grecorum
1658 2882 1962 2939 imitatione
2018 2883 2232 2941 Turcos
2263 2888 2345 2942 fa—

764 2964 963 3021 ctitare
1022 2969 1233 3035 solitos,
1270 2971 1563 3041 aliquoties
1625 2975 1965 3043 monuimus,
2018 2978 2123 3034 hoc
2173 2979 2343 3035 etiam

767 3060 1024 3121 refertor.
1050 3065 1195 3131 quod
1232 3063 1320 3118 hic
1350 3075 1630 3131 narratur,
1665 3066 1929 3123 Muratem
1964 3086 2173 3125 novum
2197 3082 2337 3126 tem-

766 3155 911 3221 plum
948 3154 1336 3225 Hadrianopoli
1372 3157 1744 3225 couditurum,
1775 3161 2014 3230 quodam
2046 3164 2135 3219 die
2166 3164 2345 3220 Vene-

767 3249 841 3304 ris
900 3249 1029 3319 (quo
1090 3250 1255 3307 Turci
1339 3250 1536 3305 festum
1605 3267 1767 3307 suum
1843 3242 2415 3314 hebdomadariumc

766 3344 1299 3411 celebranl)summo
1334 3362 1515 3411 mane,
1569 3349 1806 3417 primum
1865 3350 2048 3419 templi
2098 3351 2331 3418 lapidem

768 3437 1023 3491 manibus
1053 3439 1167 3492 suis
1194 3438 1464 3505 posuisse.
1485 3438 1619 3493 Nam
1651 3440 1698 3496 is
1721 3456 1943 3511 quoque
1968 3442 2106 3498 ritus
2128 3460 2158 3497 a
2188 3444 2340 3499 Gne-

764 3532 847 3586 cis
906 3532 1331 3599 imperatoribus
1396 3534 1464 3587 ad
1517 3531 1728 3589 Turcos
1773 3535 2036 3590 manavit.
2080 3535 2343 3594 llecitabo

767 3626 1033 3677 duntaxat
1059 3639 1227 3678 unum
1260 3626 1573 3695 exemplum
1598 3626 1665 3680 de
1690 3628 1934 3682 omnium
1962 3629 2342 3684 illustrissimo

769 3715 937 3768 totius
992 3714 1142 3768 orbis
1205 3712 1440 3770 aadillcio
1492 3716 1677 3785 templi
1736 3715 2343 3785 Gonstantiuopolitani‘

767 3823 937 3864 sacrae
967 3817 1169 3860 saluta:
1218 3806 1310 3860 Dei
1341 3807 1657 3876 Sapientize,
1708 3808 1803 3877 qui
1857 3808 2116 3864 Christus
2145 3822 2248 3865 est.
2284 3808 2341 3863 ιδ

768 3918 878 3970 quo
901 3901 1178 3956 conditum
1201 3900 1383 3965 modo,
1415 3901 1638 3970 quantis
1668 3900 2151 3972 sumptibus,quot
2185 3903 2345 3958 anuis

772 3996 969 4055 fuerit,
1030 3995 1339 4062 expositum
1390 4008 1419 4046 a
1475 3992 1681 4047 Graecis
1726 4002 1811 4048 est
1864 3993 2048 4047 libello
2105 3995 2340 4062 quodam

772 4104 935 4143 manu
976 4096 1222 4141 exarato.
1258 4086 1533 4154 Leguntur
1565 4096 1745 4140 autem
1778 4087 1831 4139 in
1865 4100 1932 4139 eo
1956 4086 2205 4153 quaedam
2240 4087 2347 4141 huc

773 4179 1190 4250 pertinentia'de
1215 4177 1530 4253 Justiniano
1552 4180 1823 4248 Augusto,
1853 4177 1989 4231 tanti
2028 4178 2213 4247 operis
2250 4192 2349 4232 au-

769 4287 946 4339 ctore,
967 4290 1089 4345 qua:
1118 4273 1329 4328 Latinis
1356 4272 1542 4327 verbis
1577 4270 1688 4327 fere
1720 4271 1947 4325 totidem
1982 4272 2171 4326 lectori
2196 4272 2349 4326 dabi-

774 4385 915 4426 mus.
964 4369 1101 4424 Cum
1153 4366 1436 4435 ponendo,
1491 4365 1692 4433 inquit,
1724 4364 2082 4419 fundamento
2145 4365 2349 4434 princi-

774 4465 921 4534 pium
954 4462 1109 4517 daret
1136 4463 1453 4530 imperator.
1491 4456 1815 4527 Eutychiutn
1851 4458 2221 4526 patriarcham
2251 4456 2350 4511 ad-

774 4557 1013 4621 vocavit,
1053 4555 1145 4624 qui
1190 4568 1381 4624 preces
1411 4551 1668 4606 Ecclesia:
1698 4552 1975 4605 struenda:
2015 4565 2180 4605 causa
2213 4565 2348 4606 con-
2379 4580 2419 4636 υ

771 4650 939 4720 Cepit.
973 4649 1275 4718 Imperator
1304 4656 1486 4701 autem
1524 4644 1778 4699 manibus
1821 4644 1938 4713 ipse
1984 4644 2102 4699 suis
2139 4644 2343 4699 calcem

773 4752 913 4798 testa
942 4739 1253 4810 prehendit,
1286 4738 1593 4807 acprimus
1632 4737 1880 4791 omnium
1926 4739 1979 4790 in
2016 4736 2345 4791 fundamen-

777 4844 889 4887 tum
928 4831 1177 4901 projecit,
1213 4838 1267 4883 et
1295 4840 1510 4884 caetera.
1540 4826 1753 4893 Quibus
1780 4841 1916 4882 sane
1955 4828 2160 4892 verbis,
2210 4843 2346 4897 quo-

769 4910 900 4979 nam
934 4925 1095 4977 modo
1124 4923 1332 4992 primus
1356 4921 1499 4990 lapis
1543 4923 1596 4974 iu
1637 4921 1931 4975 structuris
1971 4920 2171 4976 talibus
2221 4921 2347 4990 poni

776 5021 971 5084 soleat,
1000 5018 1330 5072 declaratur.
1374 5015 1507 5069 Nam
1553 5031 1678 5070 cum
1716 5016 1955 5069 maxima
1982 5014 2349 5069 fundamentis

772 5113 1039 5184 ejusmodi
1096 5128 1227 5167 saxa
1285 5120 1410 5165 sunt
1437 5108 1768 5174 adhibenda,
1832 5124 1956 5179 qua:
2017 5111 2108 5164 vix
2151 5110 2341 5179 plures

775 5208 1007 5275 operarii
1034 5206 1221 5268 simul,
1265 5206 1463 5259 nedum
1505 5219 1644 5258 unus
1677 5203 1878 5274 aliquis
1905 5202 2186 5274 princeps,
2209 5204 2346 5258 loco

776 5317 995 5354 movere
1048 5309 1310 5368 possunt:
1360 5297 1737 5366 amplissimus
1794 5295 2006 5351 scilicet
2053 5296 2193 5366 lapis
2226 5297 2347 5367 ipso

778 5404 1065 5464 prmsentc,
1103 5408 1433 5460 manumque
1459 5390 1711 5445 nonnihil
1753 5391 2100 5455 admovente,
2147 5388 2213 5444 ad
2268 5391 2347 5445 in.

774 5487 1083 5539 rimandum
1110 5501 1247 5553 opus
1275 5487 1344 5539 ab
1379 5486 1462 5540 his
1491 5500 1592 5539 suo
1617 5485 1734 5539 loco
1760 5485 2011 5555 ponitur:
2043 5484 2127 5538 cui
2153 5484 2350 5538 deinde

780 5583 988 5648 primus
1035 5578 1351 5644 imperator,
1428 5586 1522 5632 aut
1576 5577 1831 5647 princeps
1876 5587 2068 5631 auctor
2114 5575 2348 5641 aedificii,

778 5674 982 5727 calcent
1020 5671 1226 5740 injicit:
1258 5680 1420 5739 atque
1454 5670 1525 5725 ita
1577 5673 1839 5727 struendo
1874 5670 2104 5727 mdilicio
2136 5669 2348 5741 princi—

782 5781 923 5832 pium
965 5764 1179 5820 dedisse
1224 5763 1557 5832 intelligitur.

2452 2011 2850 2069 defendebatur
2910 2030 2941 2070 a
2981 2015 3205 2087 Georgii
3243 2016 3485 2083 despota‘.
3538 2013 3844 2083 majoribus
3898 2021 4030 2067 natu

2455 2103 2602 2168 filiis,
2632 2104 2911 2175 Stephano
2944 2109 3059 2177 (qui
3109 2124 3204 2177 per
3230 2123 3474 2163 errorem
3511 2122 3540 2160 a
3578 2106 3824 2160 Laouico
3846 2104 4033 2173 junior

2452 2200 2699 2257 creditus
2731 2200 2857 2270 fuit)
2880 2212 2934 2258 et
2969 2203 3228 2275 Georgio,
3258 2205 3404 2260 sicut
3437 2204 3513 2259 ait
3546 2201 3857 2258 Bonlioius.
3897 2202 4036 2255 Lao-

2452 2292 2611 2347 nicus
2639 2294 2785 2349 enim
2820 2299 2874 2350 iu
2900 2311 2966 2351 eo
3006 2312 3227 2367 quoque
3255 2297 3484 2359 fallitur.
3509 2296 3651 2365 quod
3688 2296 4032 2364 Stephanum

2456 2387 2508 2441 id
2550 2389 2816 2456 temporis
2874 2389 2928 2443 in
2954 2390 3154 2445 castris
3211 2391 3278 2445 ad
3330 2390 3708 2446 Semendriam
3751 2387 4034 2442 Muratais

2455 2480 2628 2536 fuisse
2658 2482 2903 2550 scripsit.
2960 2484 3361 2553 obsessumque
3390 2484 3654 2537 duntaxat
3708 2481 4032 2549 Georgium.

2453 2574 2673 2629 tandem
2734 2575 2935 2631 fecisse
2975 2575 3333 2643 deditionem.
3378 2577 3589 2646 Quippe
3616 2576 3817 2629 fratres
3872 2574 4034 2628 ambo

2453 2649 2730 2722 deditione
2760 2666 2903 2723 facta
2935 2668 3164 2723 Muratis
3202 2670 3256 2722 in
3280 2678 3605 2739 potestatem
3654 2674 3954 2727 venerunt,
3980 2674 4036 2717 et

2450 2758 2701 2812 eamdem
2743 2759 3057 2813 sustinuere
3088 2775 3327 2827 poenam,
3364 2758 3546 2814 oculis
3596 2758 3853 2812 adhibito
3900 2772 4033 2811 can-

2454 2846 2611 2909 denti,
2630 2847 2780 2902 ferro
2815 2849 2934 2903 visu
2991 2849 3209 2919 spoliati
3251 2860 3564 2920 propterea,
3622 2849 3771 2919 quod
3820 2860 4031 2917 patrem

2454 2939 2745 3009 instigasse
2786 2941 2883 2995 ﬁlii
2904 2941 2971 3003 ad
2996 2941 3357 2997 defectionem
3389 2951 3736 3012 putarentur.
3765 2942 3815 2996 Is
3849 2952 4032 2996 autem

2450 3044 2575 3083 cum
2610 3029 2720 3084 lilio
2745 3018 2975 3101 minium
2999 3039 3128 3085 natu
3157 3030 3365 3085 Lazaro
3396 3029 3715 3101 profugerat
3737 3030 3810 3085 ad
3837 3031 4029 3085 Alber-

2449 3125 2565 3171 tum
2589 3116 2634 3172 ll
2662 3100 3052 3188 imperatorem
3089 3120 3467 3185 Austriacnm,
3493 3132 3549 3176 et
3570 3100 3834 3190 Ungeria:
3858 3121 4036 3175 Bche-

2451 3212 2683 3282 miteque
2737 3228 2942 3283 regem,
3014 3212 3354 3283 Sigismundi
3384 3214 3618 3286 Augusti
3654 3230 3925 3284 generum
3979 3226 4035 3266 et

2449 3320 2850 3366 successorem.
2874 3316 2931 3359 ut
2952 3309 3022 3361 ab
3051 3322 3117 3362 eo
3157 3318 3348 3363 contra
3374 3307 3607 3361 Muratis
3632 3309 3781 3363 vires
3820 3308 4028 3361 auxilia

2446 3398 2749 3468 postularet
2774 3416 2789 3453 :
2810 3415 2935 3469 quae
2962 3401 3184 3469 quidem
3219 3402 3506 3472 impetrata
3540 3400 3714 3460 fuere.
3745 3400 3842 3455 sed
3886 3400 4037 3453 nihi-

2448 3490 2689 3545 lominus
2713 3506 3041 3547 succursum
3068 3493 3300 3556 tardius,
3319 3503 3374 3548 et
3399 3492 3614 3547 interim
3630 3492 3814 3546 dedita
3831 3491 4032 3546 Murali

2444 3580 2793 3637 ’Seinendria.
2846 3582 3190 3655 Quapropter
3213 3585 3488 3655 Georgius
3514 3601 3640 3641 cum
3674 3584 3889 3641 Lazaro
3922 3587 4035 3640 lilio

2402 3713 2406 3715 Α
2430 3674 2677 3756 suisque
2706 3677 3004 3739 thesauris.
3032 3679 3126 3749 qui
3158 3678 3485 3733 ducatorum
3514 3678 3810 3749 quinquies
3846 3688 4033 3735 cente—

2450 3783 2517 3822 na
2561 3769 2727 3822 millia
2756 3770 3141 3836 continebant,
3174 3772 3245 3826 ad
3287 3770 3588 3840 Ragusazos
3621 3786 3684 3826 se
3711 3773 3938 3840 recepit.
3973 3784 4034 3827 et

2450 3862 2650 3916 ibidem
2672 3862 2729 3917 in
2750 3863 2947 3918 exsilio
2975 3864 3217 3933 privatus
3244 3866 3558 3934 aliquandiu
3582 3866 3745 3919 vixit.
3766 3865 3873 3919 Sed
3904 3879 4031 3920 cum

2451 3957 2691 4012 Murates
2724 3972 2832 4013 non
2864 3959 3142 4015 desineret
3167 3973 3333 4030 agere
3365 3974 3491 4015 cum
3511 3958 3819 4029 Ragusaeis,
3846 3967 3909 4011 ut
3929 3958 4032 4025 ipsi

2449 4050 2767 4117 dederetur,
2807 4065 2919 4120 quo
2981 4051 3200 4121 quidem
3253 4050 3475 4106 nomine
3522 4050 3761 4104 maxima
3800 4064 4035 4119 quaque

2452 4141 2736 4212 Ragnsaeis
2767 4142 3026 4198 offerebat
3049 4159 3116 4198 ac
3140 4144 3543 4214 pollicebatur:
3574 4142 3935 4210 praemonitus
3958 4145 4031 4198 ab

2450 4234 2531 4288 eis
2556 4234 2807 4297 despota,
2844 4251 2970 4289 cum
3002 4236 3280 4291 thesauris
3304 4238 3371 4290 ad
3401 4235 3615 4290 Alberti
3646 4250 4028 4292 successorem

2456 4324 2795 4381 Vladislanm
2830 4328 3123 4394 Polonum,
3159 4327 3418 4398 Ungariae
3444 4343 3628 4397 regem
3664 4343 3723 4382 se
3762 4329 4028 4387 contulit,

2451 4421 2681 4489 ejusque
2709 4421 2928 4475 tandem
2955 4435 3059 4490 ope
3089 4422 3376 4476 restitutus
3400 4420 3454 4473 in
3487 4420 3764 4489 integrum
3796 4416 3923 4483 fuit,
3947 4420 4025 4472 uti

2453 4512 2709 4583 deinceps
2736 4528 2838 4567 suo
2864 4513 2983 4567 loco
3006 4512 3245 4568 dicetur.

2450 4624 2641 4698 εαξη
2684 4625 2813 4682 100.
2844 4628 2977 4698 Albo
3008 4626 3218 4687 erca.
3246 4626 3567 4697 Belgradum
3598 4626 3872 4683 Chriescli.
3909 4625 4030 4679 Per-

2671 4699 2893 4751 mutatio
2928 4696 3137 4766 Georgii
3180 4696 3409 4765 despotar
3438 4714 3557 4750 cum
3589 4698 3802 4751 Alberto

2795 4767 2853 4822 ΙΙ
2883 4768 3142 4837 Augusto,
3171 4769 3377 4821 nomine
3409 4766 3683 4838 Belgradi.

2525 4879 2696 4951 Hujus
2764 4882 2927 4934 etiam
3001 4880 3154 4936 urbis
3220 4881 3372 4937 varia
3427 4880 3649 4935 nomina
3695 4892 3849 4949 sunt,
3905 4885 4030 4939 Alba

2455 4975 2663 5039 Graeca,
2704 4974 2926 5029 Nandor
2960 4976 3104 5037 alba.
3160 4973 3440 5044 Beligrada
3492 4989 3724 5030 numero
3781 4979 4031 5034 multitu—

2453 5067 2598 5121 (linis
2625 5065 2881 5129 Cedrino,
2918 5064 3262 5135 Belgradum,
3308 5063 3457 5134 quod
3495 5063 3816 5119 Serviorum
3854 5068 4031 5138 lingua

2453 5158 2726 5229 signiﬁcat
2773 5169 2976 5214 'arcem
3030 5160 3208 5213 albam
3252 5157 3468 5228 (Potoni
3525 5157 3819 5227 Bialogrod
3890 5163 4031 5218 dice-

2454 5250 2617 5318 rent),
2653 5248 2937 5303 Geufraaus
2963 5249 3199 5318 denique
3259 5247 3481 5303 Criesch
3531 5248 3695 5302 etiam
3758 5249 3871 5304 dici
3908 5255 4032 5315 vult,

2453 5342 2598 5411 quod
2640 5342 2946 5395 mutilatum
3004 5351 3090 5395 est
3137 5355 3201 5395 ex
3262 5340 3475 5410 integro
3532 5342 3760 5398 nomine
3808 5343 4032 5400 Germa-

2455 5434 2613 5496 nico,
2658 5431 2975 5487 Griechiscb
3034 5430 3465 5502 Weissenburg.
3508 5433 3563 5488 id
3592 5442 3694 5497 est.
3756 5449 3864 5490 arx
3925 5440 4032 5491 alla

2453 5522 2660 5579 Graeca.
2708 5525 2910 5579 Priscis
2937 5522 3255 5578 Tanrunum
3304 5522 3429 5587 fuit,
3460 5526 3536 5578 uti
3591 5523 3949 5595 Busbequius
3979 5543 4031 5581 ex

2455 5616 2694 5684 antiquis
2749 5613 3167 5669 numismatibus
3209 5621 3357 5668 recte
3420 5614 3598 5670 docet.
3656 5612 4033 5685 Propugnam

2454 5722 2574 5760 eam
2629 5707 2731 5759 hoc
2786 5714 3031 5774 tempore
3094 5713 3284 5760 contra
3335 5706 3443 5760 vim
3503 5705 3737 5760 Muralis
3786 5706 4033 5761 Joannes

2457 5802 2725 5852 Auranes.
2779 5796 3155 5863 ()bsidionem,
3211 5813 3335 5867 qua:
3356 5806 3559 5868 septem
3591 5797 3889 5853 mensibus
3943 5803 4033 5851 du-

2457 5892 2621 5959 ravit,
2685 5890 2902 5946 dceadis
2963 5891 3214 5947 secunda:
3289 5892 3426 5947 libro
3476 5902 3667 5961 quarto
3735 5890 4033 5962 descripsit
