4198 6426
201 418 296 485 801

201 629 543 699 Belgraduin,
579 644 811 698 quorum
847 644 936 680 rex
990 627 1238 680 Albertus
1287 624 1602 677 Austriacus
1651 639 1768 675 eam

201 726 556 777 munitionem
606 738 633 774 a
696 720 928 789 Georgio
967 720 1194 787 despota
1274 716 1585 770 Scrviorum
1645 714 1765 784 jure

198 818 532 882 donationis,
587 826 641 868 ut
681 816 897 877 Lazius,
953 815 1065 880 lege
1117 810 1559 881 permutationis,
1598 807 1767 861 utalii

201 912 555 977 srripSeruut,
581 917 907 959 consecutus
931 905 1125 956 fuerat.
1150 902 1202 954 In
1240 900 1538 953 Austriacis
1576 915 1770 968 genea-

198 1004 357 1070 lugiis
392 1001 644 1053 Lazianis
675 998 786 1050 haec
825 997 1053 1065 legimus
1084 1012 1097 1047 :
1132 995 1354 1047 Alberto
1413 993 1651 1045 secundo
1682 991 1767 1042 vix

196 1097 347 1163 regni
424 1091 788 1161 gubernacula
863 1090 1145 1155 ingresso,
1215 1088 1500 1138 Amurates
1560 1083 1762 1137 Serviat

192 1194 473 1256 despotam
507 1185 749 1243 adortus,
784 1182 972 1236 Albam
1021 1178 1262 1232 Graecam
1316 1177 1383 1229 al
1434 1173 1767 1228 conﬂuentes

194 1277 423 1329 Danubii
457 1284 509 1328 et
539 1275 662 1328 Savi
690 1274 949 1343 positam,
979 1281 1167 1323 natura
1202 1278 1256 1322 et
1288 1281 1449 1334 opere
1482 1265 1771 1329 munitam,

191 1368 479 1422 obsidione
540 1367 759 1435 cingere
816 1363 1108 1431 cogitabat,
1161 1360 1307 1413 omni
1353 1373 1548 1426 genere
1600 1371 1771 1425 appa-

194 1473 350 1516 ratus
379 1472 519 1514 terra
548 1470 598 1514 et
652 1474 795 1527 aqua
830 1458 1155 1511 instructus.
1193 1452 1366 1519 Quam
1403 1452 1508 1504 vim
1556 1466 1621 1505 ac
1676 1466 1771 1519 po-

191 1555 418 1605 tentiam
456 1553 625 1605 hostis
656 1552 878 1616 despota
912 1548 1286 1606 considerans,
1334 1558 1441 1612 quo
1466 1542 1518 1595 in
1549 1540 1765 1595 celeris

190 1647 410 1700 tuendis
449 1646 648 1697 auxilio
681 1643 783 1696 sibi
818 1656 910 1693 rex
966 1640 1224 1692 Albertus
1256 1644 1425 1699 esset,
1460 1636 1771 1687 munimen-

190 1750 308 1792 tum
360 1738 489 1790 illud
543 1728 592 1789 ei
648 1733 897 1787 donavit.
945 1732 1026 1783 Ah
1067 1731 1167 1783 hoc
1200 1727 1471 1782 Huniades
1513 1726 1588 1779 illi
1653 1727 1772 1778 loco

190 1832 501 1901 praeficitur,
533 1829 603 1881 ob
656 1828 774 1897 ejus
806 1825 1080 1895 singulare
1117 1829 1455 1876 momentum
1500 1836 1514 1873 ε
1567 1821 1768 1888 quippe

1354 414 1753 477 PANDECTE
1793 414 1966 472 iIlST
2032 411 2334 472 'l'I'liClC.

203 538 509 591 ltonfinius.
590 536 717 589 Erat
776 547 903 589 tunc
960 536 1012 586 in
1076 518 1422 600 lingarorum
1498 540 1769 599 potestate
1803 536 1844 588 Α
1878 530 2039 582 seach
2087 527 2402 579 Tt.Cillll:tSI

3356 408 3461 473 80?

2458 533 2507 575 et
2574 521 2715 576 idem
2780 523 3065 591 Baglamas
3120 524 3318 589 eidem,
3367 529 3456 592 qui

1885 621 2039 674 nobis
2074 620 2178 689 Beg
2236 617 2457 680 Tamas,
2494 618 2573 669 vel
2609 616 2877 671 Techmas
2939 616 3056 684 lmg,
3106 615 3154 667 id
3218 627 3321 681 est,
3362 619 3453 670 do~

1883 719 2060 771 minus
2090 716 2433 786 velpriuceps
2456 708 2744 767 Techmas.
2765 712 2855 768 Sic
2882 727 2932 767 et
2958 712 3187 768 Tzanisa
3214 715 3460 784 Philippo

1882 811 2185 879 Bergomati
2214 820 2299 863 est
2336 810 2497 862 scach
2534 805 2864 861 Tzzinouim.
2910 807 3070 861 Edzis
3100 809 3215 876 liegi
3249 809 3458 862 natales

1880 904 1945 956 ad
1980 903 2125 956 illum
2162 902 2359 956 Edzem
2418 903 2610 971 beguni
2664 901 2861 960 refero,
2913 901 3003 967 qui
3042 902 3142 954 sub
3207 900 3460 954 Urchane

1880 995 2170 1049 Soleiniani
2241 994 2511 1049 Urchanis
2571 994 2681 1047 filio
2733 995 3014 1047 militarit:
3071 1008 3121 1047 et
3176 1005 3458 1062 propterea

1882 1088 2046 1157 begos
2078 1090 2174 1143 hos
2226 1089 2434 1142 Edzeos
2478 1091 2611 1156 ipsis
2645 1088 2806 1140 etiam
2854 1088 3201 1150 Eurenosiis,
3252 1097 3305 1140 et
3340 1088 3459 1139 aliis

1879 1183 2244 1235 nobilioribus
2275 1180 2586 1235 Turc0runt
2634 1182 2876 1246 familiis,
2912 1181 3215 1235 secundum
3266 1180 3459 1234 Osnia—

1875 1277 1926 1327 ni
1954 1277 2050 1338 ias,
2088 1274 2455 1344 praeferendos
2492 1287 2644 1343 puto.

1925 1388 2005 1440 ὦ.
2032 1376 2209 1441 Μειίᾱ
2234 1389 2326 1457 bcg
2376 1390 2702 1459 interfectus,
2731 1390 3078 1443 Pannodacia
3107 1431 3121 1455 ,
3156 1389 3454 1454 Ardelium,

2210 1459 2391 1513 Erdel.
2424 1477 2512 1511 seu
2549 1459 2715 1520 Ertel,
2756 1459 3082 1512 Tosibiuium
3108 1500 3121 1522 ,

2373 1528 2593 1581 Laonici
2643 1529 2975 1584 Cudunidas.

1950 1621 2181 1677 Narrant
2232 1624 2458 1677 annales
2505 1621 2749 1685 Turcici,
2798 1624 3055 1677 mandato
3091 1625 3317 1678 Muralis
3346 1624 3457 1677 Me-

1879 1715 2038 1768 sitem
2106 1717 2299 1783 hegum
2356 1732 2450 1782 per
2499 1714 2812 1769 Valachiam
2866 1717 2919 1769 in
2982 1717 3277 1785 Ungariam
3333 1734 3453 1771 cum

1878 1808 2123 1860 exercitu
2166 1818 2504 1875 penetrasse,
2555 1810 2649 1861 sed
2680 1809 2934 1863 omnibus
2988 1810 3061 1863 ibi
3121 1826 3243 1863 cum
3279 1812 3454 1879 c0piis

188 1930 284 1994 qui
322 1928 386 1979 ad
422 1925 583 1977 trium
639 1921 920 1975 lluminum
952 1916 1286 1972 confluentes
1342 1916 1501 1979 situs,
1541 1913 1682 1967 Savo
1718 1914 1768 1967 in

1881 1898 2049 1953 fuisse
2081 1916 2305 1953 caesum.
2340 1899 2434 1953 llic
2465 1902 2698 1969 primum
2737 1902 2943 1954 notabit
2976 1901 3165 1966 lector,
3207 1901 3450 1955 Mesiteiu

190 2018 444 2079 ltaliam,
482 2013 645 2084 ,Istro
703 2014 754 2066 in
821 2011 1098 2065 Austriam
1172 2017 1334 2077 atque
1395 2004 1770 2067 Germaniam,

188 2110 416 2163 'l'iiiisco
460 2108 693 2177 denique
742 2106 795 2160 in
843 2102 1345 2173 Transsylvaniam,
1400 2098 1681 2152 Poloniam
1722 2106 1775 2151 et

190 2202 527 2264 Moraviam,
597 2200 739 2254 hosti
794 2196 1197 2268 potentissimo,
1244 2194 1385 2247 viam
1452 2198 1772 2246 ostentaret.

189 2296 440 2349 Adventu
471 2293 673 2348 Alberti
710 2308 831 2347 cum
862 2291 1053 2359 capiis,
1081 2289 1229 2343 Alba:
1261 2286 1474 2340 obsidio
1528 2284 1770 2337 solvitur.

190 2384 471 2437 Hactenus
499 2382 753 2444 Laziana,
777 2395 899 2448 quae
925 2392 1111 2432 errore
1158 2391 1263 2430 non
1287 2384 1496 2439 carent,
1526 2389 1649 2428 cum
1683 2372 1779 2424 do-

190 2479 549 2533 minationem
630 2473 1011 2536 intervenisse,
1081 2484 1189 2523 non
1272 2467 1775 2537 permutationem,

191 2572 437 2624 tradunt.
487 2568 784 2623 Audiamus
831 2573 884 2618 et
935 2564 1232 2617 Laonicum
1262 2599 1276 2613 .
1346 2560 1522 2624 Erat,
1578 2560 1778 2628 inquit,

190 2663 322 2716 huic
366 2662 419 2714 in
469 2659 748 2713 Pannonia
798 2671 905 2709 non
951 2652 1356 2710 contemnenda
1405 2650 1552 2720 regio
1588 2688 1602 2711 ,
1656 2664 1779 2700 cum

191 2754 423 2805 urbibus
481 2750 666 2803 multis
726 2756 780 2801 et
842 2745 1112 2814 opulentis
1144 2781 1158 2803 ,
1204 2755 1341 2809 quas
1388 2737 1783 2807 permutatione

190 2856 339 2906 facta
370 2859 492 2895 cum
517 2841 884 2910 Sigismundo,
904 2853 1003 2907 pro
1025 2833 1289 2900 Belgrado
1324 2833 1610 2885 Eleazarus
1636 2840 1781 2881 acce'

190 2948 367 3006 perat.
390 2935 674 2988 llaacenitn
704 2932 836 2986 urbs
861 2933 998 2984 mire
1029 2928 1276 2998 placebat
1324 2922 1460 2991 regi,
1493 2933 1552 2976 ut
1583 2934 1783 2988 oppor-

190 3046 349 3096 tuna,
385 3040 601 3098 propter
633 3037 821 3095 portus
857 3021 1317 3078 commoditatem.
1338 3018 1547 3084 Quippe
1568 3013 1785 3081 Belgra-

190 3128 324 3180 dum
378 3126 591 3177 duobus
616 3119 1013 3175 circumlinitur
1043 3114 1245 3168 ﬂuviis.
1282 3112 1361 3164 Ab
1405 3125 1514 3163 uno
1533 3107 1688 3169 Ister,
1717 3106 1785 3159 ab

190 3220 370 3272 altero
404 3219 570 3271 latere
605 3217 777 3270 Savus
805 3213 942 3275 ﬂuit,
976 3210 1066 3280 qui
1115 3208 1242 3263 istic
1274 3206 1326 3259 in
1369 3204 1558 3258 istrmn
1606 3199 1784 3254 eﬂ‘un-

190 3314 365 3363 ditur.
424 3308 561 3378 Ergo
606 3307 800 3360 Lazius
842 3320 905 3356 ex
950 3298 1385 3367 Chalcocondyle
1410 3292 1783 3362 corrigendus.

190 3419 253 3460 ut
281 3410 732 3475 permutationem
774 3395 1371 3461 factamsciamus,nori
1414 3393 1783 3449 donationem,

191 3518 261 3556 ac
310 3498 554 3551 vicissim
592 3492 1055 3561 Chalcocondyles
1092 3486 1465 3543 emendandus
1498 3498 1560 3537 ex
1600 3481 1783 3537 Lazio.

190 3608 297 3662 pro
317 3588 667 3657 Sigismundo
690 3596 746 3637 ut
772 3584 1046 3643 Albertus,
1072 3596 1169 3647 pro
1216 3579 1469 3629 Eleazaro
1522 3571 1788 3637 Georgius

190 3694 449 3752 ponatur.
491 3678 768 3733 Bonfinius
835 3677 998 3729 etiam
1057 3674 1169 3740 ipsa
1216 3672 1328 3722 loca
1383 3675 1646 3727 recenset,
1668 3678 1788 3731 quae

192 3790 298 3841 pro
325 3772 585 3841 Belgrado
613 3770 711 3821 hac
737 3764 1140 3835 permutatione
1170 3760 1438 3824 GeorgiUs
1476 3752 1746 3820 acceperit
1771 3768 1782 3803 :

191 3865 423 3919 castella
461 3860 719 3913 nimirum
779 3857 914 3917 ha’c,
978 3849 1346 3905 Zaloakemen
1403 3842 1786 3913 (Salankeinen

191 3957 467 4009 vocabant
486 3954 652 4005 nostri
673 3950 897 4003 comites
922 3962 938 4001 :
960 3949 1121 3999 situm
1152 3952 1233 3995 est
1257 3956 1419 4009 supra
1443 3935 1785 4005 Belgraduin,

194 4054 263 4103 ad
307 4052 477 4117 ripam
514 4043 766 4105 Danubii,
799 4057 828 4095 e
853 4042 1067 4109 regione
1094 4037 1263 4104 ipsius
1289 4034 1412 4085 Ostii
1438 4030 1662 4090 Tibisci,
1694 4029 1783 4096 qui

191 4160 256 4197 se
286 4144 339 4195 in
357 4141 655 4193 Danubium
685 4138 770 4189 hic
803 4128 1109 4197 exonerat),
1130 4125 1384 4185 Bechien,
1417 4121 1615 4190 Kclpen
1648 4118 1785 4187 (Un-

194 4237 316 4307 gari
344 4227 802 4299 Kerpendicunt),
844 4223 1279 4290 Vilagosuarum,
1316 4212 1600 4274 Tocaium,
1636 4211 1787 4263 Mon-

194 4304 431 4382 cachum
467 4320 693 4393 (Ungari
728 4314 1069 4371 Muncaziuni
1104 4306 1428 4375 nominant),
1453 4304 1782 4366 Tha-alliam,

194 4420 521 4488 Regesum:
564 4410 760 4481 oppida
786 4422 937 4459 'vero
977 4404 1111 4464 haec,
1155 4399 1530 4456 Zalhmarum,
1596 4394 1786 4450 Bezer'

196 4487 369 4574 mem,
403 4509 696 4565 Debrezen,
725 4499 989 4559 Thurum,
1028 4493 1359 4554 Varsanum,
1391 4498 1443 4541 et
1478 4487 1606 4539 alia.

664 4592 758 4647 lOl
774 4632 789 4645 .
828 4588 1002 4652 Nova,
1047 4583 1348 4651 Nonogrod.

273 4689 410 4755 Quae
439 4684 632 4738 Turcis
675 4691 727 4736 ct
755 4678 973 4736 Croatis
1022 4674 1172 4726 Nove
1197 4671 1419 4732 dicitur,
1453 4666 1598 4719 arcis
1630 4678 1781 4717 novae

196 4779 660 4852 significationem
694 4773 875 4834 habet,
906 4772 960 4823 in
995 4766 1199 4821 Set-via:
1242 4762 1443 4815 finibus
1471 4758 1593 4812 sita.
1632 4756 1780 4808 Nunc

198 4851 408 4930 ibidem
443 4868 732 4938 sangiacus
764 4873 848 4918 est
870 4861 1161 4919 Tureicus,
1193 4854 1453 4923 [Budettsi
1507 4851 1783 4918 subjectus

200 4968 550 5031 beglerbego,
602 4975 726 5013 cum
776 4955 996 5010 nomine
1043 4944 1505 5015 Novogrodensis.
1567 4941 1785 4994 Primus

200 5064 346 5115 hanc
373 5057 606 5109 Murates
658 5051 819 5120 cepit,
870 5048 962 5100 sed
1008 5041 1304 5098 Christiani
1353 5042 1780 5105 recuperarunt:

195 5169 255 5210 et
292 5154 398 5208 sub
431 5149 765 5203 Murhemcte
795 5139 1033 5195 secundo
1056 5150 1247 5189 rursus
1305 5147 1422 5185 eam
1458 5129 1777 5181 amiserunt:

200 5254 259 5302 in
325 5246 480 5310 Cujus
544 5242 649 5293 vita
704 5238 770 5289 de
806 5237 908 5287 hac
970 5229 1216 5297 qumdain
1273 5223 1598 5291 adjiciemus
1655 5219 1781 5281 alia,

202 5342 387 5407 capite
419 5345 671 5389 notarum
722 5329 848 5383 l5?"

438 5430 559 5481 ιοει.
602 5423 770 5477 Scaclt
799 5417 999 5475 Abedin
1026 5418 1204 5476 bassa,
1238 5410 1540 5465 Sabatines.

276 5525 449 5588 Quia
510 5516 708 5569 Turcis
779 5512 865 5564 hic
930 5509 1242 5561 nominatus
1309 5503 1469 5555 seaeh
1554 5496 1781 5559 Abedin,

200 5619 360 5675 Italis
406 5611 679 5665 historicis
731 5602 1048 5661 Sciabadin,
1107 5614 1169 5651 ex
1224 5596 1495 5655 Bonfinio,
1558 5590 1786 5644 Chalco-

208 5708 435 5776 condyli
467 5704 751 5761 Sabatines
784 5699 1067 5751 eunuchus
1092 5700 1193 5755 cst,
1221 5690 1374 5759 quasi
1408 5687 1476 5740 Sa
1532 5684 1782 5737 Badines.

198 5804 304 5858 Sic
339 5798 647 5865 Busbequio
683 5792 966 5861 Sagtamas
994 5787 1286 5840 Persarum
1312 5797 1403 5835 rex
1441 5790 1523 5834 est
1545 5817 1561 5842 ,
1590 5778 1680 5845 qui
1734 5786 1787 5827 et

202 5894 375 5950 nobis
415 5901 468 5947 et
509 5888 641 5955 ipsis
690 5885 889 5942 dicitur
966 5882 1131 5938 scach
1182 5875 1402 5939 Tantas,
1446 5871 1528 5924 vel
1588 5867 1788 5923 rectius

1878 1991 2116 2046 Laonico
2174 1994 2282 2047 dici
2346 1994 2624 2057 Mezotem,
2682 1994 2912 2063 Europa:
2962 1996 3301 2063 prafectum,
3352 1996 3453 2047 lim:

1877 2097 1982 2149 est,
2042 2085 2321 2140 Romaniae
2370 2087 2776 2156 beglerbegum,
2836 2088 3083 2140 Bonfinio
3127 2088 3451 2141 Mezetltum.

1881 2179 2156 2235 Valachiae
2209 2197 2336 2234 vero
2426 2182 2686 2244 nomine,
2754 2181 3168 2250 Transalpinam
3237 2183 3318 2235 hic
3373 2182 3451 2234 in—

1880 2272 2090 2341 telligi,
2146 2284 2369 2327 auctore
2429 2273 2722 2341 Bonlinio,
2759 2274 2827 2329 de
2885 2292 2991 2344 qua
3050 2276 3303 2344 snperius
3354 2293 3454 2330 nu—

1882 2382 2035 2421 rnero
2066 2368 2125 2419 71
2168 2369 2398 2423 dictum.
2427 2368 2583 2433 Quod
2618 2379 2796 2423 autem
2825 2369 3041 2435 jussum
3074 2368 3312 2424 referant
3344 2370 3452 2424 Me-

1883 2462 2037 2515 sitem
2066 2462 2276 2530 ingredi
2312 2461 2626 2531 Ungariam,
2657 2463 3034 2532 accipiendum
3057 2464 3126 2519 de
3159 2464 3454 2535 Transsyl-

1883 2555 2040 2607 vania
2074 2570 2088 2608 :
2124 2571 2285 2623 quam
2321 2556 2427 2609 hoc
2460 2556 2601 2622 loco,
2634 2556 2779 2611 sicut
2809 2557 2935 2612 alibi
2964 2573 3207 2627 quoque,
3243 2556 3455 2611 Panno-

1883 2646 2094 2700 daciam
2126 2646 2398 2702 Laonicus
2434 2664 2459 2701 a
2514 2647 2868 2704 Pannouihus
2900 2650 3014 2704 sive
3052 2648 3341 2704 Pmonibus
3399 2661 3453 2704 et

1885 2738 2081 2803 Dacis,
2120 2755 2212 2807 qui
2258 2737 2484 2793 Valachi
2525 2740 2726 2808 gemini
2759 2748 2911 2804 sunt,
2946 2756 2975 2794 a
3006 2741 3210 2810 quibus
3245 2739 3451 2794 Trans-

1887 2830 2133 2900 sylvania
2182 2834 2577 2899 circumdatur,
2615 2834 2869 2904 appellat.
2893 2833 3038 2889 Idem
3074 2851 3195 2889 mox
3232 2836 3454 2906 subjicit

1890 2926 2003 2980 hac
2028 2927 2187 2980 verba
2211 2945 2222 2980 :
2250 2927 2601 2983 Paunodacize
2626 2931 2773 3000 regio
2815 2930 3090 2985 Ardelium
3115 2930 3451 2984 nominatur.

1893 3021 2055 3074 Addit
2082 3022 2248 3074 etiam
2278 3063 2291 3083 ,
2331 3022 2673 3091 nietrupolim
2709 3023 2872 3090 hujus
2898 3039 3020 3078 esse
3055 3022 3399 3078 Tosibinium
3436 3041 3449 3075 :

1888 3127 2009 3180 qua:
2042 3111 2206 3183 438
2235 3130 2333 3167 vox
2364 3116 2641 3182 quomodo
2674 3117 2741 3168 ab
2775 3118 3065 3183 interprete
3097 3128 3352 3187 corrupta
3386 3120 3456 3172 sit

1890 3220 1951 3256 ex
1989 3205 2221 3265 Cibinio,
2261 3209 2404 3274 quod
2470 3222 2615 3260 nunc
2670 3220 2847 3260 manet
2906 3208 3046 3276 apud
3077 3207 3325 3277 Ungaros
3356 3224 3457 3262 no-

1893 3312 2041 3358 men,
2076 3307 2129 3349 et
2162 3296 2452 3351 Germanis
2483 3308 2563 3351 est
2591 3299 3053 3361 ilermestadium,
3082 3315 3245 3365 supra
3282 3302 3458 3366 capite

1890 3400 2145 3441 nolarutn
2186 3389 2251 3440 1?.
2286 3390 2592 3443 docuimus.
2643 3391 2706 3444 Et
2749 3400 2880 3443 sunt
2924 3389 3168 3457 profecto
3202 3403 3457 3458 corrupta

1891 3482 2121 3534 mirilice
2184 3482 2235 3534 in
2297 3482 2442 3533 edito
2484 3483 2725 3534 Laonico
2759 3482 3017 3534 vocabula
3062 3484 3298 3550 propria.
3325 3481 3457 3547 Quis

1889 3570 2104 3624 Cuduni
2131 3572 2233 3622 lam
2298 3571 2566 3640 cogitaret
2604 3586 2725 3625 esse
2775 3570 3135 3631 Culionideni,
3168 3571 3271 3623 nisi
3305 3572 3459 3622 valde

1892 3664 2101 3730 peritus
2133 3677 2319 3712 eorum
2356 3670 2666 3729 temporum
2709 3661 2951 3713 historhe
2982 3661 3003 3713 ?
3032 3660 3461 3714 Bartholomzeus

1894 3756 1936 3806 is
1991 3766 2135 3806 certe
2197 3753 2470 3805 Collionus
2527 3762 2665 3815 erat,
2723 3754 2920 3805 nobilis
2970 3754 3076 3805 dux
3124 3753 3456 3821 Bergomas:

1894 3848 2052 3915 cujus
2088 3858 2249 3899 Cllzllli
2299 3848 2528 3912 gentiles
2557 3846 2598 3897 si
2630 3856 2785 3898 natos
2814 3845 2935 3913 quis
2982 3846 3125 3897 dit-at
3155 3859 3218 3897 ex
3254 3844 3458 3898 familia

1892 3941 1956 3993 de
2006 3938 2397 3991 Collisiouibns
2426 3978 2438 3997 ,
2486 3940 2608 4005 quis
2672 3937 2917 3989 divinare
2952 3951 3071 3988 mox
3118 3945 3323 4004 posset,
3361 3937 3460 3988 hos

1892 4043 2040 4084 ortos
2074 4031 2276 4082 familia
2308 4030 2569 4081 nobilium
2601 4029 3001 4097 liergomatum,
3033 4030 3229 4093 quibus
3261 4043 3458 4081 nomen

1891 4126 1958 4177 sit
1993 4139 2021 4175 a
2080 4121 2419 4174 Collionibus
2456 4122 2477 4172 ?
2511 4121 2583 4173 Ita
2626 4122 2883 4172 nimirum
2940 4128 3195 4186 corrupta
3252 4134 3350 4171 vox
3385 4119 3458 4172 le-

1890 4220 2033 4287 gitur
2068 4219 2121 4271 in
2150 4219 2257 4271 vita
2290 4217 2477 4269 Karuli
2521 4214 2699 4283 quarti
2752 4215 3002 4284 Augusti,
3033 4231 3191 4284 quam
3226 4213 3458 4269 Reinec-

1889 4314 2006 4364 cius
2040 4320 2221 4364 nOstcr
2250 4310 2564 4378 publicavit.
2597 4311 2673 4363 Ad
2713 4310 2989 4361 annalium
3027 4317 3342 4361 nostrorum
3375 4323 3459 4361 se-

1890 4403 2022 4454 riem
2062 4412 2117 4453 nt
2177 4404 2481 4462 redeamus,
2529 4410 2649 4453 erat
2709 4401 2755 4453 id
2789 4400 3050 4467 temporis
3077 4398 3278 4451 Ardelii
3310 4398 3459 4464 regio

1891 4498 2061 4559 (nunc
2107 4494 2340 4561 Ungaris
2375 4493 2519 4546 Ertel
2553 4491 2751 4543 dicitur
2776 4493 2791 4555 )
2820 4487 2993 4557 Jango
3024 4488 3274 4543 Choniati
3307 4503 3458 4541 corn-

1812 4592 2052 4655 Dmissa
2120 4588 2474 4655 creditaque,
2532 4585 2671 4639 sicut
2727 4584 2997 4637 Laonicus
3053 4582 3178 4635 ait:
3238 4581 3289 4633 id
3353 4592 3456 4642 est,

1882 4682 2077 4735 Joanni
2118 4680 2372 4742 Huniadi,
2422 4680 2584 4748 longe
2630 4676 3007 4729 illustrissimo
3040 4673 3186 4739 duci,
3220 4671 3462 4725 Matthiae

1886 4775 2029 4841 regis
2063 4772 2311 4837 Ungarim
2346 4770 2485 4838 patri
2520 4786 2532 4820 :
2582 4784 2743 4835 quem
2774 4764 3058 4820 Geufrzeus
3090 4761 3322 4816 laneum
3359 4762 3462 4815 Ba—

1884 4881 2012 4919 num
2037 4865 2286 4933 appellat,
2312 4862 2589 4915 vocabulis
2623 4860 2760 4913 infra
2791 4857 3153 4925 declarandis.
3179 4855 3277 4908 Hic
3304 4853 3463 4907 Μεδι-

1885 4972 1991 5013 leni
2022 4958 2303 5010 Romaniae
2335 4955 2747 5023 beglerbeguin,
2780 4963 3004 5004 auctore
3036 4949 3311 5009 Bonfinio,
3340 4963 3461 5000 cum

1888 5052 2072 5120 viginti
2101 5050 2336 5102 millibus
2360 5047 2661 5101 Turcorum
2684 5046 2837 5109 fudit,
2859 5044 3088 5105 caacidit,
3118 5042 3415 5094 interemit.

1921 5148 2042 5201 ΗΜ.
2082 5144 2299 5209 Sapitia,
2334 5142 2558 5202 Tibiscu,
2588 5139 2797 5207 Scopia,
2835 5136 3114 5200 Sardacia,
3150 5135 3400 5199 Sardicu,

2528 5211 2825 5263 Triaditza.

1965 5309 2108 5363 Satis
2137 5317 2326 5362 notum
2357 5314 2439 5359 cst
2471 5304 2688 5373 Sophia:
2716 5318 2937 5359 nomen,
2978 5297 3164 5367 oppidi
3199 5293 3461 5364 Bulgaria:

1892 5404 2070 5471 magni
2101 5413 2154 5453 et
2186 5399 2461 5469 populosi,
2503 5398 2630 5449 licet
2663 5395 2810 5447 nulla
2863 5393 2934 5445 sit
2975 5406 3037 5443 ex
3088 5396 3238 5455 parte
3284 5386 3464 5438 muni-

1892 5505 2026 5547 tum.
2066 5493 2141 5545 lbi
2184 5492 2324 5544 diem
2372 5505 2471 5542 nos
2507 5501 2675 5538 unum
2726 5492 2780 5536 et
2812 5482 3040 5535 alterum
3073 5477 3351 5531 haesimus.
3384 5472 3463 5523 Ad

1893 5585 2192 5653 marginem
2234 5576 2689 5645 Chalcocondylis
2727 5574 2840 5627 haec
2892 5568 3147 5637 ascripsit
3187 5566 3463 5628 interpres

1896 5675 2094 5729 verba:
2131 5672 2355 5737 Sophia,
2397 5681 2539 5720 nunc
2564 5664 2781 5733 Scopia.
2817 5660 3135 5713 Manifestus
3174 5656 3259 5707 hic
3304 5665 3465 5704 error

1892 5779 1995 5831 est,
2030 5780 2148 5819 cum
2187 5763 2377 5816 urbem
2417 5760 2615 5827 Scopia
2644 5758 2845 5811 diserte
2886 5753 3152 5805 Laonicu.
3202 5750 3254 5800 in
3290 5747 3466 5801 Mace-

1895 5860 2057 5917 donia
2086 5857 2332 5913 collucet.
2368 5852 2497 5908 Vide
2525 5862 2705 5907 notata
2743 5847 2969 5903 inferius
2996 5844 3173 5913 capite
3201 5838 3320 5894 169.
3353 5836 3463 5889 Μει-
