4198 6426
769 362 878 423 803

2001 359 2337 421 JOANNIS
2379 360 2850 422 LEUNCLAVH

3951 368 4047 431 8οι

772 484 890 536 rius
917 480 1080 550 Niger
1109 477 1368 547 Suphiam
1408 475 1685 531 veteribus
1727 476 2051 545 appellatam
2088 483 2242 545 putat
2265 473 2355 528 'l‘i-
2382 482 2428 536 Α
2459 485 2615 545 rupte
2642 476 2973 530 Cat'ambum
2997 484 3176 543 vocat,
3234 476 3504 536 Laonicus
3535 479 3841 538 Chasanem
3864 525 3879 550 ,
3915 485 4046 538 sicut

773 576 998 629 hiscant.
1038 571 1320 626 Bonlinius
1356 570 1433 624 ait
1458 609 1473 632 ,
1529 569 1722 624 urbem
1753 585 1781 622 a
1812 571 2039 639 templo,
2060 568 2209 638 quod
2243 583 2363 623 ma-

769 665 967 732 gniﬁco
1007 671 1227 731 sutnptu
1255 659 1600 716 Justinianus
1622 660 1974 723 esstruxerit,
1994 676 2190 714 nomen
2209 675 2366 714 acce-

771 761 932 826 pisse.
964 757 1124 825 Atqui
1168 755 1378 809 nullum
1422 755 1509 809 hic
1543 754 1802 823 templum
1833 755 1938 808 tale
1970 753 2052 808 vel
2083 753 2209 807 olim
2241 752 2366 820 fuit,

773 849 853 902 vel
909 849 1068 902 hodie
1125 848 1308 903 saltim
1369 863 1431 901 ex
1475 847 1753 917 aliquibus
1793 848 1965 902 ruinis
2000 849 2222 918 agnosci
2268 865 2366 917 po-

767 951 918 1005 test,
966 951 1020 993 et
1062 956 1091 993 a
1139 940 1339 1009 templo
1397 937 2043 1010 Constantinopolitano,
2080 942 2222 1010 quod
2270 939 2368 995 Ju-

768 1034 1043 1086 stinianus
1071 1030 1286 1085 Sancta:
1309 1031 1527 1102 Sophia:
1558 1034 1676 1087 sive
1701 1033 1792 1086 Dei
1826 1032 2117 1103 Sapientia:
2144 1036 2369 1092 nomine

767 1125 1270 1194 splemlidissimum
1321 1126 1602 1191 condidit,
1638 1127 1743 1181 hoc
1772 1128 2057 1197 oppidum,
2095 1139 2369 1198 quatuor-

767 1218 943 1269 decim
1002 1217 1083 1270 vel
1133 1218 1445 1288 quindecim
1500 1217 1710 1271 dierum
1785 1218 1979 1272 itinere
2035 1217 2288 1273 diasitum
2339 1234 2370 1272 a

765 1308 1271 1379 Constantinopoli,
1302 1319 1556 1363 vocatum
1610 1309 1800 1376 fuisse,
1825 1310 1946 1378 quis
1983 1310 2193 1364 credat?
2225 1310 2368 1363 Idem

767 1399 1288 1464 addit,-Sardaciam
1327 1401 1468 1454 hanc
1500 1401 1630 1455 olim
1661 1401 1832 1455 fuisse
1863 1401 2086 1463 dictam,
2119 1417 2145 1454 a
2178 1400 2370 1456 Sardis

767 1502 824 1545 ct
856 1493 1011 1546 Dacis
1036 1533 1050 1556 ,
1092 1494 1195 1546 hoc
1236 1501 1340 1557 est,
1375 1508 1402 1544 a
1439 1493 1688 1563 gentibus
1723 1494 2042 1563 longissimo
2089 1503 2363 1546 terrarum

769 1589 949 1652 spatio
1008 1594 1063 1640 et
1129 1587 1250 1654 ipso
1309 1601 1531 1655 quoque
1593 1589 1730 1640 [nari
1785 1587 2064 1642 discretis.
2125 1585 2362 1657 Subjicit

770 1680 990 1744 deinde,
1051 1679 1383 1732 celebratam
1429 1678 1505 1732 ibi
1567 1678 1732 1733 fuisse
1781 1679 2059 1748 quondam
2100 1681 2366 1752 synodum

2469 579 2522 622 et
2550 566 2718 622 Turci
2749 586 2762 621 :
2791 570 2935 639 quod
2968 585 3154 624 verum
3187 572 3234 626 ei
3267 586 3463 626 nomen
3503 574 3671 629 luisse
3699 575 4045 641 crediderim,

2471 668 2526 714 et
2562 660 2792 716 alterum
2843 675 3175 732 cognomen,
3212 678 3240 716 a
3275 663 3602 734 nigredine:
3650 668 3790 722 sicut
3822 678 3876 722 et
3907 670 4043 724 aliud

2470 752 2716 822 Celepini
2755 768 3061 825 cognomen
3092 755 3265 810 eidem
3297 757 3487 809 tribuit
3513 741 3796 812 Bonlinius
3831 775 3861 813 a
3899 755 4047 814 nobi-

2471 845 2646 902 litate.
2684 845 2843 900 1'urci
2878 847 3119 913 tradunt,
3157 846 3436 903 Romaniae
3457 849 3572 904 sive
3590 849 3812 905 Graecia:
3839 853 4045 922 begler-

2475 940 2672 1008 bcgum
2707 940 2850 993 hunc
2881 938 3076 1007 fuisse,
3103 941 3379 997 Laonicus
3405 944 3633 1011 Europa:
3660 945 3878 1011 ducem,
3912 947 4046 1016 quod

2474 1033 2617 1088 idem
2640 1043 2748 1088 est.
2772 1029 3056 1090 Bonlinius
3075 1051 3205 1090 vero
3234 1034 3466 1091 Natalia:
3490 1035 3621 1092 facit
3645 1030 4045 1109 heg'lerbegum,

2475 1135 2530 1180 et
2559 1127 2746 1195 copias
2777 1127 2884 1182 liuc
2920 1143 2951 1182 e
2983 1126 3194 1183 Natolia
3233 1130 3548 1184 traduxisse
3582 1142 3878 1198 memorat,
3906 1133 4045 1202 quod

2475 1236 2606 1275 vero
2639 1237 2745 1275 non
2788 1223 2847 1276 lit
2875 1222 3076 1277 simile.
3109 1208 3244 1277 Nam
3280 1235 3339 1278 ut
3369 1224 3505 1279 nihil
3534 1225 3602 1280 de
3640 1240 3916 1281 consensu
3958 1227 4046 1280 ho-

2473 1328 2595 1368 rum
2618 1315 2898 1369 annalium
2929 1330 3052 1370 cum
3080 1315 3544 1385 Laonicodicam,
3574 1333 3706 1373 sane
3736 1319 4048 1374 credibilius

2473 1419 2577 1475 est,
2636 1411 2787 1466 hunc
2840 1409 3064 1466 Graecia:
3093 1412 3173 1466 vel
3208 1411 3438 1480 Europa:
3467 1412 3853 1484 beglerhegum
3892 1412 4050 1484 539

2472 1503 2664 1571 fuisse,
2694 1504 2789 1575 qui
2824 1506 3006 1560 occiso
3064 1506 3134 1560 ab
3167 1505 3420 1561 Huniade
3444 1510 3647 1562 scacho
3677 1509 3913 1562 Abedini
3946 1507 4050 1562 lto-

2475 1599 2673 1652 maniaa
2701 1599 3029 1670 beglerbego
3060 1601 3418 1666 successerit,
3450 1611 3504 1656 et
3527 1616 3558 1656 e
3587 1603 3900 1672 propinquo
3932 1620 4047 1657 cum

2473 1689 2706 1760 Europa:
2740 1693 2917 1763 copiis
2947 1691 3095 1748 hosti
3119 1696 3465 1750 occurrerit:
3503 1709 3628 1750 cum
3657 1698 3933 1751 Anatolize
3966 1698 4048 1752 be-

772 1767 1186 1822 Sardacienscm
1215 1769 1295 1821 vel
1341 1766 1780 1824 Sardaicensem.
1820 1771 1961 1826 Hinc
1987 1786 2117 1824 vero
2151 1772 2359 1826 tandem

2480 1784 2770 1854 glerbegus
2797 1786 2867 1840 ab
2915 1785 3067 1840 hisce
3102 1787 3418 1858 regionibus
3446 1787 3662 1857 longius
3697 1800 3946 1845 remotus
3971 1807 4048 1846 es-

771 1860 1117 1930 intelligitur,
1139 1859 1207 1912 de
1238 1859 1466 1914 Sardica
1500 1860 1646 1928 loqui
1679 1860 2012 1928 Bonlinium,
2053 1863 2141 1917 ubi
2176 1863 2365 1918 Sardiv

775 1952 957 2004 remis
1009 1951 1193 2004 habita
1227 1952 1471 2020 synodus
1505 1951 1631 2018 fuit,
1694 1953 1796 2007 sub
1829 1955 2057 2024 imperio
2124 1955 2361 2009 ﬁliorum

766 2043 1110 2097 Consmntini
1141 2042 1342 2113 Magni.
1381 2045 1458 2098 Ea
1497 2060 1626 2100 vero
1660 2061 1768 2100 non
1797 2047 1886 2101 hic
1920 2049 2238 2118 quaerenda,
2264 2062 2365 2104 nec

772 2136 933 2191 hodie
970 2135 1174 2205 SOphia
1208 2137 1432 2203 dicitur,
1452 2140 1547 2193 sed
1572 2136 1848 2194 Triaditza
1875 2159 1886 2193 :
1912 2141 2056 2210 quod
2081 2141 2132 2196 ei
2165 2157 2362 2196 nomen

770 2231 938 2284 etiam
975 2239 1132 2284 aatate
1165 2247 1263 2284 sua
1298 2231 1489 2295 fuisse,
1521 2231 1718 2300 Glycas
1758 2242 1942 2287 noster
1977 2235 2222 2304 scripsit.

772 2324 894 2378 £05.
922 2323 1118 2378 Scachi
1142 2324 1393 2378 Abedim‘s
1418 2325 1683 2446 επρεῇξέἱο
1707 2324 1914 2394 infelix.
1932 2324 2136 2381 laurus
2165 2327 2361 2383 Turres

1469 2411 1544 2446 ειν
1586 2412 1600 2446 ι
1631 2434 1647 2446 .

1469 2411 1647 2449 εωαυ.

835 2487 971 2540 Cum
1033 2488 1120 2541 hic
1185 2487 1404 2543 dicatur
1460 2489 1744 2558 ablegatus
1781 2488 1955 2544 fuisse
1998 2490 2362 2562 beglerbegus

771 2576 1073 2642 llumanim,
1099 2579 1202 2631 hoc
1230 2588 1314 2632 est
1343 2578 1571 2646 Europae
1595 2619 1608 2637 .
1639 2578 1872 2633 scachus
1905 2578 2199 2644 Abcdines,
2233 2597 2357 2637 cum

767 2669 1045 2723 universis
1111 2666 1398 2722 Romaniae
1471 2663 1667 2737 Copiis,
1704 2676 1759 2722 et
1788 2671 2050 2734 acanziis,
2103 2679 2156 2724 et
2205 2674 2359 2743 geni-

767 2761 909 2813 Zaris
935 2801 948 2813 .
987 2761 1128 2814 haud
1168 2759 1333 2815 dubie
1395 2777 1629 2831 magnus
1661 2761 1732 2814 illi
1765 2777 1796 2815 a
1828 2757 2038 2816 Murate
2068 2764 2226 2819 datus
2257 2765 2362 2819 fuit

764 2852 1040 2908 exercitus
1065 2893 1078 2917 ,
1113 2869 1274 2923 quem
1342 2853 1623 2908 Bonlinius
1652 2855 1980 2908 xstimatum
2016 2855 2185 2910 luisse
2221 2859 2359 2911 scri-

767 2946 846 2998 hit.
873 2947 1148 3015 octoginta
1207 2945 1511 3000 Turcorum
1582 2945 1866 3001 millibus:
1904 2945 2049 3015 quod
2102 2949 2355 3016 equidem

767 3040 1046 3092 annalium
1102 3038 1266 3093 verba
1314 3040 1702 3105 considerans,
1746 3056 1877 3094 vero
1911 3052 2344 3096 consentaneum

773 3140 901 3198 puto
937 3149 950 3186 :
995 3133 1250 3200 quamvis
1311 3133 1534 3202 adjiciat
1597 3131 1904 3197 Bonlinius,
1965 3135 2017 3190 id
2057 3150 2161 3189 non
2188 3136 2346 3190 facile
2376 3120 2420 3179 α

765 3227 927 3278 tidem
967 3224 1283 3280 admittere.
1309 3225 1592 3280 Caesorum
1640 3236 1788 3280 certe
1831 3242 2094 3282 numerus
2123 3229 2170 3282 ei
2200 3227 2360 3282 [idem

767 3315 941 3366 facerc
1011 3314 1282 3380 debebat,
1323 3329 1448 3368 cum
1519 3315 1755 3369 fateatur
1792 3312 2010 3386 triginta
2050 3315 2352 3372 Turcorum

769 3407 934 3460 millia
985 3407 1154 3460 luisse
1193 3417 1328 3460 tunc
1363 3406 1670 3473 interfecta,
1702 3417 1857 3477 capta
1885 3411 2127 3479 quinque
2161 3410 2351 3464 millia.

771 3498 1112 3566 Expeditioni
1143 3513 1366 3552 causam
1407 3498 1639 3567 pra2buit
1673 3508 1786 3552 tum
1829 3497 2033 3554 Mesitis
2058 3501 2234 3556 bassaa
2263 3517 2357 3557 ca-

773 3589 1004 3652 lamitas,
1038 3589 1197 3656 paulo
1243 3600 1368 3643 ante
1399 3604 1522 3642 cum
1558 3590 1674 3644 suis
1701 3591 1766 3642 ad
1795 3590 2232 3645 internecionem
2261 3594 2353 3647 de-

747 3682 894 3738 'leti:
931 3691 1042 3735 tum
1079 3683 1369 3751 utriusque
1402 3678 1675 3736 Valachia?
1704 3681 2102 3753 defectio,quaz
2128 3695 2354 3741 auctore

764 3777 975 3828 Joanne
1041 3774 1314 3840 Huniade,
1377 3773 1686 3830 Turcornm
1750 3793 1779 3831 a
1835 3778 1937 3834 fide
1998 3779 2350 3836 discesserat.

775 3868 930 3922 llunc
965 3868 1115 3922 enim
1149 3869 1375 3922 annales
1409 3868 1728 3938 intelligunt
1767 3870 1921 3926 Jauci
1956 3873 2200 3934 nomine.
2242 3889 2352 3943 quo

767 3959 1020 4029 gentibus
1074 3960 1180 4013 illis
1237 3958 1479 4016 Joannes
1526 3962 1754 4017 dicitur.
1791 3962 2064 4019 Laonicus
2101 3968 2187 4034 (ut
2215 3966 2352 4020 indi-

766 4051 973 4116 catum)
1031 4047 1267 4119 Jangnm
1325 4050 1673 4117 Choniatem,
1741 4051 2134 4124 Spanduginus
2207 4066 2353 4111 recte

761 4140 993 4193 .lamum
1034 4139 1325 4195 vafvodam
1362 4145 1596 4213 appellat
1631 4187 1644 4208 ,
1682 4145 1935 4200 videlicet
1985 4148 2184 4202 Erdelii
2237 4149 2353 4204 sive

765 4229 1254 4297 Transsvlvaniaa,
1325 4235 1612 4291 chl‘raaus
1662 4236 1891 4291 Jancum
1965 4239 2220 4294 Battum:
2288 4243 2354 4295 de

763 4323 964 4390 quibus
998 4321 1302 4378 olﬁciorum
1339 4342 1401 4380 ac
1430 4327 1759 4397 dignitatum
1805 4329 1857 4382 in
1893 4324 2151 4399 Ungaria:
2186 4346 2353 4400 regno

766 4415 1164 4482 pnecipuarum
1189 4419 1521 4484 nominibus,
1556 4422 1754 4487 partim
1785 4422 1966 4490 capite
1997 4431 2254 4476 notarum
2283 4425 2345 4477 7i

764 4507 1028 4573 diximus,
1065 4509 1259 4578 partim
1304 4510 1448 4564 infra
1483 4512 1683 4566 dicturi
1720 4529 1932 4570 sumus.

772 4622 896 4678 106.
953 4622 1215 4678 Vladislm'
1248 4627 1386 4695 regis
1421 4625 1685 4708 ὦψαι-ἰφ-
1704 4630 1878 4697 prima
1923 4641 2108 4683 contra
2159 4634 2352 4686 Turcos

1457 4707 1743 4751 expeditio.

1457 4713 1743 4766 expeditio.

835 4808 972 4864 Ante
1004 4813 1187 4866 omnia
1222 4812 1578 4869 declaremus
1628 4815 1714 4871 hic
1744 4817 2047 4886 positarum
2081 4819 2132 4872 in
2170 4834 2352 4874 anna-

767 4905 909 4960 libus
947 4921 1309 4974 personarum
1349 4911 1561 4979 aliquot
1588 4913 1833 4966 nomina.
1863 4913 1975 4966 Rex
2011 4913 2356 4984 Ungarorum

757 4993 1146 5059 expeditionis
1178 4995 1339 5064 hujus
1375 5009 1564 5053 auctor
1601 4997 1914 5056 Vladislaus
1942 5015 2060 5057 erat
2090 5021 2152 5058 es
2195 5005 2357 5060 Polo-

766 5084 868 5135 nia:
899 5100 1083 5154 regum
1115 5084 1426 5157 Jagellonia:
1456 5092 1640 5160 stirpis
1696 5095 1902 5148 fattlilia
1926 5113 1938 5148 :
1961 5112 2119 5158 quem
2155 5095 2356 5166 Ungaii

768 5175 1009 5243 plerique
1039 5179 1254 5232 deserto
1291 5179 1545 5236 Ladislao
1576 5185 1870 5239 Austriaco
1897 5189 2099 5240 Alherti
2133 5190 2355 5243 secundi

765 5269 994 5337 Augusti
1015 5273 1308 5339 pOSthumo
1326 5276 1473 5343 regni
1495 5278 1958 5333 administrationi
1980 5283 2354 5350 praelecerant.

762 5360 1072 5431 Jancusqui
1107 5365 1440 5431 nominatur,
1470 5367 1710 5424 Joannes
1733 5383 1814 5426 est
1843 5372 2140 5440 ilnniades,
2182 5375 2356 5431 Laza-

769 5453 928 5520 rogli,
961 5457 1074 5508 sive
1119 5457 1263 5511 (ilius
1301 5457 1519 5525 Lazari,
1559 5462 1763 5518 Sen/ia:
1807 5468 2030 5536 despota
2066 5466 2354 5538 Georgius,

767 5547 972 5600 Graecis
990 5554 1257 5605 ctnOstris
1279 5553 1539 5622 Stephani
1564 5557 1728 5623 lilius,
1751 5559 1940 5613 Lazari
1966 5577 2160 5630 nepos.
2178 5562 2358 5617 Casan

766 5643 846 5695 vel
865 5641 1057 5696 (lasani
1088 5647 1241 5698 hassa
1264 5646 1456 5702 Turcis
1479 5652 1754 5717 scribitur,
1776 5671 1932 5723 quem
1954 5655 2232 5710 Geul'raeus
2249 5657 2357 5711 Ca-

768 5736 1081 5802 ramhcgum
1117 5739 1385 5802 nominat,
1407 5752 1457 5793 et
1489 5743 1700 5811 nigrum
1720 5747 2002 5801 dominum
2032 5749 2144 5802 sive
2167 5751 2355 5804 durem

768 5821 1204 5894 interpretatur:
1259 5829 1541 5904 Philippus
1590 5837 1962 5896 Callimachus
2013 5844 2186 5912 magis
2237 5859 2356 5900 cor-

2471 1888 2573 1944 set,
2608 1893 2710 1933 nec
2745 1895 2872 1933 cum
2931 1881 3176 1936 exercitu
3229 1891 3339 1937 tam
3380 1881 3529 1938 facili
3562 1893 3846 1940 momento
3873 1894 4049 1954 posset

2470 1971 2884 2042 Hellespontum
2937 1976 3363 2032 transmittere:
3413 1987 3474 2033 ut
3533 1977 3754 2033 interim
3819 1987 4045 2043 taceam,

2467 2076 2735 2137 quantum
2766 2067 2996 2139 periculi
3036 2069 3200 2125 rebus
3239 2071 3503 2127 Anatolia:
3536 2083 3834 2130 creaturos
3861 2074 4052 2132 fuisset

2467 2161 2776 2232 beglerhegi
2827 2163 3109 2219 discessus
3153 2163 3207 2220 in
3243 2165 3535 2236 Europam,
3583 2168 3819 2223 necdum
3854 2169 3924 2222 ab
3955 2168 4049 2224 Os-

2467 2255 2704 2312 manidis
2752 2272 3019 2326 oppressa
3064 2257 3380 2328 Caramani,
3442 2261 3617 2319 hostis
3680 2264 3958 2333 perpetui,
4002 2272 4054 2317 et

2467 2349 2700 2404 aliorum
2736 2353 3000 2419 potentia.
3032 2351 3192 2418 Quod
3219 2369 3398 2410 caesus
3432 2354 3604 2412 fuisse
3635 2373 3761 2412 cum
3801 2361 3920 2415 suis
3949 2359 4051 2416 Ca-

2469 2458 2631 2498 sanes
2661 2443 2717 2498 in
2751 2445 3044 2500 annalibus
3091 2446 3310 2516 legitur,
3372 2465 3480 2506 non
3526 2452 3607 2508 sic
3642 2453 4051 2524 accipiendum.

2469 2551 2534 2591 ac
2563 2537 2610 2592 si
2654 2537 2821 2592 fuerit
2874 2538 3225 2597 interfectus.
3273 2540 3522 2599 Tradunt
3561 2545 3707 2601 enim
3748 2551 4052 2618 scriptores

2467 2623 2817 2684 historiarum
2846 2647 3043 2700 magno
3094 2649 3366 2691 consensu
3391 2636 3717 2706 (praesertim
3769 2640 4053 2697 Bonlinius

2462 2732 2517 2776 et
2544 2721 2930 2789 Callimachus,
2966 2728 3059 2795 qui
3093 2736 3189 2781 aut
3228 2737 3376 2794 tunc,
3425 2738 3518 2784 aut
3563 2747 3670 2786 non
3700 2735 3880 2790 multo
3935 2746 4050 2802 post

2465 2815 2622 2879 visit,
2654 2825 2709 2870 et
2727 2815 2968 2872 Polonia:
2993 2819 3232 2886 regibus,
3254 2819 3452 2876 Joanni
3474 2827 3776 2892 praesertim
3802 2828 4054 2892 Alberto,

2465 2904 2749 2960 familiaris
2790 2908 2939 2977 fuit),
2975 2909 3122 2965 hune
3167 2912 3385 2966 bassam
3421 2928 3527 2968 non
3578 2916 3827 2970 occisum
3859 2915 4052 2981 fuisse,

2463 2998 2555 3051 sed
2591 3008 2834 3066 captum.

2476 3087 2600 3142 107.
2661 3086 2886 3142 Clisurc
2927 3090 3219 3163 Alslads‘nw.
3273 3091 3536 3157 Sladitsa,
3593 3097 3786 3163 priscis
3852 3097 4052 3153 ουτω

2904 3161 3127 3231 ﬂuvius.
3180 3163 3312 3232 Capi
3344 3163 3593 3218 Derbent.

2536 3250 2778 3307 Clisuras
2805 3253 2938 3319 disi,
2976 3256 3197 3310 nomine
3229 3255 3436 3312 Gra:cis
3469 3259 3714 3315 historiis
3749 3273 3907 3324 noto,
3941 3265 4057 3316 vias

2465 3344 2581 3399 sive
2619 3345 2889 3403 transitus
2923 3359 3184 3418 angustos
3215 3352 3536 3417 admodum,
3594 3369 3690 3423 per
3716 3356 3835 3409 loca
3897 3373 4055 3410 mon-

2464 3448 2789 3505 tuosa,quaz
2832 3439 3045 3494 Latinis
3094 3442 3222 3496 olim
3284 3443 3454 3498 furca:
3507 3446 3946 3502 nominabantur
4005 3461 4060 3504 et

2463 3530 2674 3585 fauces.
2711 3531 2801 3586 Sic
2830 3530 3142 3586 Iustiniano
3188 3533 3492 3590 Rinotmito
3522 3536 3834 3602 Cedrinus;
3875 3541 3931 3594 in
3972 3559 4058 3595 re-

2463 3622 2583 3675 ditu
2618 3622 2735 3690 ejus
2771 3623 3341 3694 ohsederantBulgari
3381 3626 3496 3680 vias
3533 3628 3586 3681 in
3621 3641 3863 3698 angusto
3889 3632 4059 3684 clisu-

2463 3713 2852 3780 r:e.Esposuit
2888 3723 2940 3768 ct
2994 3715 3236 3770 restituit
3261 3717 3460 3771 alicubi
3514 3733 3698 3773 vocem
3763 3719 4057 3789 Cojacius.

2459 3807 2873 3879 jurec0osultus
2889 3809 3256 3873 clarissimus,
3277 3810 3580 3866 derivatam
3597 3829 3626 3867 a
3646 3815 3810 3870 verbo
3829 3813 4057 3876 Greco.

2465 3900 2608 3968 quod
2646 3901 2970 3955 occludendi
3001 3903 3463 3971 signiﬁcationem
3518 3905 3702 3960 habet.
3781 3905 4058 3963 isladiuas

2465 4007 2594 4046 vero
2630 3994 2869 4048 clisuras
2900 3993 2986 4048 hic
3021 3994 3334 4065 intelligunt
3369 3996 3556 4064 Turci,
3612 4014 3732 4068 qua:
3766 3999 3820 4052 in
3877 3999 4059 4056 Thra-

2462 4083 2605 4137 ciam
2649 4099 2716 4137 ex
2747 4084 2999 4152 Bulgaria
3038 4086 3374 4153 proiecturis
3417 4087 3471 4140 in
3510 4085 3694 4141 Ha-mo
3725 4101 3927 4143 monte
3961 4107 4057 4146 oc-

2463 4187 2697 4230 currunt
2731 4191 2797 4230 eo
2831 4177 2976 4241 loco,
3002 4192 3112 4245 quo
3150 4194 3353 4247 parvus
3373 4180 3554 4233 amnis
3583 4181 3825 4234 Sladitza
3857 4184 4058 4238 subter

2462 4272 2698 4326 clisuras
2722 4271 2891 4324 H:cmi
2929 4272 3152 4326 labitur.
3197 4270 3331 4325 Nam
3361 4276 3436 4328 uti
3469 4274 3751 4328 Bonlinius
3795 4280 4054 4346 scripsit,

2461 4379 2489 4419 ε
2529 4365 2729 4434 Sophia
2761 4367 2960 4434 duplex
3018 4366 3120 4419 iter
3164 4377 3250 4420 est
3280 4367 3346 4420 ad
3373 4369 3742 4436 superandum
3796 4370 4057 4425 Brennum

2465 4460 2517 4512 in
2545 4457 2836 4514 Thraciam
2861 4469 2913 4512 et
2940 4457 3318 4514 Macedoniam
3353 4462 3635 4516 euntibus.
3669 4461 3826 4517 Unus
3864 4468 3933 4519 ad
3964 4477 4058 4519 tus

2461 4567 2490 4606 a
2517 4551 2757 4618 Trajano
2781 4553 3055 4620 plerisque
3081 4563 3301 4621 putatur
3341 4553 3539 4618 factus,
3581 4555 3671 4608 ubi
3711 4555 4059 4626 adhucqua-

2460 4645 2620 4698 drato
2674 4644 2852 4714 lapide
2900 4656 3055 4713 porta
3105 4648 3344 4699 maxima
3403 4658 3705 4716 spectatur.
3756 4651 3922 4705 Alter
3980 4654 4055 4705 ad

2461 4751 2691 4806 parvum
2721 4749 2806 4791 est
2836 4752 3076 4802 atumem,
3128 4754 3289 4807 quem
3325 4739 3626 4793 Sladilzam
3662 4741 3883 4811 ltulgari
3953 4761 4054 4798 vo—

2459 4839 2604 4881 cant.
2658 4827 2817 4884 Prius
2851 4831 2950 4883 iter
3017 4847 3120 4886 nos
3174 4834 3521 4894 tenebamus,
3569 4833 3621 4886 in
3663 4849 3774 4903 quo
3827 4847 4053 4903 portam

2459 4920 2606 4974 illam
2642 4923 2965 4989 reperimus,
2998 4925 3062 4976 ad
3125 4939 3320 4990 pagum
3360 4925 3703 4993 Ilulgarit-um
3762 4926 3955 4980 sitam.
3990 4931 4056 4983 Et

2460 5011 2641 5065 locum
2679 5014 2823 5066 hunc
2855 5013 3018 5068 Turci
3039 5018 3268 5069 comites
3294 5019 3470 5070 nostri
3513 5017 3884 5073 nominabant
3910 5023 4047 5090 Capi

2461 5102 2718 5168 Derbent,
2745 5105 2846 5158 hoc
2869 5117 2974 5170 est,
3007 5117 3217 5175 portam
3262 5109 3502 5165 faucium
3529 5113 3610 5165 vel
3637 5121 4050 5180 angustiarum.

2461 5196 2608 5249 Alter
2643 5199 2824 5252 aditus
2858 5210 2939 5253 est
2977 5200 3086 5264 ille,
3117 5202 3184 5255 de
3219 5218 3329 5269 quo
3366 5202 3456 5257 hic
3489 5203 3730 5270 agimus,
3765 5218 3818 5260 et
3883 5226 4049 5278 quem

2462 5289 2756 5344 lsladinum
2793 5295 3021 5348 annales
3047 5308 3266 5360 vocant,
3302 5313 3329 5350 a
3368 5295 3605 5352 Sladitza
3634 5300 3892 5358 ﬂuviolo.
3948 5307 4047 5360 Ce-

2459 5382 2653 5438 drinus
2687 5385 2773 5440 hic
2798 5403 3012 5441 amnem
3062 5391 3284 5443 Osmum
3342 5393 3519 5460 ponit,
3575 5409 3741 5462 quem
3801 5401 4051 5454 arbitror

2460 5491 2582 5530 esse
2614 5476 2938 5532 Sladitzam.
2977 5480 3158 5536 Locus
3184 5491 3266 5537 est
3304 5484 3355 5536 in
3384 5484 3490 5538 vita
3514 5484 3869 5544 Constantini
3938 5492 4018 5545 M0

2463 5566 2713 5618 nomachi
2746 5567 2862 5621 sive
2906 5567 3260 5627 Gladiatoris.
3299 5572 3570 5629 Basilina:
3632 5594 3833 5638 nomen
3904 5587 4045 5650 apud

2460 5653 2788 5722 Laonicum,
2825 5660 2878 5713 in
2909 5664 3250 5731 expositione
3278 5667 3450 5723 cladis
3479 5670 3642 5738 hujus
3697 5673 4040 5738 Turcorum,

2461 5748 2657 5804 vitiose
2681 5753 2946 5822 scriptum
2982 5756 3070 5809 vix
3127 5757 3366 5825 dubito;
3435 5763 3563 5818 licet
3629 5781 3735 5819 non
3787 5766 4038 5836 ignorem

2462 5842 2597 5900 velle
2632 5842 2964 5913 chl‘raeum,
3023 5847 3312 5907 Basilitzcu
3363 5869 3506 5914 novo
3564 5861 3834 5916 vocabulo
3907 5875 4040 5915 uiuae
