4198 6426
168 351 275 415 805

1329 356 1372 415 P
1386 351 1730 419 ANDECTE
1772 355 1974 417 HIST.
2012 350 2322 416 TURCIC.

3334 350 3440 420 806

170 472 413 528 Haemum
437 470 568 539 dici;
591 473 749 544 cujus
768 473 1048 544 Opinionis
1068 487 1237 545 penes
1257 473 1433 545 ipsum
1452 475 1584 531 fides
1608 486 1749 532 esto.
1778 476 1830 538 Δ
1855 474 2014 544 cujus
2048 475 2197 529 exitu
2226 473 2475 544 plerique
2504 468 2603 525 viri
2633 468 2905 539 sapientes
2938 469 3079 524 male
3121 479 3253 527 tunc
3275 475 3440 531 etiam

170 570 294 627 108.
345 568 596 642 Georgius
648 570 1259 696 despotaium‘Lararo
1286 572 1400 641 ﬁlio
1448 576 1725 629 restitutus

804 659 837 696 a
928 658 1025 695 ora
1056 659 1101 696 ε.

804 659 837 697 a
868 658 1101 697 uorate.

237 733 548 804 Lazarogli,
580 735 694 790 sive
728 733 1043 802 Lazarides,
1072 736 1342 809 Georgius
1405 740 1618 795 scilicet
1649 740 1742 795 de-

168 837 346 896 spota,
383 838 503 897 post
537 829 769 896 primam
806 829 949 885 hanc
1017 831 1427 901 expeditionem
1478 831 1745 888 Vladislai

172 921 338 990 regis,
376 919 429 973 in
461 922 694 989 gratiam
736 922 965 978 rediisse
994 937 1118 978 cum
1154 923 1365 980 Morate
1396 925 1632 980 traditur
1661 925 1749 981 hic

168 1014 222 1066 in
265 1013 578 1075 annalibus.
610 1013 751 1068 idem
785 1012 1029 1070 Laonico
1087 1013 1399 1082 referente;
1459 1017 1553 1073 sed
1596 1017 1752 1073 addit

168 1107 279 1173 hic,
313 1106 488 1164 fuisse
546 1114 678 1164 tunc
736 1110 1061 1165 restitutum
1114 1124 1239 1166 cum
1291 1119 1447 1181 patre
1514 1109 1749 1182 Georgio

161 1198 431 1255 Lazarum
458 1214 678 1270 quoque
707 1201 977 1258 minorem
1010 1212 1138 1259 natu
1166 1202 1361 1267 illium,
1406 1218 1530 1257 cum
1559 1202 1747 1257 tributi

170 1293 469 1363 quotannis
533 1292 784 1349 solvendi
841 1308 1034 1358 onere,
1088 1294 1234 1365 quod
1294 1302 1415 1350 erat
1464 1292 1749 1349 definitum

168 1395 326 1457 parte
352 1384 578 1441 dimidia
612 1371 887 1441 redituum
908 1386 1076 1442 totius
1102 1383 1354 1442 Serviani
1405 1387 1749 1457 despotatus.

168 1479 311 1534 Hinc
337 1492 466 1549 ergo
491 1478 708 1534 Coreus
742 1477 1070 1534 Sileslorum
1103 1477 1565 1549 chronographus
1597 1477 1747 1534 refu-

167 1581 340 1637 tatur,
375 1571 465 1641 qui
500 1571 745 1642 scripsit,
771 1568 1068 1641 Georgium
1100 1577 1225 1641 post
1251 1570 1462 1627 cladem
1504 1569 1751 1626 Varnen-

164 1678 280 1718 sem
345 1662 595 1718 Amuratl
663 1661 1105 1727 reconciliatum,
1173 1676 1273 1717 sua
1331 1675 1692 1730 recuperasse
1727 1701 1742 1727 ,

164 1754 273 1811 hoc
303 1764 407 1820 est,
435 1769 582 1809 anno
610 1762 735 1824 post
775 1757 917 1820 hanc
937 1752 1195 1809 Vladislai
1225 1753 1510 1808 victoriam
1549 1752 1745 1808 tertio:

1859 565 2267 622 ominabantur.
2301 563 2517 635 Quippe
2550 560 2795 616 Muratcs
2824 561 2962 616 bona
3001 561 3105 617 fide
3162 565 3433 631 praestite-

1859 670 1965 725 rat,
2018 675 2361 729 qutecunque
2400 669 2601 715 mutuae
2648 656 2797 727 pacis
2836 658 3035 713 tabulis
3065 658 3129 713 ad
3181 674 3241 714 se
3274 660 3444 729 perti-

1861 755 2045 808 nentia
2076 750 2524 812 continebantur.
2584 759 2638 805 ct
2704 750 3071 818 praestitnruin
3126 765 3184 806 se
3260 753 3441 808 fuerat

1859 845 2163 917 pollicitus,
2198 843 2330 897 nihil
2374 842 2553 897 minos
2578 841 2695 896 fore
2724 841 2949 906 veritus,
2986 858 3149 911 quam
3188 844 3433 899 utChri-

1862 940 2077 995 silanus
2146 952 2262 1001 rex,
2329 943 2493 991 tanta:
2530 933 2745 989 virtutis
2781 950 2844 990 ac
2868 933 3011 999 fidei,
3048 933 3439 991 cutniiuniatle

1868 1031 2190 1101 ceterisque
2221 1028 2608 1102 prtesomtibus
2642 1028 2789 1091 viris,
2827 1038 2932 1082 tam
2962 1027 3146 1083 infami
3199 1029 3440 1099 perfidiae

1858 1126 2064 1182 scelere
2088 1134 2262 1180 semet
2307 1122 2698 1189 obstringeret.
2734 1121 2835 1175 Sed
2874 1121 3018 1175 enim
3069 1122 3333 1177 lectorem
3369 1123 3435 1179 ad

1858 1234 1955 1275 eos
1978 1233 2118 1287 quos
2131 1217 2265 1286 dixi,
2291 1216 2686 1273 Callimachum
2712 1215 3013 1285 praesertim
3037 1229 3101 1271 ac
3125 1214 3435 1273 Boniinium

1856 1311 2094 1369 remitto.

2030 1402 2151 1457 iii.
2190 1400 2419 1465 Matera,
2448 1400 2653 1468 Schuli,
2689 1400 2952 1472 Nigeboli,
3014 1401 3260 1458 Burwad.

1938 1498 2043 1552 Pro
2082 1495 2287 1553 Matera
2318 1494 2690 1551 Callimachus
2712 1505 2765 1549 et
2814 1494 3101 1551 Bontluius
3151 1497 3441 1553 nominant

1859 1588 2209 1653 Pezechium,
2262 1604 2362 1658 pro
2424 1585 2651 1643 Schuiio
2715 1584 3086 1644 Callimachus
3160 1587 3436 1655 Sumium,

1860 1677 2142 1734 Bonilnios
2164 1678 2419 1741 Sunium,
2450 1695 2571 1747 quae
2631 1679 2787 1734 Solio
2840 1678 3174 1748 respondere
3204 1682 3440 1737 arbitror

1860 1771 2096 1825 molliori
2130 1770 2579 1839 pronuntiatione
2634 1771 2948 1841 verioriqoe
2971 1771 3268 1840 scriptura.
3296 1772 3438 1828 Bon-

165 1866 293 1904 com
322 1849 548 1905 omnino
566 1856 803 1914 constet,
827 1856 954 1903 ante
989 1845 1325 1903 Varnensem
1340 1847 1742 1918 expeditionem

1857 1864 1986 1919 iinio
2020 1862 2345 1932 Macrapoiis
2378 1862 2543 1918 etiam
2602 1862 2893 1929 recitatur,
2946 1877 3067 1935 quae
3120 1863 3322 1921 Matera
3369 1866 3441 1923 sit

165 1943 457 1997 invitatum
500 1954 528 1995 a
558 1939 831 1995 Vladislao
863 1954 990 2009 rege
1015 1940 1299 2009 despotam
1374 1940 1441 1994 ad
1470 1939 1593 1994 belli
1613 1954 1745 1995 con-

164 2049 251 2091 tra
279 2034 542 2089 Muratem
572 2032 911 2103 suscipiendi
942 2033 1287 2096 societatem,
1316 2030 1369 2087 id
1408 2031 1557 2087 nullo
1581 2032 1745 2088 modo

164 2129 349 2183 facere
382 2126 642 2191 voluisse,
680 2140 977 2196 regemque
1014 2140 1138 2181 cum
1172 2122 1419 2181 Huniade
1457 2136 1749 2196 propterea

160 2221 272 2277 sibi
318 2219 621 2274 reddidisse
654 2217 934 2274 infestum.
972 2218 1164 2288 Capita
1234 2219 1386 2290 pacis
1412 2218 1557 2276 inter
1614 2217 1747 2274 Vla-

164 2316 402 2369 dislaum
446 2322 501 2368 et
524 2311 813 2377 Muratem,
846 2320 971 2381 post
1000 2327 1175 2368 caesos
1206 2312 1274 2367 ad
1324 2313 1595 2370 lsladinas
1632 2311 1751 2368 fau-

162 2426 259 2464 crs
284 2407 516 2471 Turcos,
549 2404 694 2477 apud
740 2403 1066 2472 Laonicum,
1128 2405 1438 2461 Bouilnium
1503 2414 1559 2462 et
1611 2405 1749 2461 alios

160 2502 441 2573 leguntur.

385 2614 507 2670 109.
534 2612 748 2668 Chelilis
786 2612 952 2667 bona:
1006 2628 1191 2666 nonum
1211 2624 1535 2684 corruptum.

237 2708 532 2777 Attigimns
568 2712 633 2762 de
664 2708 767 2760 hoc
801 2707 1050 2776 quaedam
1076 2719 1304 2759 numero
1368 2716 1620 2761 notarum
1647 2706 1741 2773 29,

162 2810 219 2855 et
248 2815 467 2854 rursum
517 2798 605 2854 9i.
638 2798 794 2867 Apud
825 2798 1031 2853 editum
1064 2808 1212 2852 certe
1270 2794 1571 2851 Laonicum
1633 2806 1744 2852 tam

167 2894 266 2948 ﬁlii
296 2891 543 2958 Chelilis,
584 2906 747 2957 quam
829 2888 1002 2957 patris
1046 2888 1295 2943 lhraimis
1361 2891 1449 2943 hic
1488 2900 1747 2961 corrupta

169 2992 424 3055 teguntur
457 2984 698 3039 nomina.
734 2984 873 3040 Sunt
911 2982 1057 3038 enim
1093 2985 1207 3039 inec
1237 2983 1356 3053 ejus
1378 2987 1540 3038 verba
1573 3000 1587 3039 :
1644 2982 1748 3041 Po-

168 3082 400 3136 tentiam
431 3079 724 3133 maximam
759 3079 976 3132 tencbat
1005 3074 1250 3132 Chatites
1316 3076 1521 3131 Priami
1582 3077 1744 3141 illius,

168 3190 282 3245 quo
306 3176 359 3229 in
383 3173 575 3228 Januis
598 3172 739 3240 regis
761 3171 842 3225 vir
861 3171 1183 3240 prudentior
1204 3188 1309 3226 non
1334 3182 1472 3228 erat.
1505 3172 1746 3228 Primum
1778 3194 1823 3255 ο

170 3270 226 3322 in
263 3266 349 3320 his
373 3265 639 3329 Chatites,
672 3265 992 3318 mutandum
1030 3264 1083 3318 in
1116 3265 1386 3331 Chaliles,
1419 3275 1473 3319 et
1504 3265 1755 3321 Priamus

167 3362 224 3414 in
259 3360 536 3413 Praimem
580 3357 659 3412 vel
710 3355 1081 3427 Mpraimem:
1158 3358 1360 3428 quibus
1412 3359 1611 3413 litteris
1668 3357 1756 3428 Mp

166 3452 350 3508 Graeci
382 3460 627 3507 nostrum
658 3449 698 3502 Β
728 3458 1000 3504 conantur
1052 3453 1382 3520 exprimere,
1447 3452 1608 3506 sicuti
1631 3467 1753 3520 cap.

168 3547 233 3601 9i
275 3546 481 3599 dictum
518 3561 532 3599 :
572 3558 797 3613 prorsus
834 3553 895 3596 ut
929 3542 1223 3611 Mpraimes
1290 3544 1361 3597 sit
1426 3543 1607 3598 Braim
1671 3546 1757 3598 vel

170 3637 396 3691 lbiaini.
429 3634 711 3689 Ceufraeus
740 3634 906 3689 etiam
936 3649 1136 3688 nomen
1167 3635 1287 3704 ejus
1347 3636 1615 3706 corrupit,
1668 3638 1755 3691 cui

166 3731 344 3798 Chaiy
379 3730 547 3783 bacha
577 3727 861 3795 scribitur,
902 3737 956 3782 et
989 3726 1121 3799 Haiy
1173 3729 1368 3792 bacha,
1422 3746 1521 3799 pro
1582 3730 1755 3784 Chalii

168 3824 254 3878 vel
280 3822 455 3876 Chelil
486 3824 666 3876 hassa.
696 3820 936 3875 Laonico
968 3835 1097 3876 sane
1149 3821 1415 3883 Cbaliles,
1468 3829 1522 3875 et
1577 3820 1749 3887 Alies,

168 3916 258 3968 vel
298 3913 482 3968 ilaiies
510 3910 845 3983 (qoiTurcis
882 3912 1017 3981 Ali),
1072 3913 1282 3965 diversa
1321 3913 1544 3966 nomina
1604 3920 1752 3966 sunt.

170 4030 307 4087 ΗΟ.
338 4026 620 4097 Eapeditio
645 4024 879 4079 secunda
915 4023 1177 4097 Vlardislai
1209 4025 1365 4094 regis,
1391 4037 1500 4092 post
1534 4024 1755 4079 violatas

665 4096 971 4151 decennale;
1004 4096 1261 4150 inducias.

242 4192 452 4249 Causas
483 4190 847 4260 expeditionis
876 4190 1133 4243 secundae
1184 4186 1451 4243 Vladislai
1492 4191 1633 4260 regis
1661 4206 1757 4244 an-

168 4296 326 4339 nates
357 4283 410 4336 lii
471 4280 775 4336 Turcorum
845 4296 950 4334 non
1007 4290 1400 4348 exposuerunt,
1464 4283 1556 4335 sed
1612 4282 1755 4350 apud

168 4384 421 4439 nostros,
440 4372 762 4433 Laonicum,
791 4370 1213 4435 Callimachum,
1242 4370 1574 4437 Boniiniom,
1602 4373 1755 4439 plene

164 4473 636 4519 commemoratae
688 4461 947 4531 legimus.
984 4458 1419 4520 'l‘raduntenim,
1452 4458 1753 4528 Eugenium

1855 1972 2029 2013 necne
2045 1959 2263 2012 videant
2283 1956 2397 2011 alii.
2417 1953 2478 2009 Vi
2498 1956 2717 2025 quidem
2739 1969 2895 2027 capta
2920 1956 3093 2014 fuisse
3112 1957 3436 2015 Pezechium

1861 2061 1915 2106 et
1950 2049 2187 2113 Solium,
2213 2048 2440 2103 annales
2472 2048 2729 2113 iunuunt,
2786 2050 3155 2107 Callimachus
3190 2062 3246 2109 et
3295 2053 3435 2108 Boll-

1856 2144 2022 2198 ilnius
2047 2141 2357 2207 aﬂirmant;
2393 2157 2628 2209 eumque
2664 2144 2903 2199 neminis
2937 2147 3063 2199 vitae
3098 2156 3435 2215 parceretur,

1856 2236 2147 2291 interiecta
2168 2235 2474 2290 Turcorum
2504 2234 2700 2290 ibidem
2718 2235 2966 2307 quinque
2989 2237 3156 2292 millia
3182 2240 3434 2308 periisse.

1858 2327 2163 2399 Nigebolim
2189 2342 2353 2399 supra
2382 2329 2619 2385 diximus
2643 2328 2827 2397 capite
2858 2341 3109 2385 notarum
3153 2330 3214 2385 5i
3242 2328 3438 2388 Turcis

1858 2437 1978 2479 esse
2012 2424 2237 2488 dictam,
2265 2437 2426 2493 quam
2462 2436 2563 2477 nos
2596 2435 2861 2477 vocamus
2895 2420 3226 2493 Nicepolim.
3263 2424 3439 2480 Boru-

1857 2515 2051 2570 vadam
2114 2514 2341 2570 annales
2405 2523 2726 2583 occupatam
2785 2515 3098 2584 praesidium
3158 2519 3439 2587 accepisse

1859 2619 2109 2666 narrant.
2138 2610 2278 2681 Ergo
2311 2610 2400 2664 illa
2436 2618 2630 2679 sponte
2666 2624 2725 2664 se
2786 2609 3019 2675 dedidit,
3075 2627 3176 2667 nec
3224 2622 3435 2668 vastata

1860 2703 1984 2759 fuit.
2024 2701 2179 2758 Unde
2205 2704 2485 2771 colligitur
2512 2718 2540 2756 a
2585 2700 2780 2755 Turcis
2830 2701 3173 2757 Buruvadam
3228 2706 3434 2771 vocari,

1858 2813 2024 2867 quam
2055 2797 2425 2853 Callimachus
2455 2794 2784 2860 Tavarnam,
2810 2794 3091 2850 Bouilnius
3128 2798 3435 2853 Cavarnatn

1856 2890 2011 2945 dixit.
2043 2889 2192 2945 ilanc
2226 2890 2369 2943 enim
2404 2888 2546 2943 ultro
2600 2889 2931 2943 deditionem
2976 2888 3171 2944 fecisse
3196 2907 3439 2947 comme-

1857 2991 2097 3047 morant,
2129 2983 2379 3053 exemplo
2408 2980 2661 3037 Pezecbii
2698 2980 2950 3051 Sulilque
2983 2984 3254 3037 territam.

1866 3097 1993 3154 Hi.
2022 3098 2252 3153 Diversa:
2282 3097 2343 3149 de
2375 3097 2543 3149 altera
2585 3095 2813 3167 Muralis
2838 3097 2890 3148 in
2924 3095 3189 3166 Europam
3210 3098 3438 3167 transfe-

2181 3169 2349 3222 ctione
2386 3183 2503 3220 cum
2533 3166 2765 3221 exercitu
2812 3166 3104 3232 opiniones.

1933 3263 2177 3317 Diximus
2210 3276 2399 3329 supra,
2429 3273 2662 3313 numero
2727 3268 2985 3313 notarum
3009 3260 3098 3324 89,
3167 3259 3431 3317 Moralem

1858 3355 1999 3411 bello
2054 3365 2241 3410 contra
2284 3352 2629 3422 Mustapham
2708 3353 3117 3422 supposititium
3179 3355 3433 3418 fratrem.

1858 3445 2227 3501 Genuensium
2261 3444 2626 3515 quorumdam
2658 3459 2848 3514 opera,
2883 3457 3170 3499 numerato
3202 3447 3284 3501 his
3320 3461 3433 3501 ma-

1860 3540 2008 3591 ximo
2057 3539 2251 3608 pretio,
2304 3546 2453 3592 trans
2500 3534 2908 3605 Hellespontum
2966 3538 3279 3605 pervenisse
3310 3555 3434 3593 cum

1861 3631 2033 3701 cupiis
2071 3649 2082 3685 :
2117 3632 2280 3700 idque
2328 3645 2514 3685 verum
2542 3644 2684 3695 esse,
2717 3629 3035 3685 testimonio
3076 3629 3300 3684 Laonici
3336 3633 3434 3685 do-

1859 3726 2100 3780 cuimus.
2138 3726 2179 3776 A
2206 3724 2404 3792 quibus
2438 3734 2618 3777 autem
2658 3724 2760 3777 hoc
2795 3723 2941 3777 bello
2983 3735 3172 3777 centra
3212 3723 3429 3780 Vladis-

1858 3818 2001 3872 latim
2036 3816 2287 3886 Ungariae
2315 3832 2522 3883 regem,
2551 3814 2777 3869 Muratis
2831 3815 3109 3870 exercitus
3147 3818 3199 3869 in
3259 3816 3433 3870 Euro-

1862 3926 1981 3979 pam
2012 3918 2358 3963 transvectus
2389 3907 2574 3969 fuerit,
2597 3908 2848 3977 equidem
2915 3908 3183 3961 hactenus
3229 3909 3433 3961 intelli-

1858 4016 1984 4071 gere
2017 4016 2122 4053 non
2158 3999 2332 4067 potui.
2358 3997 2474 4053 Non
2517 4013 2681 4054 ausos
2712 3997 2765 4050 id
2793 4006 2922 4051 tunc
2961 3998 3143 4051 facere
3174 3997 3433 4051 Genuen-

1857 4108 1966 4157 ses,
1999 4090 2155 4145 facile
2187 4091 2537 4154 crediderim,
2599 4098 2821 4159 propter
2853 4088 3021 4143 Italia:
3082 4091 3252 4143 totius
3298 4106 3428 4144 con-

1859 4199 2081 4237 sensum
2116 4199 2124 4229 ·.
2163 4197 2283 4249 qua:
2309 4182 2542 4234 maxima
2576 4180 2882 4235 Turcorum
2942 4197 3009 4235 ex
3041 4182 3252 4250 Europa
3316 4184 3431 4251 pel-

1861 4276 2145 4329 lendorum
2183 4288 2245 4329 ac
2295 4274 2558 4329 radicitus
2587 4274 3066 4342 exStirpandorum
3115 4290 3208 4343 spe
3236 4293 3434 4331 conce-

1860 4380 1970 4436 pta,
2012 4368 2245 4421 classem
2310 4367 2375 4420 ad
2430 4366 2718 4434 angustias
2766 4365 3101 4435 Hellesponti
3157 4371 3429 4425 miSt'l‘alI

1859 4475 1966 4527 qua
2000 4458 2238 4511 fatentur
2301 4459 2398 4525 ipsi
2459 4457 2764 4513 Turcorum
2828 4462 3057 4513 annales
3108 4461 3429 4529 impeditum

167 4566 435 4624 quartum
473 4552 813 4621 pontiiicem,
859 4552 947 4604 ubi
984 4549 1315 4603 decennales
1376 4550 1635 4603 Moralem
1666 4552 1747 4604 in-
1782 4549 1823 4606 D
1857 4548 2026 4603 fuisse
2051 4548 2333 4611 Moralem,
2383 4549 2681 4617 quominus
2713 4549 2766 4601 in
2803 4547 3079 4618 Europam
3108 4553 3430 4620 transjicere

168 4652 376 4702 ductas
403 4662 523 4701 cum
558 4645 831 4700 Vladislao
861 4659 985 4711 rege
1020 4652 1236 4712 puclltln
1260 4644 1557 4713 accepisset
1586 4662 1602 4709 ;
1629 4654 1749 4697 tan-

166 4752 289 4793 tuin
319 4753 484 4806 opera
524 4734 729 4789 Joliani
758 4733 1058 4789 cardinaiis
1104 4732 1371 4786 C:esarini
1426 4734 1583 4800 legati
1614 4748 1641 4783 a
1674 4734 1751 4786 la-

168 4846 313 4897 tere,
348 4830 492 4899 apud
524 4832 779 4899 juvenem
803 4839 857 4881 et
886 4828 1104 4880 avidum
1160 4827 1346 4894 gloriae
1396 4841 1595 4893 regem,
1657 4826 1752 4880 ad-

166 4924 522 4979 versantibus
552 4923 770 4975 interim
829 4921 1041 4989 magnis
1085 4920 1353 4989 viris,qui
1427 4920 1747 4987 religionem

164 5017 322 5088 pacis
355 5030 419 5069 ac
452 5013 693 5076 foederis,
718 5014 1211 5066 intervenientibus
1271 5013 1747 5080 sanctissitnisjo-

165 5108 470 5178 t‘isjorandi
499 5105 661 5176 ΜΟ
714 5106 953 5159 vinculis
996 5106 1117 5171 icti,
1182 5105 1405 5157 minimc
1430 5104 1745 5158 violandam

163 5211 508 5263 assererem,
537 5202 792 5267 perlicere
827 5198 1072 5265 potuisse
1106 5214 1121 5262 ;
1153 5197 1369 5249 tandem
1434 5206 1493 5249 ot
1548 5205 1745 5250 aucto-

164 5300 335 5351 ritate
366 5292 638 5361 pontilicia
667 5289 918 5344 rescissis
966 5288 1307 5341 induetarum
1342 5287 1536 5357 pactis,
1594 5302 1746 5343 arma

168 5394 370 5438 contra
419 5380 682 5434 Moratum
745 5394 937 5433 rursus
998 5378 1263 5445 capienda
1332 5381 1740 5435 decerneretur.

162 5478 365 5532 Aiebat
391 5477 534 5528 enim
567 5470 831 5541 pontifex,
892 5471 1083 5523 initam
1121 5485 1242 5524 cum
1306 5470 1617 5523 infidelibus
1646 5488 1741 5538 pa-

164 5585 312 5632 ient,
344 5582 452 5620 non
475 5565 725 5619 consulta
749 5564 900 5632 ptius
937 5562 1233 5630 apostolica
1294 5564 1421 5614 sede
1447 5572 1618 5616 ratam
1648 5564 1743 5615 ha-

164 5663 283 5717 beri
318 5674 426 5713 non
471 5674 629 5726 posse
661 5675 675 5723 ;
707 5657 1008 5725 praesertim
1061 5654 1203 5721 quod
1236 5670 1300 5707 ea
1362 5657 1640 5708 videretur
1688 5661 1739 5708 in

163 5754 465 5823 perniciem
502 5767 565 5804 ac
618 5751 1002 5805 dett'innzntom
1039 5748 1353 5815 reipublicm
1412 5748 1743 5801 Christiana:

161 5850 331 5903 facta.
362 5846 453 5902 Sic
484 5845 918 5914 redintegratum
985 5854 1190 5899 temere
1223 5842 1327 5897 fuit
1382 5843 1605 5911 bellum,
1673 5844 1739 5899 de

1856 4656 1978 4694 cum
2011 4642 2127 4695 suis
2152 4656 2244 4705 per
2286 4639 2697 4709 Hellespontum
2743 4651 2946 4711 posst't.
2997 4641 3105 4696 Nec
3172 4645 3431 4698 dissimu-

1858 4732 2074 4787 laturus
2134 4734 2267 4787 tanti
2335 4734 2562 4787 sceleris
2621 4746 2882 4788 auctores
2940 4746 3059 4789 erat
3132 4736 3429 4791 cardinalis

1855 4820 2232 4883 Florentinds,
2262 4821 2460 4877 italica:
2504 4823 2700 4877 classis
2770 4828 3103 4893 prmleclus:
3159 4827 3427 4896 siquidem

1854 4916 1999 4969 illius
2027 4916 2214 4971 ailiues
2269 4932 2389 4972 esse
2430 4916 2604 4985 culpa:
2675 4919 2991 4973 Cannenses
3051 4923 3427 4976 constitisset:

1856 5011 2041 5064 minus
2065 5011 2145 5063 eis
2171 5025 2434 5079 parsurus
2460 5009 2758 5081 Eugenius,
2797 5028 2932 5081 papa
2994 5012 3250 5077 Venetos,
3304 5018 3426 5070 exi-

1857 5103 2339 5159 tialiGenuatibus
2364 5105 2492 5159 odio
2543 5120 2665 5160 cum
2700 5108 2822 5161 aliis
2891 5104 3112 5161 Venetis
3173 5107 3424 5163 infestus.

1853 5195 2130 5248 Duutaxat
2158 5197 2208 5248 in
2235 5196 2427 5251 litteris
2451 5197 2834 5267 suis,quarom
2858 5196 3138 5253 Bonﬁnius
3158 5201 3425 5265 meminit,

1851 5286 2117 5343 Moratum
2197 5290 2491 5344 cardiualis
2542 5291 2731 5344 scribit
2792 5291 2964 5343 elusis
3009 5301 3126 5345 astu
3184 5294 3266 5344 vel
3324 5293 3428 5344 lar-

1852 5382 2056 5449 gitionc
2096 5384 2530 5452 speculatoribus
2574 5383 2639 5435 ad
2693 5382 3038 5451 CalliOpolitn
3083 5384 3424 5453 tranjccisse.

1854 5476 1983 5537 Quae
2021 5476 2179 5527 verba
2208 5490 2447 5542 quonam
2513 5476 2673 5525 modo
2725 5489 2849 5526 cum
2911 5474 3096 5527 verbis
3138 5476 3419 5527 annalium

1853 5564 2197 5620 concilianda
2223 5566 2351 5627 sint,
2383 5575 2475 5618 aut
2503 5564 2663 5617 aliter
2708 5564 2937 5633 intelligi
2974 5566 3205 5632 possint,
3257 5581 3422 5633 quam

1852 5677 1975 5711 rum
2008 5660 2181 5726 ipsius
2208 5658 2506 5711 cardiualis
2538 5657 2861 5726 ignominia,
2896 5659 3236 5726 negligentim
3256 5669 3429 5713 semrt

1849 5749 2151 5816 arguentis,
2181 5750 2432 5817 equidem
2466 5766 2572 5803 non
2642 5749 2819 5803 video.
2850 5750 2957 5802 Cur
3005 5751 3150 5801 enim
3219 5747 3425 5802 italicae

1850 5842 2009 5899 classi
2046 5842 2336 5909 praefectus
2387 5858 2493 5898 non
2556 5844 2904 5913 impediebat,
2972 5844 3265 5913 quominus
3342 5841 3424 5895 vel
