4198 6426
780 356 885 420 8οτ

2010 356 2336 420 IOANN'IS
2375 355 2842 418 LEUNCIAVII
3950 356 4040 418 808

783 471 1242 541 adCalliopolim,
1300 471 1382 524 \‘el
1425 471 1590 526 alium
1627 471 1958 540 Hellesponti
2018 476 2201 529 locum
2277 474 2439 534 illeA
2473 472 2694 528 Achelo.
2765 472 2996 524 Barbam
3043 469 3291 523 scribunt
3351 470 3812 540 (lbaleorondylis
3872 470 4035 524 inter-

785 563 1170 629 traiisjiccret?
1203 579 1300 615 cur
1336 563 1465 617 inse
1518 564 1735 631 culpam
1769 563 1932 617 tacite
1955 564 2209 618 confert?
2260 581 2358 618 cur

783 658 1086 711 oscitantia:
1111 657 1466 724 semetipsum
1489 667 1712 710 accusat
1735 656 1871 716 ?.',Ait
1903 658 2074 721 enim,
2130 659 2196 712 ad
2232 659 2356 711 Cal~

785 749 1024 816 liopolini
1058 749 1431 804 transmisisse
1468 747 1757 812 Murateni,
1821 761 1850 802 a
1881 763 1991 818 quo
2056 751 2353 818 transiet-tu

787 841 901 907 ipse
928 839 1191 894 Moralem
1247 856 1437 895 arcere
1492 841 1686 910 jussus
1745 843 1940 895 fuerat.
1993 839 2071 895 Es
2122 843 2356 897 adverso

783 935 1031 987 scribunt
1064 933 1252 998 Turci,
1282 935 1512 989 classem
1570 934 1814 988 Italicam
1865 936 1917 988 in
1949 945 2192 1006 tempore
2217 935 2357 990 Cal-

781 1027 1024 1091 li0polim
1051 1027 1347 1095 appulisse,
1391 1027 1765 1095 Muratemqne
1798 1028 2171 1096 praepediisse,
2219 1043 2358 1095 quo-

784 1120 969 1173 minus
1022 1119 1134 1174 illic
1191 1121 1566 1174 transmittere
1620 1123 1878 1188 potuerit.
1945 1119 2246 1174 Audiamus
2300 1131 2355 1174 et

783 1207 1108 1273 Laonicum.
1140 1214 1233 1280 qui
1262 1228 1356 1280 per
1385 1212 1556 1265 otium
1612 1211 1890 1282 trajecisse
1915 1211 2182 1266 Muratem
2229 1227 2355 1265 nar-

783 1312 887 1364 rat,
926 1317 1047 1355 cum
1079 1305 1307 1355 adverso
1336 1310 1493 1354 vento
1515 1301 1710 1356 diebus
1728 1302 1938 1372 aliquot
1967 1302 2221 1368 durante,
2255 1303 2356 1356 itii-

778 1395 1094 1462 pedirentttr
1125 1395 1263 1457 Itali,
1297 1396 1593 1464 quominus
1621 1409 1685 1450 es
1725 1396 2062 1463 Propontide
2117 1398 2170 1450 in
2228 1395 2353 1448 ilel-

777 1485 1086 1554 lespontunt
1119 1497 1312 1542 contra
1347 1487 1610 1542 Murstem
1649 1490 1836 1543 venire
1866 1499 2108 1558 possent.
2138 1489 2351 1542 Interea

777 1593 904 1630 vero
929 1577 1191 1630 Muralctn
1221 1580 1286 1631 ad
1328 1579 1522 1632 turrim
1561 1594 1798 1642 sacram,
1838 1594 1958 1648 quis
1987 1580 2040 1632 in
2102 1579 2348 1634 Asiatico

776 1670 955 1724 littore
987 1672 1088 1724 sita
1113 1674 1182 1725 sit
1203 1671 1270 1725 ad
1300 1672 1748 1737 augustissimum
1789 1673 1841 1726 in
1876 1674 2209 1742 Propontide
2271 1673 2351 1726 lo-

775 1781 923 1826 cum,
963 1765 1355 1820 transmisisse.
1391 1763 1630 1820 Escusat
1653 1768 1741 1822 hic
1763 1783 1982 1836 quoque
2011 1767 2346 1823 cardinalem

774 1857 966 1910 classis
997 1856 1336 1926 praefectum,
1360 1867 1414 1910 et
1441 1857 1532 1910 ubi
1592 1858 1960 1925 trattsjccerit,
1999 1872 2098 1912 sua
2128 1857 2347 1925 quidem

774 1950 1050 2016 opinione,
1072 1947 1332 2015 Murates,
1361 1949 1594 2014 indicat,
1629 1951 1732 2005 nisi
1761 1949 1909 2019 quod
1965 1965 2061 2019 per
2106 1965 2351 2005 errorem

774 2043 967 2097 scribit
1002 2044 1296 2113 interpres,
1334 2044 1540 2100 iactum
1575 2045 1679 2100 hoc
1710 2046 1774 2099 ad
1809 2047 2262 2115 angustissimum
2295 2047 2350 2098 in

775 2137 1103 2205 i’rOpontide
1133 2139 1312 2192 locum
1348 2157 1361 2192 :
1403 2155 1500 2207 pro
1523 2155 1658 2208 quo,
1689 2141 1741 2193 in
1781 2139 2166 2208 Hellesponto,
2204 2141 2351 2196 dice-

776 2243 834 2282 re
864 2229 1114 2285 debebat.
1137 2229 1454 2298 Bosphoros
1483 2233 1629 2284 enim
1659 2234 1950 2301 angustias
1986 2233 2168 2299 habet,
2200 2249 2348 2288 com-

777 2320 966 2375 modas
992 2321 1058 2374 ad
1101 2323 1592 2390 transiiciemluni;
1640 2324 1942 2393 PrOpontis
1980 2341 2112 2381 vero
2147 2328 2349 2393 nullas,

778 2412 1006 2480 nisiqua
1040 2413 1091 2466 iit
1125 2411 1370 2482 .‘Egarum
1409 2429 1561 2469 mare
1601 2431 1694 2485 per
1728 2415 2142 2488 Hellespontum
2170 2436 2352 2476 erum-

778 2520 934 2572 pens,
965 2522 994 2557 a
1031 2504 1318 2574 Calliopoli
1351 2522 1524 2576 usque
1557 2510 1622 2562 ad
1650 2523 1827 2574 arces,
1861 2525 2001 2579 quas
2051 2510 2350 2568 Dardanel-

778 2602 858 2654 los
893 2613 1112 2666 vocant,
1135 2601 1312 2671 spatio
1347 2603 1532 2672 viginti
1558 2615 1764 2674 septem
1796 2606 2140 2673 milliarium,
2181 2608 2236 2660 in
2265 2621 2350 2660 ai-

776 2701 887 2744 tum
907 2693 1144 2761 cogitur,
1177 2703 1237 2746 ut
1266 2703 1427 2748 antea
1459 2696 1634 2765 capite
1692 2707 1954 2752 notarum
1982 2697 2052 2751 24
2083 2698 2348 2754 diximus.

777 2785 834 2837 In
867 2786 966 2838 hac
997 2801 1127 2854 ergo
1167 2789 1544 2842 narrationum
1587 2787 1906 2846 diversitate
1962 2793 2096 2846 nihil
2129 2793 2351 2848 invenio

776 2879 1132 2946 probabilius,
1162 2897 1326 2950 quam
1396 2883 1542 2951 quod
1586 2885 1883 2940 annalibus
1939 2885 2024 2941 his
2068 2888 2351 2942 memoriae

777 2971 1028 3037 proditur
1065 2991 1078 3025 :
1115 2972 1383 3029 Muratem
1427 2975 1638 3030 scilicet
1662 2976 1732 3030 ab
1761 2976 1912 3033 Italis
1939 2978 2257 3047 impeditum
2281 2981 2348 3034 ad

771 3062 1136 3133 Calliopolim,
1166 3082 1228 3120 ea
1266 3066 1484 3126 relicta.
1513 3084 1730 3123 sursum
1758 3069 1888 3140 (non
1925 3074 2205 3132 deorsum.
2256 3074 2346 3126 tibi

772 3155 937 3208 situm
969 3169 1087 3210 erat
1115 3159 1247 3213 illud
1291 3158 1476 3214 Diana:
1541 3162 1726 3214 ianum
1788 3166 1869 3216 vel
1925 3165 2142 3228 hieron,
2199 3159 2415 3234 quodC

774 3247 914 3299 male
941 3249 1134 3300 turrim
1171 3263 1385 3302 sacram
1418 3249 1652 3303 reddidit
1680 3252 1972 3320 interpres)
2007 3269 2134 3307 cum
2189 3271 2346 3308 excr-

772 3337 882 3389 citu
918 3352 1010 3404 per
1041 3337 1348 3407 B.tbyniam
1372 3341 1699 3408 profectum,
1731 3357 1762 3396 e
1787 3342 2008 3410 regione
2040 3341 2189 3397 illius
2211 3344 2345 3409 loci,

772 3444 882 3496 quo
945 3433 1064 3483 loco
1110 3445 1258 3484 nunc
1321 3431 1464 3485 arcis
1521 3447 1672 3486 nova:
1739 3442 2015 3487 structura
2068 3445 2342 3498 cernatur,

776 3535 1147 3576 mercatorum
1178 3523 1414 3593 navigiis
1441 3524 1493 3577 in
1543 3523 1869 3579 Romaniam
1905 3527 2019 3581 sive
2053 3525 2343 3583 Thraciam

773 3617 1151 3686 transjecissc.
1187 3613 1323 3670 Nam
1359 3618 1485 3670 hinc
1524 3617 1824 3673 manifesto
1872 3631 2046 3688 paret,
2092 3635 2216 3674 eum
2246 3637 2345 3676 nec

773 3711 838 3762 ad
865 3708 1227 3778 Csllicpolim,
1266 3725 1367 3764 nec
1403 3712 1468 3763 ad
1520 3709 1892 3777 Dardanellos,
1945 3729 2044 3770 nec
2102 3715 2167 3768 ad
2206 3716 2345 3770 ullas

772 3806 906 3860 alias
950 3804 1288 3874 Hellesponti
1342 3804 1500 3878 441
1580 3807 1861 3878 angustias
1917 3818 2341 3864 transvectum:

771 3898 865 3954 sed
892 3913 1055 3966 supra
1077 3896 1635 3968 Constantinopolim,
1694 3914 1886 3954 versus
1924 3912 2150 3970 pontum
2180 3901 2346 3956 Euxi-

773 4006 926 4054 num,
956 3991 1007 4044 in
1075 4004 1138 4044 ea
1191 3988 1415 4060 Bospori
1465 4000 1636 4060 parte,
1686 4006 1798 4060 qua
1832 3992 1878 4047 is
1903 3993 2216 4048 artissimos
2260 4003 2345 4049 est

773 4086 913 4138 inter
939 4085 1121 4138 Asiam
1152 4093 1204 4138 et
1230 4082 1524 4153 Europam,
1563 4095 1616 4138 et
1652 4085 1743 4139 ubi
1805 4094 2094 4155 propterea
2149 4101 2342 4140 novam

772 4195 951 4232 aret-ni
989 4175 1344 4246 (Neocastron
1399 4176 1570 4231 Gra‘ci
1625 4187 1844 4243 vocant,
1894 4190 1953 4232 ιιι
2008 4179 2170 4247 paulo
2226 4191 2345 4249 post

772 4273 982 4323 dici-tur
999 4271 1174 4337 capite
1204 4268 1324 4331 1:28,
1368 4268 1434 4321 ad
1491 4285 1661 4322 unum
1691 4286 1854 4338 supra
1882 4273 2344 4344 Constantinopo-

775 4364 863 4414 litu
895 4361 1126 4414 milliare
1155 4360 1564 4428 Germanicum)
1593 4361 1818 4416 Muralis
1843 4363 1986 4418 illius
2024 4364 2337 4422 Muclteme-

773 4465 851 4507 tes
876 4455 1166 4516 exstruxit,
1197 4465 1252 4505 ut
1282 4453 1368 4506 hic
1403 4469 1466 4506 ex
1521 4455 1648 4506 Asia
1681 4455 1734 4507 in
1772 4455 2062 4524 Europam,
2099 4460 2182 4513 vel
2265 4463 2344 4516 vi-

2461 572 2666 633 pretes,
2695 573 2749 618 cl.
2780 565 2922 633 apud
2963 562 3259 616 Co'driuunt
3297 573 3408 614 ttttn
3457 560 3714 623 litirtiam,
3752 570 3871 614 tum
3916 560 4035 614 Bar-

2463 674 2563 712 nas
2593 673 2822 711 numero
2853 656 3220 710 multitudinis
3244 697 3257 717 ,
3322 656 3680 708 doctissimus
3734 655 4034 723 Xylander.

2465 749 2644 811 nobis,
2672 751 2801 802 dum
2839 749 3066 813 viveret,
3120 747 3512 801 amicissimus.
3550 749 3628 800 Ad
3686 744 3932 808 Varnas.
3969 748 4035 799 ait

2459 839 2755 904 Cedrinus,
2783 853 2964 896 castra
2991 841 3209 908 Bulgari
3240 849 3562 909 posuerunt.
3598 837 3758 903 Item,
3781 839 4037 894 Catacslo

2461 934 2665 1002 (inquit
2697 932 2991 997 Cedrinus)
3023 933 3254 986 sitarum
3292 932 3358 986 ad
3395 930 3595 985 Istrum
3630 931 3849 985 urbium
3900 930 4037 984 loeu-

2460 1041 2692 1094 ruuique
2723 1038 2947 1095 praeses,
2971 1041 3096 1079 cum
3128 1025 3320 1079 [tussis
3343 1025 3678 1080 occurrisset
3699 1024 3860 1092 juxta
3890 1026 4035 1076 littus

2463 1115 2676 1182 Varnae,
2701 1134 2864 1187 quant
2892 1119 2964 1171 ita
3001 1127 3218 1182 vocant,
3248 1133 3582 1185 manumque
3633 1133 3782 1172 c0us-
3807 1117 4033 1178 ruisset,

2457 1226 2554 1265 eos
2592 1213 2644 1264 in
2680 1210 2861 1279 fugam
2908 1212 3038 1281 egit.
3080 1210 3176 1264 llic
3211 1210 3411 1265 littoris
3457 1208 3752 1264 Varuensis
3797 1211 3854 1263 iit
3892 1227 4036 1262 tuen-

2458 1310 2557 1368 tio,
2597 1304 2968 1360 Callimachus
2997 1305 3161 1360 etiam
3211 1306 3394 1359 sinuin
3455 1307 3624 1358 maris
3660 1313 3714 1357 et
3754 1316 4031 1372 stagnum,

2459 1397 2738 1450 Bonliuius
2771 1398 3020 1464 paludem
3054 1399 3325 1452 nominat.
3377 1396 3499 1453 Haec
3532 1396 3888 1467 pactionibus
3927 1396 4032 1463 regi

2461 1487 2733 1543 Vladislao
2765 1489 2946 1544 dedita
2979 1491 3102 1556 init,
3137 1501 3191 1544 ut
3226 1490 3448 1559 scripsit
3479 1489 3754 1544 Laouicus
3784 1507 3798 1543 :
3854 1489 4032 1542 Catia-

2458 1598 2549 1637 cra
2588 1599 2712 1636 vero
2762 1583 2809 1634 vi
2863 1592 3043 1651 capta,
3111 1583 3271 1651 cujus
3305 1583 3392 1636 hic
3434 1583 3486 1636 in
3541 1583 3832 1637 annalibus
3892 1581 4032 1634 Itttlln

2457 1679 2680 1732 mentio.
2715 1677 2997 1732 Boniinius
3035 1688 3220 1733 tamen
3251 1693 3369 1733 eam
3405 1679 3632 1732 silentio
3675 1694 3782 1731 non
3818 1690 4032 1745 praeter-

2459 1769 2560 1830 iit,
2623 1777 2678 1823 et
2728 1769 2869 1824 male
2913 1767 3243 1823 Callacrium
3304 1768 3528 1837 scripsit
3583 1784 3598 1820 :
3655 1782 3856 1819 nomen
3939 1764 4034 1816 bm:

2455 1862 2660 1913 addens
2683 1861 2886 1930 Oppido
2915 1861 3128 1925 datum,
3185 1875 3214 1914 a
3239 1860 3414 1915 Gallis
3443 1875 3507 1914 ex
3562 1860 3716 1923 Asia,
3757 1873 3816 1912 re
3858 1855 4029 1910 infeli—

2462 1951 2602 2006 citer
2631 1963 2806 2022 gesta,
2846 1955 3086 2008 reversis
3129 1970 3143 2006 :
3177 1961 3236 2006 ut
3263 1951 3599 2008 Callacrium
3657 1950 3819 2020 quasi
3855 1948 4033 2003 Galla-

2455 2046 2630 2100 crium
2662 2047 2964 2104 diceretur.
3021 2049 3188 2117 Atqui
3215 2047 3466 2103 Caliacra
3500 2047 3774 2118 signiﬁcat
3831 2043 4030 2099 Graecis

2457 2135 2662 2193 bonum
2693 2141 2776 2194 vel
2830 2140 3051 2208 elegans
3103 2139 3562 2210 promontorium.
3623 2137 3797 2192 Mario
3850 2136 4029 2204 Nigro.

2455 2229 2776 2285 hodiernam
2841 2230 3166 2286 Graecorum
3230 2233 3731 2302 pronuntiatione-ii
3792 2240 4027 2290 secuto,

2453 2323 2742 2380 Chaliacra
2781 2337 3030 2381 vocatur.

2676 2439 2796 2495 114.
2826 2439 3015 2511 Pugna
3070 2440 3373 2508 Varncnsis,
3406 2440 3548 2496 Cara
3578 2440 3824 2496 Hichail.

2529 2555 2642 2611 lloc
2674 2558 2863 2626 pradio
2897 2557 3207 2612 Vladislaus
3238 2573 3328 2612 rex
3375 2571 3650 2626 pugnasse
3707 2559 3916 2611 dicitur
3964 2559 4028 2608 ah

2455 2665 2564 2703 uno
2615 2650 2806 2714 latere,
2844 2650 2928 2704 vel
2980 2652 3282 2705 secundum
3329 2648 3656 2713 Laonicuni,
3719 2654 3777 2704 in
3843 2652 4031 2705 dextro

2454 2759 2623 2798 cornu
2657 2761 2669 2796 :
2701 2742 2839 2797 Cara
2876 2745 2989 2798 sive
3013 2743 3178 2811 Niger
3202 2745 3433 2801 Michael
3459 2746 3514 2800 in
3543 2746 3800 2810 sinistro,
3833 2748 3899 2802 de
3926 2763 4030 2818 quo

2454 2845 2634 2889 tamen
2691 2837 2836 2888 aliud
2888 2849 3150 2905 prreterea
3215 2837 3350 2890 nihil
3418 2838 3699 2893 memoriae
3757 2841 4029 2909 proditum

2457 2928 2689 2996 reperio.
2735 2928 3020 2983 Bonliuius
3053 2930 3244 2983 eadem
3277 2932 3342 2983 dc
3383 2929 3552 3000 Nigro
3587 2929 3862 2988 Michaele
3885 2948 4029 2988 corn-

2456 3029 2742 3083 tnemorat,
2795 3037 2858 3075 ac
2898 3021 3100 3076 diserte
3159 3024 3467 3091 protltvtur,
3527 3039 3591 3077 es
3631 3023 3941 3080 Tureorum
3971 3041 4029 3080 se

2455 3114 2860 3169 narrationibus
2915 3116 3004 3168 illa
3063 3126 3326 3183 repetere.
3392 3132 3457 3170 ne
3523 3117 3751 3172 verbulo
3810 3121 4022 3188 quidem

2453 3205 2752 3273 attingens,
2784 3207 2909 3274 quis
2939 3205 3105 3260 fuerit
3151 3206 3251 3259 iste
3311 3205 3489 3259 Micha
3517 3206 3567 3259 ·Ι.
3604 3205 3890 3262 Larinii-us
3923 3213 4018 3271 ait,

2453 3297 2625 3352 Dacos
2679 3299 2729 3351 ii
2778 3301 3006 3353 sinistro
3047 3315 3279 3354 curasse
3312 3317 3507 3366 cornu,
3543 3302 3744 3369 quibus
3799 3302 4024 3357 fortasse

2450 3389 2676 3444 Michael
2719 3390 2957 3461 Ziiagius
2995 3403 3243 3462 prteerat,
3276 3393 3435 3464 cujus
3464 3410 3710 3448 sororem
3751 3394 4025 3449 Huniadi-s

2452 3484 2684 3537 habebat
2726 3485 2774 3536 in
2832 3486 3205 3539 matrimonio.
3264 3485 3531 3554 Equidem
3583 3487 3752 3540 alium
3786 3490 4028 3542 divinare

2449 3570 2790 3639 Mil-haelem,
2827 3574 2878 3628 id
2915 3575 3179 3645 temporis
3227 3574 3369 3647 apud
3434 3575 3682 3647 llugaros
3729 3578 4024 3642 celebrem,

2450 3679 2557 3719 non
2583 3681 2829 3735 possum.

2451 3799 2577 3855 115.
2605 3797 2827 3855 Laonici
2862 3803 3007 3856 lorus
3032 3803 3339 3857 mundatus
3361 3813 3410 3857 et
3436 3805 3728 3872 expositus.
3752 3804 4018 3870 εΙισιιέιοτ,

3121 3873 3316 3928 Vitezi.

2519 3983 2578 4039 ln
2616 3983 2792 4053 primo
2823 3983 3076 4040 conﬂictu
3100 4000 3275 4042 casus
3307 3985 3477 4042 fuisse
3512 3985 3754 4042 relertur
3780 4003 3844 4044 es
3878 4003 4020 4059 plrtc

2448 4073 2676 4130 Muralis
2729 4076 3000 4131 Anatolius
3074 4076 3452 4146 brglerbegus.
3529 4079 4017 4151 Hancinterempti

2448 4169 2717 4223 Anatolize
2757 4169 3064 4238 beglerbegi
3127 4171 3358 4238 gloriam
3416 4169 3687 4226 Laonicus
3761 4172 4017 4232 liunisdi,

2447 4258 2752 4314 fortissimo
2780 4260 2930 4322 duci,
2968 4263 3180 4314 tribuit.
3220 4262 3334 4314 Hoc
3372 4273 3548 4316 autem
3582 4263 3704 4316 loco
3753 4271 4016 4318 tarturum

2449 4369 2538 4408 me
2566 4356 2799 4423 pretium
2855 4369 3035 4420 opera:
3079 4369 3258 4422 spero.
3305 4355 3348 4406 si
3390 4355 3551 4408 verba
3584 4359 3839 4424 quaedam
3897 4359 3935 4412 L
3967 4375 4018 4413 o-

2451 4447 2560 4500 niri
2604 4449 2804 4514 partim
2840 4457 3127 4514 corrupta,
3160 4449 3356 4516 partim
3421 4449 3678 4513 obscura,
3735 4457 4020 4506 restituerit

772 4548 954 4599 iis-sim
983 4561 1046 4599 ex
1070 4544 1281 4615 Europa
1313 4547 1366 4599 in
1392 4548 1575 4600 Asiam
1597 4549 1894 4617 lransjecttt
1918 4550 2062 4606 facili
2087 4568 2150 4608 ac
2173 4555 2344 4624 brevi,

2453 4551 2503 4592 et
2533 4539 2902 4593 illustravero.
2935 4540 3006 4592 Ea
3052 4555 3179 4593 vero
3234 4550 3340 4593 tam
3376 4540 3513 4608 apud
3549 4539 3832 4602 Latinum,
3866 4559 4019 4611 quam

770 4641 986 4708 quoties
1021 4639 1293 4704 libuisset,
1366 4642 1582 4693 neruine
1636 4642 1977 4710 prohibente,
2041 4663 2162 4700 cum
2193 4665 2348 4702 exer-

769 4733 880 4785 ritu
911 4742 1091 4801 posset
1123 4732 1514 4786 transmittere.
1573 4734 1844 4804 Quidquid
1873 4737 2018 4790 dicat
2047 4737 2345 4807 Laonicus,

771 4827 1032 4895 quidquid
1072 4826 1362 4893 scripsisse
1389 4826 1746 4888 cardinalem,
1801 4832 1941 4883 male
1969 4830 2220 4888 fortassis
2280 4839 2347 4888 ab

771 4919 1215 4984 exploratoribus
1248 4918 1597 4980 inStructum,
1647 4918 1930 4975 llonilnius
1956 4934 2204 4988 asserat,
2236 4927 2347 4979 hare

781 5012 962 5080 potius
993 5027 1094 5076 ego
1121 5025 1244 5062 vera
1279 5021 1428 5079 puto.

920 5103 1039 5155 “5.
1083 5101 1280 5165 ναι-ηρ,
1314 5101 1574 5170 Stagnum
1607 5101 1893 5169 Vnrnense,
1934 5106 2201 5160 Caliacra.

841 5196 1049 5248 (liviias
1091 5209 1168 5247 est
1212 5196 1278 5248 ad
1327 5197 1500 5248 Ponlu
1531 5219 1556 5243 ιι
1618 5197 1889 5252 Iiuxinum
1931 5199 2127 5265 Var-na,
2181 5218 2343 5270 quam

771 5287 1012 5341 Oitrllus
1065 5289 1327 5341 Odessum
1399 5289 1613 5355 priscis,
1684 5293 1764 5342 τιτι
1819 5293 2090 5359 Odyssuni
2140 5296 2342 5348 dictum

773 5381 958 5443 tradit,
1014 5381 1106 5432 alii
1159 5379 1572 5449 Dionysopolim
1617 5381 1850 5434 faciunt.
1897 5384 2195 5436 Anchialus
2227 5401 2346 5438 esse

772 5475 837 5527 dc
867 5473 1024 5525 Cui-ei
1060 5476 1328 5526 Sententia
1363 5474 1568 5541 nequit,
1599 5489 1718 5526 cum
1745 5492 1806 5528 ea
1838 5486 2114 5543 superstes
2142 5479 2344 5531 Achelo

773 5578 918 5615 nunc
950 5564 1182 5624 dicatur,
1220 5562 1439 5614 nomine
1470 5579 1578 5616 non
1615 5565 1906 5618 admodum
1943 5569 2172 5622 recenti.
2215 5569 2343 5621 {\um

774 5669 822 5710 et
849 5657 1081 5709 Cedrino
1109 5656 1409 5709 Acheloum
1451 5667 1695 5721 vocatur,
1731 5673 1777 5710 et
1814 5661 1957 5728 apud
2021 5661 2342 5731 Symeum-m

775 5764 1094 5820 magistrum
1146 5750 1450 5802 oliiciurtlm
1503 5752 1554 5802 in
1597 5751 1821 5804 historia
1887 5753 2124 5807 necdum
2201 5755 2342 5806 edita

778 5846 996 5914 legitur,
1036 5844 1362 5899 Anchialum
1401 5844 1695 5899 recentiori
1748 5847 2012 5902 vocabulo
2071 5847 2342 5902 nominari

2457 4630 2720 4685 Gallicum
2787 4633 3163 4699 interpretem,
3205 4631 3518 4699 hujusinodi
3549 4645 3680 4688 sunt
3719 4653 3732 4683 :
3791 4633 4022 4690 Joannes

2448 4721 2743 4776 Choniates
2767 4722 2974 4776 habens
3013 4722 3250 4784 Phazu'n,
3291 4727 3339 4776 id
3377 4734 3458 4776 est
3489 4740 3584 4778 eos
3623 4726 3717 4794 qui
3749 4727 4020 4781 Bitasides

2452 4826 2738 4876 vocantur,
2802 4815 2916 4868 ibat
2965 4814 3018 4868 iii
3063 4817 3206 4868 Asiie
3240 4816 3458 4868 ducem.
3517 4815 3724 4884 Opinor
3762 4820 3890 4872 aliis
3918 4820 4022 4872 haec

2453 4906 2760 4974 legentibus
2797 4907 2937 4959 idem
2968 4907 3242 4968 acridcre,
3278 4910 3421 4976 quod
3472 4907 3632 4960 initio
3682 4909 3818 4962 mihi
3857 4913 4023 4964 conti-

2451 5002 2593 5068 gisse
2617 5000 2859 5052 memini.
2915 4999 3184 5052 Nimirum
3225 5007 3531 5053 monstrum
3577 4999 3855 5066 quoddam
3891 5007 4027 5058 arbi-

2453 5095 2634 5148 trabar
2679 5108 2798 5145 esse
2835 5091 3070 5156 Phazen,
3106 5110 3168 5146 ex
3205 5109 3316 5162 quo
3368 5108 3477 5144 uno
3524 5109 3648 5146 mox
3700 5097 3894 5162 plures
3945 5114 4028 5150 ue-

2449 5186 2562 5240 seiu
2599 5185 2690 5251 qui
2726 5184 3022 5246 Bitaxides,
3059 5188 3203 5238 velut
3229 5203 3293 5240 ex
3328 5204 3471 5255 equo
3521 5185 3767 5253 Trojano
3802 5193 4024 5255 prodit--

2451 5283 2579 5333 rint.
2617 5278 2688 5330 Ni:
2720 5281 2924 5334 diutius
2950 5282 3164 5332 avidum
3199 5281 3418 5334 lectoris
3450 5283 3696 5335 animum
3723 5285 4026 5343 detineam.

2450 5375 2570 5424 dico
2599 5374 2676 5425 sic
2714 5375 2816 5426 ista
2846 5373 3071 5439 legenda
3106 5389 3118 5425 :
3171 5372 3408 5426 Joannes
3464 5375 3768 5431 (Jltutttalcs
3822 5377 4034 5433 habens

2450 5481 2634 5519 secum
2664 5466 2894 5526 Cliazi-s,
2933 5466 2982 5516 id
3014 5474 3098 5516 cst
3147 5481 3239 5518 eos
3272 5468 3365 5533 qui
3430 5466 3698 5524 Vitczides
3735 5485 4031 5530 vorantur.

2452 5562 2561 5610 ibat
2593 5559 2642 5609 in
2671 5561 2814 5609 Asiae
2840 5560 3056 5610 ducem.
3078 5557 3208 5622 Qua:
3242 5558 3403 5611 verba
3437 5559 3607 5612 lector
3648 5573 3704 5614 ut
3738 5563 4033 5634 intriiigai,

2451 5651 2641 5706 Turcis
2673 5649 2841 5703 Chazi
2885 5651 3031 5702 norit
3081 5651 3392 5718 signiﬁcate
3427 5663 3713 5706 strenuum
3777 5657 4034 5713 militen.

2449 5763 2568 5815 qua-
2597 5762 2694 5798 vox
2727 5760 2956 5797 numero
2985 5745 3351 5798 multitudinis
3376 5745 3630 5799 Cbazilar
3673 5748 3757 5802 cis
3782 5749 4038 5807 eﬂertuz.

2450 5842 2656 5898 braccis
2692 5841 2925 5906 Chazcs,
2988 5840 3089 5895 hoc
3140 5849 3246 5906 cst,
3293 5841 3502 5896 strenui
3569 5843 3789 5894 milites.
3871 5841 4037 5896 Ldus
