4198 6426
210 376 314 440 809

1355 387 1502 447 ΡΑΝ
1515 387 1753 448 DEC'IE
1790 386 1990 450 HIST.
2028 391 2321 452 TURCIC.

3341 396 3443 460 810

211 510 341 547 vero
376 495 555 566 lingua
616 497 883 568 Ungarica
948 497 1208 552 dicuntur
1241 495 1414 563 Vitez,
1458 514 1515 557 ut
1549 502 1769 555 Gcrnta-
1797 507 1847 564 Α
1876 505 2001 558 velit
2034 522 2047 559 :
2077 506 2241 560 Turci
2276 523 2403 561 vero
2438 506 2733 561 Chczcrem
2768 510 3073 565 nominent.
3102 512 3256 579 Quod
3287 520 3442 584 prius

210 586 329 636 nica
362 584 685 644 Rittersleut.
742 591 813 643 Ex
852 592 959 644 hoc
996 602 1174 645 autem
1233 591 1379 647 Vitiz
1430 597 1767 648 Chalcocon-

208 674 360 745 dyles
407 694 557 733 more
605 682 794 737 Graeco
824 683 1079 740 formavit
1112 685 1411 741 Vitezides.
1458 688 1571 742 Hoc
1614 686 1772 739 modo

208 768 343 821 nihil
394 770 446 823 in
488 770 713 828 Laonici
777 772 1223 836 verbis'obscuri
1279 790 1467 835 restat.
1533 779 1774 834 Gallicus

208 861 477 930 interpres
504 863 895 935 Ungaricarum
943 889 1123 928 rerum
1173 876 1480 945 imperitus,
1515 874 1622 929 alio
1652 874 1772 928 loco

210 950 479 1012 Bitezides
507 956 629 1012 c'utn
666 960 936 1017 ilussaris
979 968 1292 1030 confundit,
1339 968 1433 1036 qui
1467 968 1601 1021 levis
1631 966 1769 1035 apud

211 1043 465 1115 Ungaros
510 1064 805 1108 armatura:
870 1071 1001 1112 sunt
1052 1061 1290 1128 equites.
1339 1052 1527 1115 Solent
1586 1070 1769 1114 autem

209 1147 518 1215 huiusmodi
564 1148 835 1205 Chazilari
866 1156 922 1205 et
967 1151 1139 1208 Vitezi
1192 1164 1301 1210 tam
1353 1158 1496 1225 apud
1536 1157 1769 1222 Turcos,

206 1255 369 1309 quam
429 1240 717 1312 Ungaros,
783 1245 987 1300 habere
1042 1260 1221 1303 certas
1271 1251 1533 1318 quasdam
1589 1262 1770 1315 notas,

214 1334 413 1402 quibus
437 1336 536 1403 ipsi
569 1351 678 1404 prae
710 1340 926 1393 caeteris
969 1341 1235 1395 militibus
1266 1342 1553 1410 conspicui
1592 1354 1716 1396 sunt
1753 1362 1766 1395 :

206 1435 261 1480 et
293 1427 344 1478 in
376 1427 568 1489 primis
604 1436 683 1481 tot
712 1416 929 1499 gestant
952 1430 1241 1485 ardearum
1264 1433 1316 1486 in
1341 1436 1516 1501 capite
1540 1448 1769 1502 pennas,

202 1532 335 1587 qum
369 1522 554 1574 hostes
586 1523 666 1573 vel
695 1522 999 1590 in‘prteliis,
1053 1527 1136 1577 vel
1170 1526 1386 1584 duellis.
1414 1542 1531 1594 qum
1554 1527 1771 1591 utrique

203 1610 355 1675 genti
402 1611 850 1680 l'reqtiemissima
911 1623 1063 1675 sunt,
1121 1616 1468 1670 occiderunt.
1509 1616 1601 1671 His
1641 1633 1770 1685 ergo

202 1702 472 1755 militibus
527 1704 767 1758 strenuis
818 1704 1054 1773 stipatus
1110 1703 1432 1771 Hnniades,
1498 1708 1767 1762 Anatolius

200 1784 582 1863 beglerbegum
611 1796 832 1861 invasit,
872 1809 922 1851 et
960 1814 1080 1851 cum
1110 1800 1226 1853 suis
1258 1800 1484 1853 occidit.

1879 598 2093 664 attinet,
2141 602 2320 668 potius
2370 602 2622 669 equidem
2672 603 2870 657 'l‘urcis
2926 604 3235 662 habendam
3276 611 3435 665 [idem

1875 691 2130 755 arbitror,
2169 702 2311 745 utex
2338 709 2620 761 procerum
2674 713 2907 752 numero
2939 698 3106 754 fuisse
3156 706 3433 770 credatur,

1875 783 1965 851 qui
1998 782 2276 853 Elpioruin
2315 784 2519 840 ianiilia
2558 799 2717 842 natus
2754 800 2893 845 erat.
2925 788 3076 847 Hanc
3106 794 3251 848 enim
3281 799 3436 851 initio

1872 875 2263 931 declarationis
2292 879 2455 947 hujus
2500 880 2671 933 videri
2703 885 2949 938 eamdem
2986 900 3111 940 esse
3140 902 3263 941 cum
3290 887 3435 959 Ogu-

1874 966 1977 1028 zia,
2010 970 2341 1024 monuimus.
2374 970 2423 1024 ls
2461 986 2594 1041 ergo
2621 976 2731 1042 regi
2766 986 2927 1045 caput
2953 980 3284 1046 amputavit,
3314 998 3434 1035 eum

1873 1058 2012 1111 alius
2048 1060 2272 1128 quidam
2304 1078 2368 1116 ex
2404 1073 2707 1132 Azeporum
2740 1068 2855 1120 sive
2898 1070 3139 1135 peditum
3181 1089 3434 1139 numero,

1872 1148 2059 1200 incisis
2109 1150 2229 1218 equi
2286 1152 2414 1219 regii
2453 1155 2791 1217 tendinibus.
2825 1172 2948 1211 eum
2983 1177 3104 1214 cum
3156 1162 3276 1232 ipso
3311 1182 3435 1236 rege

1873 1238 2021 1291 humi
2069 1244 2481 1309 prostravissct,
2512 1257 2569 1299 ut
2602 1246 2766 1302 Turci
2800 1250 3068 1306 referunt.
3124 1254 3181 1307 In
3218 1258 3437 1313 nomine

1873 1344 1976 1381 non
2004 1346 2193 1400 magna
2224 1334 2509 1388 diversitas
2538 1348 2641 1399 est,
2678 1340 2781 1393 nisi
2803 1342 2947 1409 quod
2974 1340 3244 1399 Laouicus
3274 1350 3435 1419 vulgo

1873 1434 2056 1476 notum
2089 1438 2143 1479 et
2172 1428 2480 1481 mutilatum
2514 1432 2713 1498 posuit.
2742 1433 2953 1505 Quippe
2976 1436 3184 1492 Cheser
3212 1442 3432 1510 elegan-

1873 1516 1982 1569 tius
2015 1519 2157 1586 apud
2195 1518 2409 1576 Turcos
2451 1524 2801 1591 loquentibus
2865 1530 3006 1584 idem
3066 1544 3147 1587 est
3188 1550 3309 1589 eum
3370 1551 3436 1591 eo

1872 1609 2015 1675 quia
2044 1611 2200 1678 vulgo
2232 1618 2619 1681 pronuntiatur
2671 1619 2899 1682 Cheter,
2950 1639 3012 1676 ex
3044 1641 3153 1692 quo
3180 1627 3435 1683 Chetcris

1870 1716 2068 1755 nomen
2110 1703 2380 1759 Laonicus
2427 1708 2529 1761 sub
2557 1708 2715 1762 ﬁnem
2762 1714 2942 1766 octavi
2983 1716 3102 1770 libri
3142 1718 3269 1772 fecit
3304 1738 3316 1772 :
3348 1722 3437 1774 hic

1871 1790 2156 1846 Thcrizem
2193 1796 2436 1850 mutilate
2465 1800 2709 1868 scripsit.
2738 1819 2835 1871 pro
2870 1805 3171 1863 Cheterize.
3210 1811 3283 1864 De
3316 1813 3435 1880 ipso

460 1857 485 1863 υ
820 1857 828 1861 -
2579 1857 2592 1868 .
2699 1857 2751 1871 -.
2889 1857 2926 1859 η
2958 1857 3170 1863 ---η----
3211 1857 3282 1864 --
3317 1857 3433 1880 ..ν-ς-

199 1908 329 1961 HG.
364 1909 610 1963 Precibus
640 1911 863 1965 Muralis
893 1924 1096 1965 mulala
1144 1916 1314 1978 pra-lii
1349 1917 1532 1982 facies.
1596 1914 1761 1968 Inau-
1798 1857 1837 1911 Β
1873 1882 2126 1982 Y'a‘iis‘i‘i
2163 1889 2303 1982 "38"
2332 1902 2612 1982 Ξ¹¹¹Ρ¹³ι³ί⁰
2637 1897 2816 1965 capite
2842 1900 2974 1966 quid
2996 1900 3211 1973 ιίθοιυηδ
3247 1917 3433 1974 Ροδίοτί

373 1982 542 2033 ditant
572 1985 757 2051 pignus
790 1986 914 2050 ﬁdei
951 2002 1107 2037 causa
1152 1985 1353 2038 Murali
1385 1988 1585 2039 datum.

272 2071 390 2127 Non
434 2091 473 2126 a'
493 2075 692 2129 Turcis
735 2081 1112 2131 tantummodo
1166 2080 1439 2133 memoria:
1495 2082 1761 2148 proditum

196 2178 303 2227 est,
336 2167 691 2231 constitutum
746 2170 797 2221 in
847 2171 1085 2221 maximo
1148 2170 1464 2226 discrimine
1495 2172 1761 2226 Mn‘ratem

198 2261 465 2313 auxilium
536 2261 757 2315 ctelitus
813 2262 1157 2330 implorasse,
1232 2282 1418 2318 verum
1476 2266 1638 2319 etiam
1697 2271 1764 2320 ah

200 2353 482 2406 historicis
533 2352 861 2409 Christianis
936 2356 1077 2433 idem
1139 2357 1367 2410 relatum
1421 2358 1476 2411 in
1530 2359 1762 2420 litteras,

196 2461 434 2512 quorum
463 2446 630 2511 aliqui
656 2462 767 2499 rem
806 2463 914 2499 non
948 2456 1153 2502 temere
1182 2450 1400 2502 silentio
1436 2460 1763 2517 prastereun-

194 2538 322 2589 dam
382 2543 636 2604 produnt.
683 2539 892 2607 Quippe
946 2552 1432 2605 commemorant,
1503 2555 1762 2610 poscente

198 2627 409 2681 Murate
436 2637 641 2681 certum
672 2629 889 2696 aliquod
918 2645 947 2682 a
988 2629 1255 2684 Vladislao
1318 2648 1439 2701 rege
1481 2636 1629 2700 pacis
1678 2634 1761 2687 in-

194 2718 532 2772 violabilitcr
591 2721 949 2773 observanda:
1006 2719 1450 2786 documentum,
1529 2726 1761 2793 profano

192 2810 361 2881 “2
404 2815 767 2877 quorumdam
800 2812 1031 2867 consilio
1064 2814 1315 2868 traditam
1354 2815 1402 2869 ei
1438 2817 1609 2872 fuisse
1635 2819 1761 2872 hos-

197 2905 355 2963 tiam,
392 2904 761 2957 ecclesiastico
804 2904 910 2957 ritu
968 2916 1343 2960 consecratam
1377 2926 1391 2961 :
1441 2924 1508 2962 ne
1548 2910 1761 2964 scilicet

198 2996 312 3047 ullo
346 2997 504 3047 modo
528 2997 592 3048 de
620 2997 721 3049 nde
761 2998 1151 3065 voluntateque
1189 3000 1353 3068 regis,
1396 3011 1623 3070 acoepto
1648 3012 1758 3055 tam

191 3096 429 3152 augusto
465 3088 715 3155 pignore,
747 3089 1043 3142 dubitaret.
1078 3087 1268 3143 Postea
1301 3106 1427 3145 vero
1472 3094 1757 3160 perturba-

1870 1973 2052 2039 l'uerit,
2094 1980 2281 2045 paucis
2331 1978 2569 2038 Thomas
2620 1984 2963 2044 Ebendorfus
3022 1992 3074 2045 in
3128 1994 3433 2051 Austriaris

1867 2070 1981 2121 suis
2012 2072 2526 2144 exposuit.«Caput,
2559 2076 2752 2145 inquit,
2788 2078 3071 2148 Vladislai,
3095 2100 3219 2139 cum
3242 2090 3429 2153 armis,

1866 2174 1919 2214 et
1951 2162 2161 2223 dextra.
2196 2166 2366 2220 fertur
2402 2184 2497 2237 pro
2523 2168 2793 2236 jocalibus
2819 2174 2892 2239 (id
2942 2186 3045 2240 est,
3086 2178 3427 2237 cimeliorum

1868 2255 2007 2325 loco)
2040 2259 2148 2327 regi
2175 2258 2493 2314 Tatarorum
2528 2264 2825 2320 oblatum.»
2866 2265 3133 2325 Nimirum
3177 2273 3229 2327 in
3258 2276 3433 2332 vindi-

1869 2359 2016 2401 ctam
2052 2352 2290 2417 perﬁdiae
2323 2353 2513 2407 dextra
2545 2372 2760 2426 quoque
2796 2373 3010 2416 mortuo
3052 2368 3277 2432 praecisa
3302 2370 3427 2435 fuit,

1865 2462 1968 2509 qua
2005 2446 2164 2498 iidem
2191 2444 2434 2501 dederat.

1865 2556 1986 2611 “8.
2022 2556 2453 2629 lnteremptorum
2508 2568 2751 2636 utrinque
2776 2573 2969 2652 ‘prwlio
3026 2574 3285 2633 Varnensi
3324 2598 3427 2637 mt-

2464 2652 2637 2690 merus
2674 2652 2863 2698 variat.

1932 2721 2057 2777 Dies
2090 2724 2177 2777 ille
2203 2740 2311 2792 quo
2342 2736 2636 2795 pugnatum
2671 2731 2737 2783 ad
2793 2730 3058 2799 Varnam,
3124 2740 3361 2795 traditur
3391 2761 3420 2797 a

1863 2813 2065 2867 nostris
2103 2816 2271 2870 fuisse
2320 2818 2563 2872 decimus
2616 2822 2821 2877 mensis
2875 2824 3220 2897 Novembris,
3279 2849 3427 2891 anno

1866 2906 2021 2960 HM.
2052 2907 2331 2962 Geulrzeus
2362 2911 2706 2966 undecimum
2740 2918 2952 2973 statuit.
2978 2919 3260 2979 Bonlinius
3283 2945 3421 2983 carsa

1865 3001 2093 3065 prodidit
2149 2999 2579 3056 Christianorum
2630 3006 2695 3057 ad
2746 3006 2961 3073 10,000,
2998 3010 3301 3070 Turcorum
3356 3023 3422 3073 ad

1864 3092 2085 3158 50,000.
2126 3092 2390 3148 Numerus
2440 3096 2696 3160 militum,
2730 3101 2822 3168 qui
2872 3106 3013 3172 regis
3058 3107 3111 3160 in
3174 3115 3419 3169 exercitu

192 3185 265 3235 tis
299 3185 381 3250 (ut
409 3184 635 3249 dietum)
680 3183 931 3246 induciis,
957 3200 1081 3238 cum
1122 3187 1184 3237 ad
1217 3201 1367 3239 arma
1401 3187 1631 3242 deducta
1671 3205 1757 3243 res
1784 3214 1830 3273 ε
1865 3184 2049 3247 fuerit,
2086 3202 2113 3238 a
2159 3184 2408 3241 Bonﬁnio
2454 3189 2663 3256 positus
2698 3191 2994 3259 plurimum
3029 3197 3306 3271 discrepat
3353 3210 3424 3262 ab

191 3283 366 3337 esset,
395 3290 460 3328 ac
485 3277 668 3343 praelio
703 3275 965 3329 Varneusi
1004 3279 1159 3332 cmsis
1190 3282 1243 3331 in
1304 3288 1536 3347 utroque
1584 3297 1752 3335 cornu

190 3365 492 3428 Murataeis,
531 3358 583 3419 in
632 3378 878 3421 extremo
918 3383 1003 3423 res
1073 3368 1377 3424 Turcorum
1436 3372 1754 3427 discrimine

188 3470 546 3513 versarentur
575 3475 589 3511 :
624 3460 886 3515 Muratem
915 3478 944 3517 e
974 3464 1097 3517 sinu
1148 3466 1351 3531 prolata
1418 3465 1754 3520 Christiano-

190 3569 316 3607 rum
348 3555 547 3617 hostia,
592 3564 645 3609 et
668 3558 865 3610 erectis
900 3558 963 3611 ad
997 3559 1195 3612 malum
1242 3561 1437 3623 oculis,
1480 3563 1532 3615 in
1567 3562 1754 3631 hujus-

191 3644 345 3697 modi
382 3645 625 3712 quaedam
667 3649 981 3715 prorupisse
1023 3651 1183 3702 verba
1214 3667 1231 3706 :
1262 3652 1497 3717 Christe,
1534 3654 1578 3706 si
1616 3656 1754 3708 Deus

186 3754 273 3800 es,
318 3747 380 3790 ut
409 3736 699 3791 Christiani
733 3741 809 3793 tui
834 3741 901 3794 de
937 3752 988 3794 te
1017 3742 1324 3810 perhibent,
1362 3746 1572 3799 vindica
1594 3750 1757 3815 perli-

185 3830 336 3882 diam
363 3838 604 3894 tuorum,
635 3832 728 3899 qui
767 3843 818 3885 te
850 3835 981 3886 mihi
1026 3834 1232 3887 'de’dere
1272 3836 1505 3906 pignori,
1554 3839 1754 3891 nihilo-

192 3936 303 3989 que
353 3921 537 3977 minus
595 3923 729 3976 adeo
782 3924 1032 3992 religiose
1096 3928 1359 3979 saneitam
1414 3944 1597 3996 pacem
1660 3947 1754 3999 per

188 4028 474 4067 summum
516 4013 691 4066 scelus
714 4012 1005 4069 violarunt.
1031 4015 1238 4080 Quibus
1261 4017 1313 4069 in
1358 4017 1501 4071 hunc
1532 4020 1751 4075 modum

191 4108 265 4159 ab
298 4106 418 4173 ipso
439 4106 671 4175 prolatis
700 4121 761 4160 ea
803 4108 1014 4162 scilicet
1044 4112 1348 4174 evenerint,
1381 4127 1501 4180 qua:
1549 4122 1654 4165 tam
1686 4116 1752 4168 ab

190 4199 471 4264 hostibus,
521 4214 681 4267 quam
741 4215 772 4253 a
822 4202 1022 4255 nostris
1088 4206 1405 4256 recitantur.
1472 4203 1754 4274 Philippus

185 4297 378 4342 tamen
416 4289 779 4343 Callimachus
813 4293 950 4344 hanc
988 4306 1098 4343 rem
1150 4301 1256 4345 tam
1307 4305 1521 4348 secreto
1549 4296 1753 4351 referre

184 4378 412 4432 videtur
434 4390 633 4445 actam,
667 4382 802 4434 nihil
833 4395 891 4435 ut
917 4384 1051 4436 certi
1082 4387 1149 4438 de
1182 4386 1381 4439 tradito
1412 4387 1501 4440 tali
1527 4385 1751 4456 pignore

178 4476 352 4544 vulgo
371 4485 664 4528 constaret.

179 4589 211 4641 1
227 4589 315 4643 Π.
343 4587 551 4652 Chaer,
578 4596 625 4641 et
647 4588 830 4642 Cheter
842 4588 964 4663 frg,
981 4590 1139 4644 idem.
1157 4590 1440 4663 AVladislao
1462 4594 1568 4663 regi
1589 4602 1742 4662 caput

537 4670 795 4725 amputat.
832 4658 1108 4725 Elpiorum
1140 4661 1370 4728 familia.

254 4750 497 4805 Narrant
522 4751 762 4806 Annales
800 4755 847 4806 ei
877 4757 971 4822 qui
1010 4752 1283 4807 Vladislao
1312 4757 1423 4826 regi
1476 4766 1743 4826 prostrato

175 4850 353 4909 caput
377 4845 691 4909 amputarit,
725 4853 780 4898 ct
819 4843 1015 4899 Murati
1041 4846 1317 4908 obtulerit,
1348 4864 1545 4902 nomen
1569 4850 1743 4904 luisse

170 4910 392 4988 Cbeser
426 4933 547 5001 beg,
607 4933 972 5002 eumdemque
1023 4946 1205 4989 natum
1254 4953 1317 4990 ex
1373 4936 1526 5006 Elpia
1572 4940 1741 4994 fuisse

176 5024 421 5078 familia.
492 5024 951 5094 Chalcoeondyles
1008 5039 1189 5080 autem
1242 5030 1481 5096 scripsit,
1540 5047 1736 5085 nomen

177 5118 497 5185 peregrino.
525 5117 615 5183 qui
652 5117 847 5169 Murati
876 5130 1037 5184 caput
1069 5120 1381 5189 interempti
1420 5122 1736 5177 l’annonum
1794 5161 1800 5166 ς

175 5210 331 5275 regis
356 5210 600 5258 attulerit
630 5206 800 5260 fuisse
824 5206 1084 5261 'l‘herizes
1121 5225 1135 5262 :
1165 5211 1258 5277 qui
1283 5212 1498 5265 virtutis
1528 5214 1739 5282 insigne

175 5301 470 5368 pnemium
498 5313 527 5350 a
556 5315 679 5368 rege
698 5312 1024 5356 consecutus
1044 5302 1136 5355 sit.
1162 5302 1261 5355 Hic
1283 5303 1421 5357 inter
1444 5320 1503 5358 se
1524 5306 1736 5361 diversa

172 5396 293 5447 duo
356 5393 570 5447 recitari
619 5394 887 5447 videmus.
943 5393 1185 5449 Primum
1237 5407 1345 5459 est.
1389 5398 1735 5466 peregrinum

172 5484 423 5537 Laonico
459 5482 648 5546 fuisse,
696 5486 789 5552 qui
839 5495 1002 5553 caput
1032 5486 1176 5556 regis
1208 5489 1472 5552 attulerit,
1524 5490 1627 5543 hoc
1653 5500 1735 5543 est

169 5578 421 5643 Azepum
464 5574 578 5627 sive
626 5577 860 5642 peditem
898 5577 1343 5645 stipendiarium,
1376 5594 1474 5648 pro
1494 5596 1604 5648 quo
1639 5585 1731 5635 be-

172 5687 305 5739 gum
341 5678 638 5747 posuerunt
672 5669 932 5722 Annales.
967 5668 1031 5722 Et
1068 5672 1325 5739 begorum
1357 5673 1577 5727 nomine
1610 5690 1734 5742 pro-

172 5776 335 5816 ceres
360 5763 501 5829 apud
529 5763 562 5813 'I
577 5747 737 5814 u'rcos
785 5764 1141 5829 appellantur.
1175 5764 1441 5830 Alterum,
1495 5769 1733 5821 nominis

174 5856 350 5925 ipsius
369 5854 751 5923 discrepantia,
779 5856 1004 5910 cumille
1032 5856 1315 5914 Therizem
1338 5859 1537 5914 dictum
1560 5860 1730 5915 fuisse

494 5955 765 6018 Panos.
813 5957 925 6014 Gn.
964 5955 1159 6013 CLIX.

1860 3296 1925 3333 eo
1949 3296 2107 3347 quem
2134 3281 2295 3334 Turci
2324 3296 2649 3342 memorant.
2677 3287 2809 3343 Nam
2838 3293 2890 3345 hi
2910 3293 2976 3348 de
2995 3295 3170 3349 80000
3194 3300 3423 3369 loquun-

1862 3379 1969 3435 tur,
2007 3372 2093 3425 ille
2125 3380 2501 3431 tantummodo
2534 3383 2600 3434 de
2627 3380 2823 3438 16000.

1862 3510 1987 3567 H9.
2028 3512 2267 3567 Chadum
2301 3517 2476 3581 bassa,
2515 3520 2929 3604 Semiue__aspri
2963 3539 3174 3585 auctum
3199 3536 3422 3604 geniza.

2341 3605 2520 3643 rerum
2550 3594 2887 3661 stipendium.

1928 3695 2097 3761 Quem
2158 3699 2243 3754 hic
2303 3703 2540 3759 Annales
2592 3709 2765 3762 nostri
2822 3709 3156 3768 Chadumem
3202 3718 3418 3772 bassam

1856 3800 2072 3853 vocant,
2096 3789 2335 3847 Laouico
2362 3794 2663 3853 Phatumes
2684 3810 2790 3863 est.
2820 3806 2979 3871 regiae
3005 3807 3202 3862 domus
3225 3810 3418 3878 iudex.

1858 3877 1970 3933 Hoc
2001 3881 2122 3934 ideo
2160 3884 2289 3937 duxi
2329 3887 2647 3950 notandum,
2682 3891 2809 3959 quia
2840 3895 3131 3948 confirmat
3169 3877 3236 3950 id
3270 3902 3417 3968 quod

1858 3973 2019 4039 paulo
2041 3985 2170 4027 ante
2209 3977 2407 4045 scripsi
2436 3995 2667 4034 numero
2701 3984 2823 4047 115,
2867 3985 3081 4040 Phazen
3138 3990 3267 4044 alihi
3304 4009 3419 4044 mu-

1856 4066 2077 4119 tandum
2113 4069 2164 4121 in
2200 4069 2430 4133 Chazes,
2464 4083 2520 4125 ut
2557 4074 2646 4128 hic
2683 4074 2978 4133 Phatumes
3016 4081 3067 4133 in
3094 4081 3417 4151 Chatumcs,

1856 4161 1999 4227 quod
2042 4161 2181 4214 idem
2244 4174 2328 4217 est
2388 4181 2511 4219 cum
2546 4168 2875 4226 Chadumes.
2929 4171 2984 4226 ld
3034 4190 3163 4229 vero
3216 4192 3417 4234 nomen

1853 4246 2094 4303 Chadum
2138 4253 2218 4306 vel
2272 4252 2504 4322 Hadum,
2532 4270 2833 4314 castratum
2872 4262 2953 4315 vel
2998 4266 3309 4321 eunuchum
3344 4270 3418 4321 si-

1853 4342 2090 4409 gniﬁcat.
2128 4344 2256 4400 Inde
2287 4351 2430 4413 quod
2465 4352 2686 4415 dicitur,
2730 4355 2993 4424 adjecisse
3019 4358 3411 4415 Mucltemetem

1852 4431 2123 4499 stipendio
2155 4436 2542 4494 Genizarorunt
2593 4445 2877 4499 semissem
2914 4451 3059 4515 aspri
3096 4468 3203 4504 :ex
3261 4468 3414 4506 more

1781 4566 1824 4620 υ
1856 4520 2156 4581 Tui-corum
2193 4530 2419 4602 intelligi
2459 4534 2640 4601 debet,
2677 4538 2771 4607 qui
2807 4556 2833 4590 a
2884 4540 3103 4596 sultano
3128 4559 3229 4598 suo
3264 4548 3416 4598 diura

1854 4636 1952 4673 nas
1986 4626 2234 4677 annonas
2261 4628 2535 4695 accipiunt
2564 4647 2577 4683 :
2618 4647 2725 4683 non
2766 4646 3071 4700 menstrua,
3108 4653 3207 4690 nec
3230 4656 3409 4691 annua

1848 4714 2068 4774 salaria.
2098 4731 2220 4783 quin
2244 4718 2522 4787 principes
2552 4723 2722 4775 nostri
2769 4724 2900 4778 dare
2946 4727 3139 4782 solent.
3192 4730 3403 4785 Causas

1848 4807 2087 4860 revocati
2114 4826 2141 4859 a
2175 4811 2349 4863 bassis
2373 4813 2437 4863 ad
2475 4814 2928 4881 gubernationem
2956 4818 3206 4887 Muralis,
3240 4825 3404 4876 Chal-

1847 4898 2173 4966 cocondyles
2203 4903 2481 4969 exposuit.

2127 5015 2248 5069 120.
2292 5016 2522 5080 Morcus,
2552 5019 2786 5087 Gereme,
2813 5024 3092 5083 Tzaconia.

1917 5126 2151 5199 Moreas.
2177 5148 2375 5199 genere
2407 5138 2675 5201 masculo,
2700 5139 2943 5196 dirilttra
2977 5145 3181 5200 Graec-is
3222 5150 3405 5214 hodie,

1840 5237 1959 5289 qua:
1993 5223 2397 5292 PelopOnncsus
2442 5231 2570 5284 olim
2613 5236 2929 5291 vocabatur.
2968 5238 3175 5294 Nomen
3206 5243 3407 5311 ipsum,

1848 5315 1992 5377 quod
2033 5318 2170 5384 apud
2203 5320 2597 5376 Damascenum
2634 5325 2903 5380 Studitam
2959 5334 3253 5400 reperitur,
3303 5336 3402 5389 de-

1838 5406 2015 5460 rivant
2048 5409 2218 5464 Grzeci
2262 5429 2407 5466 nttnc
2437 5415 2507 5469 ab
2539 5418 2732 5471 arbore
2762 5436 2937 5477 moro.
2995 5427 3138 5490 quod
3167 5436 3278 5481 tota
3311 5447 3398 5483 rc-

1840 5498 1996 5565 gione
2022 5502 2227 5555 scilicet
2255 5507 2418 5558 arbor
2442 5508 2553 5559 haec
2585 5508 2838 5576 frequens
2859 5513 2946 5569 sit.
2978 5515 3077 5569 llic
3125 5535 3406 5590 expugna-

1840 5600 1945 5643 tam
1982 5609 2009 5644 a
2061 5592 2267 5649 Murate
2306 5596 2593 5665 Gcremen,
2640 5604 2965 5673 excidioquo
3023 5611 3225 5675 datam,
3286 5625 3403 5667 tra-

1838 5683 1971 5739 dunt
2001 5689 2238 5741 Annales
2269 5708 2280 5740 :
2316 5707 2478 5759 quam
2508 5695 2749 5751 arbitror
2792 5715 2913 5751 esse
2949 5712 3187 5756 veterem
3239 5705 3406 5763 Gere-

1840 5780 1983 5830 niam
2044 5778 2442 5848 Peloponnesi,
2505 5790 2651 5855 quod
2729 5793 2990 5861 Oppidum
3073 5796 3403 5855 Ptolemaeus

1840 5870 1892 5922 in
1930 5887 1993 5924 ea
2019 5871 2375 5942 Peloponnesi
2407 5889 2560 5947 parte
2582 5882 2969 5954 colloeat,qu:e
2989 5888 3220 5945 Laconia
3259 5894 3400 5947 dice-

2972 5976 3043 6041 26
