4198 6426
758 385 862 450 811

1951 380 2273 440 JOANNIS
2319 381 2783 441 l.EllNCl..\Vli
3895 377 3982 441 812

764 511 924 564 batur
991 505 1141 567 olim,
1201 517 1343 554 nunc
1401 499 1693 564 'l'ramnia,
1741 510 1842 550 non
1891 499 2143 561 Sacania,
2195 501 2335 550 sicut
2367 503 2406 558 Λ
2439 513 2601 563 supra
2631 494 3090 550 deNemu‘tsassiis
3111 495 3284 563 capite
3308 494 3363 546 τι
3397 494 3769 564 exposuimus.
3802 495 3981 551 Anau-

766 599 1000 652 tlrtelius
1037 611 1204 666 prave
1237 594 1483 661 scripsit.

763 693 886 748 121.
930 691 1110 743 Ibam":
1129 704 1217 742 seu
1248 687 1472 740 Joannis
1499 687 1651 748 ditio,
1674 686 2002 745 Cotziacum,
2023 687 2125 740 sive
2152 685 2326 746 Getia,

911 762 1152 823 lscodor,
1181 758 1381 815 Scodra
1417 758 1740 816 Scutarium.
1779 758 2059 811 Iac/render
2091 759 2203 827 beg.

831 875 1068 929 Annales
1102 875 1154 927 lii
1195 873 1456 926 ditionem
1501 871 1728 928 Joannis
1765 881 1979 937 vocant,
2020 887 2180 941 quam
2217 871 2330 923 lha-

766 970 850 1023 nis
882 970 1159 1038 regionem
1203 966 1344 1019 dixit
1419 966 1719 1020 Laonicus.
1758 965 1975 1018 lvanem
2018 979 2146 1017 vero
2198 971 2331 1016 scrt-

767 1063 895 1115 berc
918 1061 1107 1115 debuit
1151 1061 1446 1130 interpres.
1492 1060 1705 1113 Etenim
1762 1057 2040 1111 Serviauis
2074 1060 2240 1119 Iwau,
2275 1070 2331 1110 ut

765 1151 928 1205 hodie
955 1151 1145 1205 Rossis
1183 1167 1404 1219 quoque
1431 1148 1668 1202 Joannes
1703 1160 1946 1202 vocatur.
2008 1148 2332 1216 lntelligitur

767 1255 946 1298 autem
1013 1242 1250 1296 Joannes
1304 1243 1606 1296 Castriotes
1661 1243 1739 1296 vel
1773 1242 2096 1304 Castriotus,
2161 1244 2331 1310 partis

763 1340 1008 1392 Allranice
1034 1339 1307 1406 princeps,
1384 1348 1540 1405 pater
1599 1335 1814 1405 Georgii
1869 1335 2188 1397 Castriolis,
2241 1337 2327 1400 qui

766 1432 1153 1484 nominabatur
1180 1445 1209 1482 a
1244 1429 1440 1482 Turcis
1479 1429 1772 1482 lschentlcr
1801 1431 1920 1496 beg,
1964 1428 2012 1479 id
2041 1436 2120 1480 est
2157 1428 2332 1478 domi—

770 1540 870 1578 rms
906 1524 1234 1587 Alexander,
1267 1537 1332 1575 ex
1361 1537 1470 1590 quo
1495 1520 1654 1590 443
1703 1521 2148 1590 SCanderhogum
2191 1521 2331 1571 fere-

767 1629 893 1670 runt
928 1618 1043 1691 alii,
1077 1631 1444 1686 magnumque
1482 1618 1850 1668 Alexandrum
1903 1632 2006 1668 non
2062 1625 2210 1669 recte
2250 1614 2329 1667 ir.-

770 1711 1047 1780 terpretati
1111 1720 1258 1762 sunt.
1322 1708 1648 1776 Corruptius
1722 1710 1973 1762 eumdem
2054 1707 2331 1761 Bontinius

770 1805 1257 1858 Sandorohechum
1322 1803 1632 1871 appellavit.
1687 1801 1957 1856 Laonicus
2002 1803 2327 1857 Seendercm

770 1899 1008 1966 scripsit.
1035 1898 1124 1966 qui
1163 1912 1295 1964 puer
1329 1897 1378 1948 in
1415 1896 1610 1964 jarruas
1637 1897 1778 1964 regis
1816 1895 2038 1957 venerit,
2098 1895 2199 1950 hoc
2226 1907 2330 1959 est,
2366 1872 2404 1924 Β

770 1993 836 2044 ad
874 1991 1088 2044 Portam
1124 1989 1436 2043 Osmanida:
1488 1988 1780 2058 principis;
1837 1999 1891 2042 et
1927 1989 2045 2043 hoc.
2091 1999 2335 2056 tempore

768 2085 1034 2139 Muratem
1070 2084 1119 2138 ei
1176 2083 1377 2137 bellum
1412 2083 1607 2136 fecisse
1641 2092 2054 2136 commemorat.
2107 2081 2334 2136 Clraleo-

767 2175 1015 2248 coridylis
1075 2178 1348 2246 interpres
1391 2175 1490 2229 hoc
1548 2175 1669 2229 loco
1707 2175 1935 2245 margini
1979 2175 2201 2228 Calcioli
2235 2191 2332 2226 nu-

770 2289 892 2327 men
925 2272 1199 2340 ascripsit,
1265 2285 1362 2339 pro
1417 2269 1637 2322 nomine
1685 2269 1962 2324 Castrioti.
2017 2268 2332 2323 Cotziaemn

771 2369 823 2420 in
870 2366 1029 2435 hujus
1061 2364 1185 2418 belli
1237 2361 1575 2424 narratione.
1631 2362 1769 2416 libro
1822 2364 2053 2432 septimo
2085 2362 2332 2422 Laouici,

768 2458 922 2512 Getia
951 2468 1212 2520 vocatur:
1243 2456 1417 2509 vicina
1444 2454 1596 2508 Cruze
1655 2454 1891 2524 (Crojarn
1925 2454 2096 2508 nostri
2126 2455 2332 2518 dieuut,

771 2556 834 2605 de
874 2567 979 2620 qua
1012 2551 1162 2618 plura
1195 2549 1354 2618 paulo
1395 2549 1566 2616 post),
1602 2563 1762 2614 quam
1795 2558 1914 2616 post
1944 2549 2177 2611 Getiarn,
2213 2548 2337 2600 licet

771 2648 1001 2708 frustra,
1037 2643 1275 2697 Muratcs
1307 2642 1536 2696 adortus
1574 2639 1694 2694 fuit.
1753 2640 2080 2710 lscodarbeg
2137 2642 2337 2695 Turcis

771 2752 852 2796 est
898 2741 1118 2796 Scodrae
1166 2741 1424 2794 dominus
1470 2740 1585 2792 sive
1629 2738 1902 2808 princeps,
1964 2739 2216 2793 videlicet
2253 2740 2336 2791 hic

775 2837 888 2904 ipso
933 2834 1198 2901 Georgius
1252 2831 1583 2892 Castriotus,
1616 2831 1808 2899 dequo
1849 2831 2072 2884 dictum.
2130 2829 2336 2885 Scodra

773 2943 904 2981 vero
927 2927 1132 2982 Graecis
1157 2935 1241 2980 est
1287 2925 1493 2992 integra
1548 2937 1680 2977 voce
1739 2921 2075 2976 Scutariurn.
2129 2921 2336 2978 Plinius

777 3035 954 3075 tamen
992 3017 1193 3072 alicubi
1235 3015 1497 3070 Scodram
1530 3021 1709 3078 vocat,
1734 3022 1789 3068 et
1838 3013 1890 3067 in
1950 3013 2173 3068 Novella
2205 3014 2336 3066 ινφ

775 3117 860 3168 nis
887 3112 1116 3183 Augusti
1145 3112 1212 3164 de
1237 3111 1449 3163 thronis
1473 3109 1634 3162 etiam
1664 3108 1965 3162 Scodarum
1989 3108 2336 3176 episcopatus

2435 601 2539 641 tem
2572 590 2697 642 victi
2734 589 2981 643 Saxones
3018 589 3192 644 nostri
3215 606 3243 642 a
3277 588 3480 642 Karulo
3513 591 3979 657 magnoAugusto.

2433 683 2895 750 quemadmodum
2931 683 2982 735 in
3017 683 3351 745 Flantlriam,
3373 685 3454 737 sic
3485 684 3725 736 etiamin
3753 684 3866 736 hate
3895 682 3971 733 llr.

2432 773 2556 825 delii
2594 773 2710 827 loca
2745 775 2994 828 translati
3036 773 3261 836 fuerint,
3293 774 3437 842 quod
3474 773 3749 843 aliquibus
3780 789 3977 843 persua-

2434 881 2553 918 sum
2581 866 2736 918 video
2772 883 2786 918 :
2818 882 2926 920 non
2957 867 3121 934 hujus
3146 877 3232 921 est
3264 868 3388 931 loci,
3415 866 3686 936 prolixius
3709 867 3970 919 discutere

2435 957 2561 1009 Mihi
2586 958 2800 1026 quidem
2835 959 2923 1012 vix
2958 975 3085 1013 vero
3109 959 3168 1013 ﬁt
3195 959 3396 1024 simile,
3435 959 3527 1028 qui
3554 959 3727 1013 sciam
3755 973 3868 1012 uno
3895 975 3985 1010 δη·-

2435 1049 2558 1101 culo
2591 1048 2834 1102 Saxones
2887 1062 3010 1105 ante
3049 1050 3311 1103 Karulunr
3346 1066 3598 1119 magnum
3636 1051 3690 1102 in
3721 1048 3989 1102 Pannonia

2434 1155 2557 1194 cum
2586 1142 2722 1210 ipsis
2744 1140 2919 1197 fuisse
2944 1143 3159 1198 civibus
3174 1143 3292 1197 suis
3320 1142 3696 1214 Longobardis
3722 1159 3736 1208 ;
3758 1152 3820 1196 ut
3847 1144 3966 1194 omit

2438 1243 2541 1286 tam
2575 1234 2700 1297 alia,
2729 1249 2850 1302 qua:
2876 1250 3006 1288 sane
3035 1236 3267 1304 plurirua
3319 1245 3540 1304 possent
3572 1236 3626 1288 in
3657 1236 3890 1288 rnedinru
3921 1238 3992 1286 at“-

2436 1325 2586 1379 ferri.
2616 1325 2799 1394 Copia:
2828 1339 3165 1392 nostrorum,
3185 1343 3320 1398 quas
3346 1328 3505 1382 Turci
3543 1328 3812 1381 maximas
3839 1328 3992 1380 Ῐιιὶςδι-

2435 1422 2645 1485 dicunt,
2680 1421 2957 1474 hominum
3005 1421 3193 1490 viginti
3235 1421 3344 1473 duo
3372 1422 3539 1473 millia
3591 1422 3942 1475 coatinebant
3981 1440 3992 1471 :

2436 1525 2630 1580 praeter
2658 1514 2922 1568 Valaclros
2950 1523 3152 1579 tamen,
3195 1515 3270 1567 uti
3302 1515 3589 1567 Bonﬁnius
3627 1515 3898 1570 meminit.

2438 1633 2559 1685 123.
2602 1630 2817 1685 Valacltr'
2849 1652 2878 1686 a
2905 1630 3088 1685 Turcis
3116 1635 3254 1694 (τωδὶ,
3274 1633 3420 1698 justo
3436 1629 3644 1698 judicio
3678 1629 3993 1684 vindicatum

3016 1706 3069 1757 in
3096 1706 3423 1773 transfugas.

2506 1797 2671 1850 Aiunt
2722 1798 2983 1860 Annaies,
3033 1813 3209 1853 ca-sos
3259 1815 3286 1850 a
3336 1798 3732 1866 limitotrOphis
3803 1796 3998 1866 aliquot

2438 1889 2753 1959 proceribus
2798 1889 3043 1944 Turcicis
3073 1888 3245 1946 fuisse
3289 1891 3552 1948 Valachos
3584 1902 3714 1946 ante
3743 1894 3997 1946 commis-

2438 2000 2558 2036 snrn
2627 1984 2681 2037 in
2725 1983 2945 2054 planitie
3004 1985 3291 2040 Cosovana
3340 1987 3611 2055 praelium.
3674 1987 3998 2044 Chalcocon-

2439 2077 2587 2146 rlyles
2625 2091 2751 2128 vero
2780 2077 2966 2140 tradit,
3013 2075 3286 2132 Valaclros
3328 2077 3400 2131 ab
3432 2075 3668 2148 Ungaris
3711 2088 3763 2131 et
3796 2089 4001 2131 ρωιρτις

2437 2169 2761 2224 Christianis
2794 2171 2859 2222 ad
2889 2168 3153 2224 Muratem
3188 2171 3290 2224 sub
3321 2169 3494 2240 ipsam
3547 2171 3817 2225 defecisse
3847 2171 4001 2226 Coeo-

2440 2275 2630 2313 vanam
2665 2260 3070 2315 dimicationem
3103 2278 3117 2313 :
3150 2259 3326 2328 deque
3361 2261 3631 2315 sententia
3658 2253 3888 2312 Muratis
3924 2276 4003 2312 ar-

2441 2368 2524 2406 ma
2548 2352 2960 2423 ponerejussos,
2997 2353 3047 2404 in
3077 2354 3351 2407 exercitus
3372 2354 3656 2422 utriusque
3684 2365 4000 2421 conspectu.

2440 2461 2651 2500 summa
2704 2461 2828 2500 cum
2888 2446 3133 2502 ornoium
3183 2446 3568 2511 admiratione,
3607 2462 3704 2502 ceu
3773 2447 4003 2516 perﬁdos

2441 2539 2754 2610 transfugas
2797 2555 2860 2594 ac
2891 2540 3218 2606 desertores,
3275 2541 3579 2595 trucidatos
3633 2540 3824 2595 luisse.
3857 2540 4002 2606 Quod

2439 2628 2689 2693 equidem
2725 2630 3030 2696 exemplum
3057 2629 3353 2698 singularis
3382 2630 3434 2682 in
3466 2629 3678 2684 Murate
3707 2634 4006 2684 severitatis

2441 2733 2503 2769 ac
2525 2717 2772 2785 justitite,
2810 2720 3142 2787 praeteritum
3179 2737 3209 2774 a
3235 2709 3431 2775 Turcis
3463 2735 3587 2775 esse
3623 2722 3874 2786 silentio,
3905 2739 4004 2775 non

2441 2811 2539 2862 abs
2568 2824 2624 2864 re
2659 2811 2850 2864 miror.

2441 2924 2566 2978 124.
2609 2927 2790 3001 Annus
2823 2928 2996 3001 ρξ’ῳίἱὶ
3027 2926 3309 2994 Cosouani,
3358 2947 3604 2984 numerus
3635 2933 3889 3001 utrinque
3915 2947 4008 2986 ca:-

2497 3013 2697 3049 sarum.
2737 2999 2816 3050 An
2850 2999 3064 3052 Morava
3094 3001 3285 3068 ﬂuvius
3313 3004 3452 3055 idem
3487 3019 3605 3054 cum
3638 2999 3941 3056 Sclrr'tnr'za.

2512 3089 2830 3146 Notavimus
2855 3093 2904 3144 in
2930 3095 3170 3162 margine
3192 3095 3313 3148 libri
3335 3110 3537 3149 annum
3559 3095 4007 3151 Mahumetanum

775 3210 875 3263 sub
908 3206 1283 3277 Dyrrhaclrlna
1311 3202 1597 3270 metropoli
1631 3201 1917 3271 reperitur,
1949 3203 2038 3271 qui
2065 3217 2195 3255 sane
2224 3219 2329 3255 non
2364 3217 2404 3276 ρ

2441 3183 2566 3240 855.
2606 3198 2714 3258 quo
2765 3196 3056 3253 pugnatum
3105 3187 3157 3238 in
3185 3186 3472 3241 Cosovana
3517 3188 3754 3255 planitie,
3790 3206 4012 3257 reSpon-

775 3305 1029 3356 diversus
1067 3309 1150 3354 est
1174 3301 1241 3350 ab
1272 3298 1391 3366 ejus
1419 3296 1656 3350 civitatis
1687 3297 2025 3364 episeopatu,
2056 3295 2216 3365 cujus
2249 3297 2334 3350 hic

773 3398 832 3447 lit
865 3393 1091 3447 mentio.
1126 3389 1348 3445 Fallitur
1387 3387 1658 3441 Barletius
1689 3428 1703 3450 ,
1755 3403 1876 3440 cum
1919 3387 2113 3442 Turcis
2167 3387 2334 3440 Scan-

772 3488 946 3540 driam
976 3485 1084 3539 dici
1110 3494 1279 3553 putat,
1310 3484 1465 3552 quasi
1491 3480 1900 3538 Alexandriam.
1934 3481 2068 3534 Nam
2120 3483 2336 3534 lseodnr

771 3596 881 3634 non
936 3588 1018 3633 est
1077 3576 1342 3630 Scandria
1374 3615 1388 3638 ,
1456 3589 1556 3628 nec
1602 3572 1933 3626 Alexandria
1989 3582 2216 3626 vocatur
2257 3575 2335 3626 eis

770 3672 1056 3731 Seandria,
1085 3669 1181 3723 sed
1216 3667 1547 3722 lsclrendric.

822 3787 948 3840 19.2.
989 3783 1224 3838 Saxones
1251 3783 1302 3834 in
1329 3781 1594 3903 HunSiadis
1627 3782 1881 3834 exercitu.
1916 3777 2086 3839 θριξὶ,
2115 3777 2308 3844 Sassii,

1479 3866 1648 3903 ama.

1479 3866 1648 3904 08810.

842 3949 1034 4001 Mirum
1085 3946 1243 4000 alicui
1283 3944 1548 4005 videatur,
1585 3957 1684 3997 cur
1721 3940 1960 3996 Annales
1997 3941 2332 3995 mentionem

769 4043 1048 4096 Saxonum
1084 4038 1172 4093 hic
1221 4051 1468 4092 seorsqu
1501 4033 1728 4095 faciant.
1767 4049 1890 4088 cum
1949 4035 2127 4087 statim
2161 4035 2212 4086 in
2244 4049 2333 4100 gc-

772 4151 897 4188 nere
933 4135 1328 4187 Germanorum
1389 4143 1585 4181 nomen
1646 4128 1959 4195 subjiciunt,
2027 4142 2135 4196 quo
2167 4127 2335 4179 Saxo-

773 4243 866 4280 nes
897 4226 1059 4278 etiam
1086 4224 1453 4277 continentur.
1473 4220 1602 4284 Ejus
1622 4218 1891 4272 eximendi
1917 4217 2155 4285 scrupuli
2173 4233 2336 4270 causa

778 4320 925 4378 dico.
950 4330 1056 4369 non
1090 4316 1177 4368 hic
1208 4312 1464 4366 nostroin
1494 4310 1783 4365 Germania
1807 4309 2050 4362 Saxones
2079 4308 2336 4376 intelligi:

776 4411 867 4464 Sed
892 4408 1139 4462 Saxones
1160 4403 1582 4459 Transsilvanim
1617 4403 1698 4455 vel
1725 4401 1943 4465 Erdelii,
1975 4401 2058 4454 vel
2092 4398 2336 4468 Septem-

769 4502 1067 4558 eastrensis
1097 4501 1149 4554 iu
1185 4498 1417 4568 Ungaria
1458 4496 1697 4564 regionis
1734 4495 1966 4559 incolas,
1992 4493 2082 4563 qui
2121 4491 2337 4546 Sassios

2441 3277 2566 3327 dere
2596 3275 2912 3329 Christiano
2947 3277 3083 3332 “48
3116 3296 3130 3331 :
3159 3293 3267 3347 quo
3298 3276 3578 3334 Bontiuius
3597 3285 3756 3334 etiam
3787 3283 4010 3336 dimica-

2439 3378 2550 3419 turu
2588 3368 2826 3436 scripsit.
2863 3369 3010 3422 ldem
3049 3369 3222 3434 addit,
3252 3371 3482 3438 periisse
3533 3374 3817 3430 continuis
3863 3379 4009 3428 hisee

2438 3461 2777 3516 conﬂictibus
2817 3463 3119 3516 Turcorum
3151 3465 3218 3517 ad
3268 3465 3496 3535 triginta
3525 3480 3761 3535 quatuor
3821 3470 4012 3529 millia,

2437 3554 2876 3608 Christianorum
2910 3571 3040 3610 vero
3072 3556 3338 3611 duntaxat
3367 3568 3491 3613 octo
3519 3560 3715 3622 millia,
3745 3565 4012 3629 quemad-

2441 3650 2657 3700 modum
2711 3646 2955 3703 Murates
2990 3650 3106 3717 ipse
3133 3651 3250 3705 suis
3280 3653 3331 3704 in
3371 3652 3564 3707 litteris
3593 3652 3658 3706 ad
3692 3653 4011 3710 Corinthios

2438 3740 2616 3793 lassus
2643 3739 2825 3793 fuerit.
2859 3740 3128 3795 Caeterum
3172 3743 3273 3797 hoc
3309 3742 3431 3797 loco
3456 3746 3737 3813 praterire
3790 3748 4013 3802 silentio

2439 3849 2543 3884 non
2571 3847 2817 3900 possum,
2849 3848 2932 3887 me
2965 3836 3215 3903 superius
3242 3851 3469 3891 numero
3505 3847 3762 3892 notarum
3790 3840 3861 3893 48
3893 3843 4014 3909 pol-

2438 3923 2646 3977 licitum
2715 3925 3132 3993 explicationem
3190 3930 3528 3997 quzestiouis,
3593 3947 3660 3985 an
3720 3934 4012 3988 Schituiza

2439 4016 2634 4069 ﬂuvius
2663 4016 2802 4070 idem
2824 4018 3040 4072 sitcum
3092 4018 3329 4076 Morava.
3376 4023 3466 4076 Sic
3517 4025 3661 4077 enim
3699 4026 3848 4080 hunc
3887 4045 4015 4082 cum

2443 4109 2634 4163 incolis
2663 4123 2815 4172 voco,
2842 4110 2933 4178 qui
2961 4112 3411 4184 Chalcocondylis
3441 4116 3720 4183 interpreti
3758 4119 4018 4173 Morabas

2441 4201 2717 4256 scribitur.
2759 4200 3028 4258 Cedrinus
3061 4205 3258 4260 alicubi
3291 4205 3564 4262 Moravern
3601 4221 3708 4262 tam
3755 4212 4013 4277 ﬂuvium,

2439 4309 2601 4360 quam
2634 4293 2918 4347 castellum
2951 4295 3016 4347 ad
3040 4296 3160 4365 ejus
3192 4298 3358 4363 ripam
3382 4300 3640 4366 positum,
3674 4317 3787 4357 non
3824 4307 4020 4374 proerrl

2441 4402 2468 4438 a
2509 4386 2826 4456 Beligrarlis,
2881 4389 3164 4442 nominare
3219 4391 3452 4443 videtur.
3502 4392 3776 4457 Pervenit,
3813 4397 4020 4463 inquit,

2444 4496 2615 4549 usque
2647 4481 2713 4534 ad
2751 4480 3022 4535 Moravem
3063 4492 3118 4536 et
3155 4483 3465 4553 Belegrada,
3502 4502 3622 4554 qua:
3674 4497 3853 4541 castra
3887 4499 4025 4543 sunt

767 4599 882 4650 sive
910 4596 1153 4649 Saxones
1185 4592 1449 4659 hodieque
1478 4605 1535 4644 se
1569 4588 1913 4657 proﬁtentur,
1950 4595 2004 4640 et
2037 4601 2067 4639 a
2091 4585 2328 4647 Ceculis,
2359 4586 2411 4644 Β
2442 4577 2751 4642 Pannoniae,
2788 4578 2844 4631 in
2875 4576 3280 4633 Transistriana
3315 4581 3536 4649 regione
3586 4581 3712 4644 sita,
3756 4591 3813 4635 et
3861 4584 4022 4637 Crali

768 4688 1007 4753 ejusdem
1035 4684 1271 4754 regionis
1305 4682 1522 4747 ineolis,
1549 4693 1658 4734 tam
1688 4680 1893 4748 lingua,
1917 4693 2078 4748 quam
2107 4677 2230 4731 aliis
2255 4692 2337 4729 re-

769 4783 892 4839 bus,
925 4778 1177 4831 onrnibus
1203 4775 1483 4830 differunt.
1508 4773 1646 4827 Hinc
1669 4771 1954 4825 Bonlinius
1982 4769 2034 4822 in
2061 4766 2337 4821 Transsil-

770 4875 926 4924 vania
973 4871 1088 4924 sita:
1125 4868 1444 4923 Saxobaniu:
1467 4865 1802 4919 mentionem
1833 4863 1981 4925 facit,
2010 4862 2203 4930 pagina
2233 4860 2336 4912 612

768 4975 1054 5034 postrema:
1078 4961 1552 5014 Francol‘urten’sis
1576 4956 1852 5017 editionis,
1875 4969 2036 5022 quam
2062 4951 2336 5004 Sambuco

769 5065 953 5109 nostro
979 5055 1285 5108 clarissimo
1313 5053 1569 5103 debemus
1611 5063 1624 5099 :
1658 5047 1812 5115 cujus
1847 5047 2097 5114 equidem
2136 5043 2331 5097 mortui

772 5148 1088 5201 meritoriam
1111 5161 1235 5197 cum
1261 5139 1628 5196 benevolentia
1651 5151 1877 5205 usurpo,
1894 5146 1946 5188 et
1963 5143 2156 5203 praeter
2176 5137 2336 5185 rueri-

769 5251 880 5291 tum
907 5255 936 5290 a
960 5237 1192 5306 quodam
1222 5231 1535 5288 excellentis
1562 5228 1767 5296 ingenii
1793 5227 2163 5293 doctrinaeque
2194 5224 2332 5284 viro,

771 5335 922 5389 nobis
942 5332 1124 5384 itidem
1152 5329 1350 5388 amico,
1374 5340 1494 5377 mox
1521 5339 1548 5376 a
1573 5332 1746 5377 morte
1767 5318 1930 5390 paulo
1958 5327 2152 5371 tactam
2179 5316 2336 5370 irrele-

769 5429 1025 5490 meutius,
1085 5426 1261 5479 doleo.
1300 5423 1362 5475 Et
1395 5421 1594 5473 ibidem
1627 5419 1932 5471 Sambucus
1962 5413 2192 5483 margini
2236 5429 2328 5465 no-

767 5537 891 5574 men
931 5520 1052 5580 Saz,
1092 5518 1158 5570 ad
1194 5513 1562 5568 Saxobaniam
1621 5509 1877 5577 ascripsit
1913 5521 1928 5561 :
1961 5522 2070 5576 quo
2120 5507 2327 5575 signiti—

765 5630 891 5670 rare
926 5611 1114 5671 voluit,
1149 5612 1286 5660 hanc
1313 5622 1340 5658 a
1374 5607 1547 5673 Saziis
1585 5605 1696 5657 sive
1751 5601 1956 5654 Sasziis
1995 5601 2072 5653 sic
2103 5599 2326 5652 dictam.

765 5708 963 5762 Notum
997 5719 1142 5764 vero,
1181 5700 1422 5754 Samnes
1448 5717 1476 5750 κ
1508 5696 1820 5756 Germanis,
1853 5708 1988 5761 quos
2017 5691 2330 5758 superiores

766 5808 983 5862 vocant,
1011 5797 1085 5848 ita
1107 5793 1373 5848 nominari
1407 5809 1422 5842 :
1455 5806 1577 5843 cum
1613 5790 1713 5858 ipsi
1765 5787 1989 5855 patrianr
2023 5797 2178 5837 suam
2209 5781 2330 5833 Sas-

764 5897 922 5949 siam.
958 5903 1120 5952 seque
1154 5885 1370 5940 Sassios
1412 5883 1718 5948 indigitent.
1757 5878 1848 5931 llis
1883 5876 2170 5944 coujnugc,
2208 5888 2327 5941 quae

2440 4669 2655 4724 Turcim
2678 4672 2873 4725 vicina.
2900 4671 3109 4737 Quibus
3137 4673 3319 4726 verbis
3345 4672 3548 4728 ultimis
3575 4673 3764 4727 Crates
3793 4675 4026 4730 Turciae

2439 4764 2706 4833 signiticat
2729 4761 2980 4832 Ungaria:
3013 4780 3214 4832 regem.
3245 4767 3456 4833 Srepius
3497 4767 3642 4820 enim
3684 4770 3885 4836 repetit
3917 4770 4025 4823 Ce-

2439 4858 2648 4916 drinus,
2685 4853 2871 4909 Unnos
2907 4867 2959 4910 et
2999 4856 3207 4924 Ungros
3229 4857 3335 4910 dici
3365 4855 3595 4911 Tureos.
3632 4857 3778 4912 ldem
3817 4860 3927 4914 hos
3972 4866 4026 4914 in

2438 4949 2714 5001 Pannonia
2743 4946 2950 5002 Turcos
2985 4949 3346 5003 occidentales
3371 4951 3634 5004 discernit
3661 4966 3691 5003 a
3719 4954 3933 5018 positis
3977 4958 4030 5005 in

2441 5042 2636 5093 vicinia
2682 5041 2968 5093 Persarum
3013 5039 3207 5092 Turcis
3256 5041 3639 5094 orientalibus.
3685 5041 3749 5095 Et
3813 5044 4030 5098 Turcis

2439 5133 2616 5186 l’ersis
2666 5131 2935 5200 hodieque
2991 5133 3248 5185 dicuntur
3297 5131 3568 5201 MOgores,
3603 5133 3749 5203 quod
3805 5151 4028 5190 nomen

2437 5225 2579 5292 genti
2609 5240 2720 5279 suae
2748 5240 2890 5278 nunc
2926 5226 3087 5278 etiam
3121 5226 3365 5279 tribuunt
3395 5223 3618 5292 Ungari.
3658 5229 3804 5280 sicut
3836 5227 4026 5298 Egin-

2439 5319 2627 5370 hartus
2675 5331 2894 5385 quoque
2956 5317 3144 5370 Karuli
3199 5317 3378 5386 Magni
3447 5328 3693 5387 tempore
3757 5320 4028 5387 scripsit.

2436 5407 2599 5480 ω
2639 5408 2813 5477 Ugros
2850 5410 2933 5462 vel
2981 5407 3190 5478 Ungros
3223 5420 3276 5462 et
3327 5408 3571 5476 Magores
3600 5409 3827 5463 eosdem
3863 5429 4028 5465 essu

2441 5503 2572 5555 Nota
2611 5517 2710 5556 vox
2744 5500 3108 5572 Ungarorum,
3156 5502 3392 5572 Maggior
3435 5502 3643 5555 mudra.
3676 5501 3782 5555 Sed
3821 5505 4032 5557 redea-

2439 5611 2561 5649 mus
2597 5595 2663 5649 ad
2722 5594 3015 5649 Moravam.
3065 5595 3343 5648 Geufrteus
3379 5592 3651 5647 Moravaur
3701 5597 3833 5648 olim
3897 5595 4028 5649 Ho-

2435 5688 2626 5741 schum
2676 5686 2842 5740 fuisse
2910 5686 3243 5740 nominatum
3291 5696 3463 5756 putat.
3523 5686 3772 5740 Meminit
3821 5698 4027 5740 autem

2438 5778 2729 5842 Laonicus,
2751 5778 2993 5845 sepultos
3017 5777 3188 5829 fuisse
3207 5774 3441 5839 Turcos,
3468 5777 3569 5829 hoc
3596 5779 3781 5845 praelio
3807 5793 4022 5836 caesos.

2437 5872 2502 5925 ad
2536 5871 2702 5938 ripam
2737 5871 2961 5924 Morava:
2996 5867 3255 5922 ﬂuminis.
3284 5867 3560 5924 Bontinius
3619 5883 3748 5923 vero
3812 5885 4024 5938 proce-
