4198 6426
195 421 299 487 813

1350 427 1746 488 PANDECTF.
1791 429 1985 489 HIST.
2030 428 2327 490 TURCIC.

3326 432 3428 494 814

194 557 279 594 res
317 540 390 593 ait
423 539 617 593 ibidem
675 541 939 610 sepultos,
991 541 1267 612 gregarios
1316 542 1367 595 in
1406 544 1760 611 proﬂuentem
1793 552 1834 608 Α
1866 557 1945 599 tes
1995 547 2075 601 bis
2114 547 2345 613 obsedit,
2385 562 2494 616 quo
2540 546 2607 601 de
2640 562 2782 602 nunc
2816 547 3072 617 agimus:
3104 558 3157 603 et
3203 563 3325 603 cum
3368 562 3429 602 ea

194 632 524 685 Scliitnizam
571 633 872 701 conjrctos.
928 631 1065 686 Hlnc
1122 649 1309 702 parere
1332 634 1570 696 videtur,
1612 636 1753 688 idem

193 740 314 777 CSSc
363 723 585 787 ﬂumen,
636 722 974 777 Schituizam
1035 736 1088 778 et
1119 726 1422 779 Moravam.
1474 724 1580 779 Sed
1631 742 1754 779 cum

190 818 439 884 equidem
491 818 764 871 recordari
807 818 1017 881 videar,
1073 822 1297 873 comites
1362 828 1577 871 nostros
1633 820 1757 873 istic

192 927 359 963 unum
385 909 656 963 Moravam
681 910 992 964 nominasse
1020 925 1034 963 :
1072 907 1237 964 restat
1263 911 1757 975 utconcludamus,

195 1003 529 1055 Sclritnizam
556 1003 818 1055 hactenus
848 1010 1171 1056 conservato
1205 1003 1445 1066 nomine,
1474 1010 1756 1073 postquam

192 1111 251 1148 se
284 1096 512 1148 hiorava
534 1096 777 1158 miscuit,
806 1095 1010 1148 amisso
1031 1096 1195 1160 priori
1215 1096 1480 1148 vocabulo
1499 1096 1758 1164 deinceps

190 1188 312 1241 solo
341 1187 573 1239 Morava
612 1188 833 1239 nomine
865 1188 1101 1251 censeri,
1136 1187 1308 1241 donec
1336 1188 1407 1240 ita
1432 1188 1757 1256 conjunctus

192 1290 421 1346 uterque
445 1278 640 1331 ﬂuvius
677 1279 727 1330 in
753 1277 1056 1331 Danubium
1093 1279 1328 1332 labatur.
1363 1279 1580 1332 Memini
1617 1282 1758 1333 vado

194 1386 295 1423 nos
343 1372 575 1424 transire
634 1370 930 1435 Moravam,
972 1384 1177 1438 magna
1227 1371 1490 1424 mensium
1554 1372 1759 1440 aliquot

189 1462 434 1516 siccitate
466 1464 754 1531 plurimum
793 1463 1090 1517 deminutis
1125 1464 1246 1533 ejus
1275 1464 1432 1532 aquis
1467 1484 1479 1516 :
1514 1465 1604 1518 sed
1628 1479 1761 1517 nus-

191 1572 356 1623 quam
420 1556 489 1609 ab
518 1557 597 1610 eis
626 1556 816 1610 incolis
844 1557 1142 1618 Schitniza,
1183 1558 1383 1626 ubique
1410 1557 1624 1611 Morava
1663 1573 1761 1610 no-

191 1649 523 1712 minabatur,
587 1659 775 1701 contra
815 1648 1128 1717 interpretis
1175 1649 1363 1703 Gallici
1418 1650 1755 1718 opinionem.

197 1782 326 1834 125.
359 1779 511 1833 Feris
539 1779 650 1849 beg,
679 1779 901 1848 Gargani
931 1783 1036 1833 sire
1068 1781 1465 1850 Cltrysonicum,
1497 1779 1757 1832 Anatolio:

837 1868 1085 1905 montana

1862 640 2023 709 potiri
2054 642 2287 695 secanda
2344 641 2754 711 oppugnatione
2796 657 2901 694 non
2941 651 3142 709 posset,
3194 642 3246 694 in
3280 657 3429 695 mor-

1863 735 1986 788 bum
2046 735 2295 789 lcthalem
2341 749 2453 803 pra
2513 733 2883 802 indignatione
2941 734 3148 800 lapsus,
3178 733 3422 788 rabidam

1860 828 2411 882 exhalavitanimam.
2435 824 2683 881 Imitatus
2709 835 2792 882 est
2815 836 3021 896 patrem
3051 823 3423 895 persequendo

1859 918 2149 984 Castriote,
2176 914 2527 987 vexamlaque
2548 920 2734 989 Croja,
2764 919 3128 972 Mucltemetes
3150 920 3424 973 secundus

1864 1014 2004 1066 ‘ilins
2031 1032 2043 1066 :
2077 1013 2167 1082 qui
2194 1015 2468 1067 continuis
2489 1013 2887 1066 munitionibus
2923 1011 3162 1079 undique
3186 1013 3428 1068 circum‘

1859 1105 2060 1170 datam,
2084 1117 2138 1158 et
2166 1107 2470 1161 arctissime
2488 1107 2752 1169 clausam,
2774 1122 2968 1175 capere
2996 1115 3176 1159 tamen
3204 1120 3307 1158 non
3332 1121 3427 1173 νο⁴

1864 1201 1985 1262 tuit,
2013 1200 2424 1269 Scanderbegus
2460 1204 2677 1253 tandem
2708 1210 2905 1269 sponte
2936 1200 3158 1254 Vénetis
3181 1214 3298 1253 eam
3327 1200 3429 1255 do-

1862 1298 2014 1346 navit
2046 1305 2170 1347 ante
2201 1304 2449 1357 inortem,
2505 1313 2572 1350 ne
2605 1303 2773 1349 tanta:
2824 1295 3135 1358 reipublicae
3169 1295 3429 1348 destituta

1864 1385 2137 1453 przcsidio,
2169 1386 2474 1441 Turcorum
2535 1388 2587 1442 in
2656 1403 2850 1440 manus
2885 1403 3006 1439 mox
3058 1402 3086 1438 a
3126 1395 3298 1439 morte
3333 1386 3430 1437 de-

1865 1479 2098 1531 fensoris
2130 1482 2360 1534 veniret.
2401 1478 2588 1534 Obiter
2618 1483 2719 1534 hoc
2749 1480 3022 1547 adjicitur,
3053 1481 3120 1532 ab
3143 1480 3241 1531 hac
3267 1479 3427 1549 Croja

1863 1588 2055 1625 nomen
2086 1573 2277 1626 tulisse
2314 1575 2690 1628 nobilissimos
2722 1573 2889 1644 Belgii
2933 1589 3186 1643 proceres
3233 1570 3427 1641 Croja-

1864 1679 1982 1724 nos,
2023 1666 2113 1733 qui
2161 1666 2380 1736 Crojam
2413 1668 2709 1737 aliquando
2743 1669 3051 1737 possedisse
3084 1668 3374 1719 traduntur
3409 1684 3421 1718 :

1862 1757 2001 1810 sicut
2030 1758 2081 1810 in
2116 1759 2303 1812 iisdem
2337 1760 2576 1813 Albania
2607 1760 2740 1813 locis
2774 1768 2835 1815 et
2866 1758 3179 1813 Karlovitzii
3223 1758 3423 1826 princi‘

1865 1864 1977 1917 pes,
1998 1850 2208 1920 origine
2236 1851 2395 1914 Galli,
2427 1853 2492 1905 de
2516 1853 2711 1921 quibus
2736 1853 2939 1907 dictum
2967 1852 3140 1921 capite
3169 1852 3259 1913 46.
3290 1851 3423 1921 Dyr-

265 1963 469 2016 Nomcn
527 1962 832 2033 beglerbeai
865 1960 1174 2025 Romaniae,
1207 1964 1300 2032 qui
1343 1962 1632 2033 Gargani",
1668 1980 1753 2016 π,
1788 1922 1829 1975 Β
1863 1944 2144 1998 rhachium
2171 1960 2412 2000 suo'cum
2447 1962 2577 2016 agro
2608 1955 2933 1999 tenuerunt:
2967 1956 3021 1999 et
3042 1945 3257 1998 Achaia
3280 1958 3429 2010 prm-

189 2074 309 2112 cem
336 2059 413 2111 tel
442 2058 700 2128 oppidum
736 2058 1214 2124 instaurarejussu
1245 2056 1472 2111 Muralis
1505 2060 1755 2120 debebat,

191 2150 433 2203 Annales
492 2152 589 2216 ipsi
631 2164 735 2201 non
786 2157 1191 2217 expresserunt.
1237 2146 1518 2201 Bonlinius
1572 2159 1754 2200 autem

189 2243 434 2310 scripsit,
458 2242 600 2295 hunc
631 2242 956 2309 appellatum
986 2240 1156 2294 fuisse
1183 2240 1585 2310 Frigiliechum,
1610 2244 1755 2308 quod

190 2335 378 2387 Italica
426 2337 873 2404 pronuntiatione
910 2336 1245 2389 tantumdem
1299 2336 1457 2397 valet,
1488 2351 1550 2389 ac
1585 2334 1757 2387 Frisi—

188 2426 315 2494 beg.
349 2425 506 2479 Τυτεὶ
539 2425 708 2481 Fer-isi
737 2428 859 2496 beg,
895 2437 988 2480 aut
1017 2426 1173 2481 Feris
1196 2428 1295 2497 beg
1324 2427 1631 2480 enuntiant.
1653 2425 1757 2479 Re-

190 2521 401 2588 peritur
441 2520 587 2572 enim
636 2521 890 2588 superius
924 2521 1027 2572 tale
1058 2522 1174 2589 begi
1211 2521 1498 2588 cujusdam
1528 2521 1755 2574 alterius

189 2627 414 2674 nomen,
446 2613 599 2664 initio
632 2614 753 2665 vita
801 2611 1049 2678 Bajasitis
1085 2612 1263 2680 primi,
1294 2613 1383 2679 qui
1440 2627 1758 2679 progressus

185 2719 313 2755 cum
339 2705 509 2770 copiis
538 2705 604 2756 ad
640 2705 942 2757 Danubium
980 2720 1172 2771 usque,
1207 2707 1417 2771 primus
1453 2705 1577 2757 istic
1609 2702 1757 2756 Vitli-

186 2812 317 2848 nam
364 2812 661 2863 occupasse
698 2798 951 2850 traditur.
983 2796 1245 2864 Oppidum
1299 2796 1529 2864 Gergoni
1562 2796 1757 2850 Turcis

185 2889 418 2951 dictum,
477 2888 757 2943 Bonlinius
795 2890 1195 2960 Glirysonicum
1250 2892 1517 2943 nominat.
1578 2888 1753 2942 Situm

185 2989 273 3033 est
302 2982 354 3033 in
400 2979 639 3034 Roxiana
675 2984 787 3035 sive
839 2982 1103 3035 Rasciaua
1148 2982 1478 3035 Servianave
1512 2986 1752 3050 regione,

184 3075 254 3124 ad
288 3072 565 3126 Moravam
592 3074 837 3127 ﬂuvium.
872 3076 1137 3127 Anatolio:
1173 3084 1431 3126 montana
1463 3072 1625 3126 Turci
1662 3088 1755 3126 ro-

183 3174 317 3218 cant
347 3167 448 3218 hoc
480 3170 620 3228 loco,
659 3169 802 3220 sicut
862 3168 990 3219 alibi
1022 3182 1240 3235 quoque
1264 3168 1486 3234 sapius,
1517 3177 1752 3219 montem

1859 2037 2093 2105 cipesin
2146 2042 2331 2092 eadem
2367 2039 2564 2092 vicinia
2623 2055 2806 2092 rerum
2860 2036 3154 2107 aliquando
3206 2038 3425 2089 fuerunt

1860 2131 2037 2196 potiti,
2064 2129 2585 2185 Sabandosaxonica
2636 2131 2748 2184 nati
2780 2130 3006 2184 familia.
3046 2128 3120 2182 Ex
3172 2129 3425 2197 Crojanis

1860 2223 2062 2289 regulis
2092 2237 2316 2276 summa
2364 2223 2475 2277 fuit
2510 2226 2852 2280 auctoritatis
2899 2227 3040 2293 apud
3076 2224 3345 2278 Karnlum
3387 2223 3423 2272 V

1860 2316 2168 2383 Angustum
2229 2315 2560 2381 Hadrianus,
2625 2317 2833 2372 Cliiurii
2889 2318 3166 2371 dominus.
3222 2316 3423 2369 Eadem

1857 2407 2038 2462 editus
2072 2417 2231 2477 gente
2264 2409 2366 2463 fuit
2421 2412 2693 2466 Antonius
2744 2415 3000 2482 princeps
3040 2411 3329 2465 Portiauus
3372 2412 3423 2463 in

1858 2501 2052 2555 Gallia.
2115 2502 2271 2556 Nunc
2332 2504 2473 2573 apud
2534 2504 2727 2574 Belgas
2776 2510 3101 2575 superstites
3136 2516 3264 2560 sunt
3316 2507 3425 2560 duo

1860 2594 2079 2655 fratres,
2114 2600 2224 2649 dux
2261 2597 2648 2663 Arescotairus,
2688 2607 2739 2651 et
2778 2598 3116 2654 llauree‘hius
3154 2602 3421 2661 marclno,

1859 2704 1979 2739 cum
2007 2688 2256 2757 principe
2272 2688 2531 2743 'Cliimao
2566 2692 2884 2744 Aruseotani
2918 2691 3048 2742 lilio.

1860 2804 1982 2858 19.7.
2023 2804 2233 2870 Calola,
2286 2804 2469 2881 Ceras,
2504 2805 2666 2881 Sinus
2695 2806 2992 2871 Cerotinus,
3034 2807 3193 2874 Pera,
3225 2810 3397 2881 Syrte,

2432 2875 2593 2929 Scala
2629 2877 2848 2945 Sycena.

1928 2964 2070 3021 Urbs
2099 2966 2285 3020 Galata
2314 2969 2477 3035 vulgo
2502 2970 2663 3022 etiam
2686 2981 2809 3023 nota
2838 2980 2940 3036 est,
2966 2988 2996 3025 e
3027 2973 3249 3040 regione
3281 2973 3425 3027 Ουυσ

1856 3060 2285 3126 stantinopoleos
2324 3061 2453 3127 sita,
2483 3068 2636 3115 trans
2670 3063 2873 3126 sinum,
2924 3080 3083 3133 quem
3111 3064 3276 3120 Ceras
3307 3068 3424 3120 sive

1854 3146 2061 3209 Cornu,
2082 3157 2135 3200 et
2157 3150 2468 3204 Geratiuum
2500 3150 2616 3205 sive
2659 3150 2983 3216 Cornutum,
3012 3163 3222 3210 veteres
3255 3159 3417 3211 etiam

184 3258 506 3327 Olympum,
540 3258 653 3312 sive
682 3258 1095 3323 Calngermum,
1150 3259 1203 3310 in
1243 3257 1517 3327 Bithynia,
1581 3273 1750 3327 prope
1779 3281 1823 3339 ο
1858 3254 2120 3296 vocarunt
2153 3260 2166 3295 :
2204 3244 2349 3313 quod
2387 3245 2559 3300 instar
2594 3263 2762 3300 cornu
2815 3251 3021 3303 cervini
3075 3252 3302 3319 sparsim
3338 3268 3424 3304 ra-

183 3350 465 3402 cit'itatem
514 3348 741 3403 Prusam
780 3370 792 3404 :
826 3352 893 3405 de
928 3366 1036 3420 quo
1088 3350 1288 3404 dictttm
1340 3362 1517 3413 antea,
1575 3353 1748 3419 capite

182 3451 442 3496 notarum
478 3443 565 3495 l7.

183 3576 312 3633 126.
344 3578 680 3645 Beligradum
700 3579 961 3651 Albania,
994 3579 1155 3642 Crua,
1186 3581 1345 3641 Croa,
1368 3582 1539 3642 Croaz,
1568 3584 1750 3651 Crojn,

326 3652 629 3717 principum
669 3650 1019 3711 Grojanorum
1054 3652 1109 3702 in
1158 3651 1342 3721 Belgio
1376 3654 1608 3720 familia.

259 3768 410 3819 Idem
435 3780 558 3819 cum
594 3766 878 3833 superiori,
912 3766 976 3817 ad
1020 3764 1145 3820 Savi
1175 3766 1513 3838 Danubiique
1545 3774 1751 3827 conﬂu-

178 3868 341 3914 entes
372 3857 478 3910 sito
509 3856 768 3925 Belgrado
796 3856 1018 3923 Servia,
1061 3874 1256 3912 nomen
1292 3862 1452 3915 habet
1505 3863 1609 3918 hoc
1661 3870 1752 3917 Al-

179 3948 363 4001 bania
393 3946 474 4000 vel
508 3946 761 3999 Arhania
791 3946 957 4015 (sicut
994 3948 1193 4016 vulgus
1217 3948 1534 4006 Gracorum
1571 3959 1748 4024 vocat)

187 4038 560 4107 Beligraduin,
621 4038 724 4089 hoc
755 4047 857 4103 est,
890 4050 987 4090 arx
1017 4038 1162 4092 alba.
1195 4038 1407 4109 Quippe
1456 4045 1746 4111 conjuncta

178 4145 312 4181 cum
367 4129 568 4196 oppido
623 4143 718 4181 arx
748 4137 854 4191 est,
893 4142 1016 4197 qua
1049 4145 1081 4183 τι
1138 4128 1361 4196 Valona,
1396 4135 1747 4191 celeberrima

175 4232 333 4273 nunc
379 4220 542 4272 etiam
591 4217 739 4287 Epiri
772 4218 993 4273 civitate
1047 4218 1181 4289 (Leo
1227 4222 1525 4290 imperator
1583 4228 1750 4280 Aulo-

179 4311 356 4374 niam,
377 4320 587 4366 veteres
614 4311 878 4366 Aulonem
908 4312 1212 4382 dixerunt),
1235 4318 1397 4371 unius
1432 4318 1625 4372 itinere
1642 4322 1745 4374 dici

176 4402 374 4454 distat.
431 4401 702 4455 ueterum
751 4404 1099 4459 dissimulare
1152 4422 1259 4459 non
1307 4408 1499 4471 debeo,
1538 4412 1740 4466 nullam

176 4491 399 4544 obsessi
438 4507 470 4545 a
505 4491 716 4546 Murate
780 4495 944 4562 paulo
1007 4504 1133 4548 ante
1187 4507 1418 4551 mortem
1474 4500 1743 4569 Beligradi

174 4584 520 4637 mentionem
546 4584 793 4652 reperiri,
825 4585 908 4639 vel
942 4587 1081 4655 apud
1115 4586 1407 4643 Martinum
1452 4590 1741 4647 Barletium
1774 4611 1824 4670 ι)

174 4677 566 4740 Scodrensem,
596 4694 776 4731 rerum
804 4694 834 4732 a
864 4678 1245 4751 Scanderbego
1272 4696 1545 4750 gestarum
1571 4698 1743 4757 scrip-

173 4781 381 4831 torem,
434 4771 520 4823 vel
568 4771 710 4837 apud
758 4771 1086 4837 Bonlinium,
1136 4776 1221 4827 vel
1253 4773 1565 4833 Geufraum
1597 4798 1611 4834 :
1644 4781 1740 4834 sed

170 4859 457 4913 obsidium
477 4859 652 4925 Croia
676 4860 943 4914 duntaxat
962 4863 1031 4915 ab
1060 4864 1142 4916 his
1162 4867 1380 4932 exponi,
1406 4883 1568 4935 qttam
1591 4871 1739 4937 prius

170 4951 344 5003 etiam
376 4961 531 5017 capto
566 4952 820 5007 (lotaiaco
859 4954 972 5006 sive
1000 4952 1178 5015 Getia,
1211 4966 1445 5024 quatuor
1482 4970 1609 5014 ante
1638 4964 1740 5017 hoc

168 5052 392 5108 tempus
428 5040 606 5105 annis,
641 5042 797 5096 irrito
824 5053 1020 5097 conatu
1056 5055 1403 5101 tentaverat:
1438 5060 1496 5103 ut
1521 5055 1741 5121 scripsit

166 5131 471 5192 Laonicus,
506 5132 597 5198 qui
634 5132 831 5184 Gruam
868 5135 1136 5199 nontinat,
1180 5139 1369 5191 urbem
1403 5140 1736 5199 Albanorum

170 5224 521 5292 primariam.
567 5223 786 5277 Novella
837 5223 1036 5280 Leonis
1074 5228 1324 5296 Augusti,
1377 5248 1540 5299 quam
1576 5238 1736 5291 toties

163 5317 432 5375 citamus,
475 5316 865 5383 velutalteram
889 5319 1178 5384 quamdam
1213 5323 1426 5389 imperii
1460 5325 1735 5381 Constan-

163 5408 521 5473 tinOpolitani
574 5409 843 5470 natitiam,
891 5423 1119 5465 numero
1165 5414 1528 5473 multitudinis
1564 5422 1735 5477 Groas

162 5498 430 5568 appellat,
454 5508 506 5552 et
537 5500 726 5553 barum
757 5502 1066 5571 episcopum
1090 5503 1463 5575 Dyrrhachino
1493 5511 1732 5579 subjicit.

165 5593 319 5645 Idem
346 5591 393 5642 ei
423 5606 614 5643 nomen
638 5600 722 5645 est
741 5594 878 5660 apud
907 5604 1189 5662 pratorem
1213 5596 1437 5653 Gracia
1462 5613 1731 5657 nostrum.

162 5682 447 5735 Barletius
479 5680 697 5749 Crojam
728 5694 905 5746 vocat,
938 5684 1100 5755 idque
1130 5702 1326 5741 nomen
1385 5689 1731 5760 Epirotarum

162 5775 354 5841 lingua
381 5770 584 5826 fontem
630 5776 941 5844 signiﬁcare
970 5778 1102 5831 dicit
1133 5795 1146 5829 :
1180 5783 1324 5847 quod
1360 5783 1496 5837 intra
1552 5787 1731 5839 muni-

162 5869 378 5921 tionem
407 5865 554 5933 jugis
580 5882 730 5935 aqua
760 5872 935 5925 fontes
969 5872 1099 5927 sint.
1129 5873 1338 5931 Primus
1365 5877 1506 5934 banc
1545 5878 1723 5935 Mura-

1856 3336 1961 3387 mis
1990 3336 2145 3403 quasi
2168 3337 2495 3402 quibusdam
2519 3339 2673 3393 littus
2708 3350 3001 3410 utrumque
3033 3346 3415 3412 amplectatur.

1858 3424 2007 3477 l'atet
2038 3426 2089 3477 in
2134 3429 2338 3481 ambitu
2378 3439 2524 3485 totus
2553 3432 2639 3485 hic
2672 3435 2828 3489 sinus
2855 3437 3178 3493 milliaribus
3213 3439 3415 3496 Gracia

1857 3518 2065 3586 viginti.
2109 3521 2330 3577 Galatas
2365 3524 2525 3579 hodie
2584 3530 2828 3582 masculo
2866 3546 3063 3600 genere
3091 3533 3295 3590 Gracis
3341 3537 3419 3591 el-

1855 3612 2046 3673 fertur,
2083 3615 2223 3667 sicut
2254 3626 2305 3667 et
2340 3620 2556 3683 pratori
2592 3618 2817 3676 Gracia
2854 3634 3060 3691 nostro,
3118 3629 3208 3695 qui
3241 3629 3418 3683 Phru-

1856 3706 1974 3757 rion
2022 3706 2137 3758 sive
2184 3709 2463 3762 castellum
2502 3722 2680 3767 vocat.
2716 3713 2915 3769 Eadem
2946 3729 2999 3772 et
3036 3719 3169 3773 Pera
3202 3722 3412 3778 dicitur

1853 3804 1903 3848 i-t
1940 3796 2117 3851 Peraea
2144 3799 2341 3855 Niceta
2374 3802 2664 3871 historico,
2689 3810 2832 3876 quod
2866 3811 3004 3864 ultra
3034 3814 3213 3867 sinum
3241 3821 3417 3884 posita

1852 3890 1940 3941 sit.
1970 3888 2190 3945 Veteres
2221 3893 2289 3946 ab
2313 3896 2568 3949 arborum
2595 3897 2727 3952 ﬁcos
2751 3899 3040 3956 ferentium
3069 3904 3231 3978 “5
3259 3913 3417 3978 c0pia

1854 3981 2020 4050 Syeas
2045 3986 2425 4049 nominabant,
2445 4005 2565 4058 qua
2597 4007 2699 4045 vox
2723 3994 2862 4060 apud
2895 3994 3169 4051 Zosimum
3198 4017 3420 4069 quoque

1853 4084 2093 4129 nostrum
2155 4078 2369 4146 legitur.
2408 4078 2681 4152 Xylauder
2728 4088 2868 4155 apud
2916 4088 3211 4147 Cedrinum
3282 4095 3417 4149 ﬁcus

1853 4169 2254 4237 interpretatur,
2291 4182 2343 4226 et
2392 4177 2716 4231 suburbium
2767 4197 2888 4235 esse
2939 4184 3072 4237 dicit
3109 4186 3354 4256 Byzantii
3394 4208 3408 4241 :

1852 4274 1972 4311 cum
2025 4268 2203 4315 tamen
2236 4266 2559 4320 intermedio
2604 4272 2736 4323 mari
2765 4272 2835 4325 ab
2866 4276 2999 4329 urbe
3044 4278 3413 4349 disjungatur.

1851 4351 1963 4415 Qua
1995 4351 2468 4427 Constantinopoli
2519 4359 2764 4417 Galatam
2802 4367 3160 4437 traiisjicitur,
3198 4369 3413 4427 Scalam

1849 4441 2113 4509 Sycenam
2168 4448 2320 4523 ponit
2378 4458 2536 4503 vetus
2596 4453 2749 4508 urbis
2797 4455 3415 4530 Constantinopolitana-

1849 4535 2167 4605 descriptio,
2216 4541 2335 4609 qua
2388 4542 2532 4598 libro
2588 4542 2802 4603 Notitia
2879 4553 3164 4622 utriusque
3218 4559 3410 4627 imperi

1850 4628 2059 4694 adjecta
2093 4640 2174 4684 est
2216 4650 2230 4685 :
2286 4642 2337 4686 et
2392 4638 2594 4690 scalam
2642 4639 2698 4692 in
2753 4641 3043 4698 Portolano
3086 4663 3188 4703 suo
3238 4651 3411 4707 Gravi

1844 4719 2112 4791 hodieque
2145 4724 2335 4778 dicunt
2365 4740 2487 4781 eum
2526 4732 2727 4796 locum,
2772 4749 2883 4801 quo
2916 4752 3081 4794 naves
3114 4743 3395 4811 appeilunt

1842 4821 1899 4864 et
1942 4814 2033 4866 ubi
2076 4818 2450 4874 exscenditur.
2481 4818 2624 4877 Usus
2650 4836 2733 4878 est
2762 4826 2863 4881 hac
2896 4844 3023 4883 voce
3055 4832 3324 4889 Cedrinus
3356 4837 3413 4891 in

1842 4899 2206 4973 Copronymo,
2236 4924 2359 4962 cum
2395 4927 2597 4978 narrat,
2636 4932 2805 4969 unum
2834 4920 3025 4988 glaciei
3048 4922 3411 4990 fragmentum

1843 5009 1962 5046 cum
2004 4996 2206 5065 impetu
2231 5002 2465 5056 delatum
2502 5019 2555 5058 et
2591 5010 2885 5076 impactum
2919 5013 2972 5067 in
3010 5020 3212 5072 scalam
3241 5027 3412 5075 Acro-

1840 5087 2046 5151 puleos.
2088 5090 2137 5141 id
2180 5101 2259 5144 est
2318 5095 2463 5150 arcis
2496 5096 2827 5167 Byzantina,
2856 5104 2921 5157 de
2951 5121 3054 5173 qua
3087 5111 3261 5177 capite
3288 5112 3408 5176 159.

1840 5193 1960 5230 eam
1993 5183 2402 5239 comminuisse.
2442 5184 2698 5245 Latitudo
2742 5195 2893 5249 sinus
2926 5198 3067 5251 inter
3112 5200 3251 5255 hanc
3291 5219 3411 5257 sca-

1842 5269 1946 5321 lam
1983 5280 2039 5324 et
2068 5276 2325 5340 Oppidum
2374 5277 2643 5346 Galatam,
2699 5286 2775 5336 vel
2809 5287 2951 5341 inter
2986 5294 3177 5345 ambas
3227 5299 3409 5363 potius

1843 5362 2040 5427 scalas,
2072 5379 2102 5416 e
2129 5368 2349 5435 regione
2384 5372 2607 5438 positas,
2642 5375 2707 5428 ad
2731 5392 2925 5445 passus
2956 5380 3061 5436 5'00
3091 5362 3257 5453 patet.
3302 5387 3411 5442 Ga-

1845 5454 1951 5507 lata
1977 5454 2346 5513 Genuensium
2381 5462 2597 5519 colonia
2645 5477 2750 5532 est,
2797 5471 2959 5526 etiam
3009 5476 3166 5532 hodie
3210 5483 3407 5544 majori

1837 5562 1901 5601 ex
1945 5557 2100 5616 parte
2150 5566 2177 5603 a
2214 5553 2541 5610 Christianis
2570 5558 2895 5632 inliabitata,
2925 5573 3223 5636 prasertim
3256 5589 3405 5628 mero

1838 5641 2137 5696 caloribus.
