4198 6426
718 434 826 494 815

1904 446 2230 508 ΙΟᾹΝΝΙΞ
2266 442 2734 504 LEUNCLAVH

3853 450 3953 513 8l6

726 554 848 605 128.
881 553 1225 630 damnati-on,
1254 556 1686 630 [tumenti/tiam,
1711 563 1921 616 ,ιηιιιοιι
1944 563 2299 617 ίὶιιίδανεϐα-
2332 575 2370 625 Α
2402 569 2619 629 gustum
2658 558 2824 613 utaris
2880 572 3143 626 meatum,
3199 572 3423 630 propter
3466 563 3859 616 monasterium
3916 576 3964 615 et

794 625 999 702 siclium
1038 624 1244 702 [fet/tes,
1279 628 1469 702 T_urres
1499 633 2013 702 nigrwpﬂerma'um
2043 651 2290 702 promon-

795 699 1011 771 torium,
1042 694 1265 761 Lirinus,
1299 694 1650 771 meompia,
1678 701 1902 771 Bogazi,
1935 694 2137 771 Βοράιί
2160 705 2288 755 Chi-

803 782 916 826 δαν,
942 764 1229 843 Bosporus,
1289 764 1571 843 Erae/tium
1631 771 1687 824 S.
1720 764 1962 843 G'eorgii:
2002 764 2141 828 Loca
2183 773 2289 827 Bo-

788 852 1018 909 spormta
1049 839 1450 909 tantEuropa‘i,
1500 858 1663 909 quam
1697 839 1922 897 Asiaticr
1979 846 2209 908 littoris,
2257 863 2289 899 α

789 906 1249 978 (ξυιιειαηιὶιιοροιὶ
1280 906 1439 977 reique
1473 906 1539 962 ad
1582 913 1786 968 Euxini
1847 918 2009 969 maris
2069 906 2285 978 ostium,

792 975 1038 1043 Cyanam,
1076 975 1471 1049 symplegadas,
1500 981 1760 1038 Ptanctw.

787 1112 981 1165 Arcem
1052 1113 1507 1183 munitissimam,
1568 1135 1731 1183 quam
1792 1136 1821 1174 a
1890 1128 2043 1191 tergo
2084 1121 2290 1176 Galatae

717 1203 1085 1260 .‘llnclietnetes
1115 1206 1278 1273 ll,.ad
1315 1225 1483 1272 mare,
1519 1210 1569 1263 id
1628 1222 1734 1277 est,
1791 1214 1855 1267 ad
1899 1215 2200 1285 Bosporum
2260 1232 2290 1270 c

718 1298 851 1350 tnari
913 1297 1122 1352 Euxino
1203 1301 1585 1369 proﬂuentem,
1639 1307 1948 1360 condidisse
1993 1318 2285 1373 narratur;

716 1391 888 1443 Grieci
920 1390 1279 1451 Neocastron.
1313 1398 1415 1447 hoc
1446 1407 1548 1457 est,
1596 1408 1837 1451 Castrum
1870 1415 2067 1454 novum
2122 1415 2290 1454 voca—

717 1495 862 1545 runt,
897 1494 952 1536 ut
974 1494 1028 1537 et
1068 1477 1230 1538 Tchi
1256 1486 1388 1541 Geni
1422 1490 1641 1553 Ghisar,
1668 1491 1827 1560 cujus
1862 1504 1917 1546 et
1946 1507 2111 1561 supra
2142 1508 2290 1545 inen-

716 1575 792 1628 tio
829 1575 969 1628 facta
998 1575 1177 1644 capite
1202 1586 1453 1631 notarum
1506 1579 1628 1634 112.
1681 1581 1851 1636 Iidem
1907 1592 2085 1637 tamen
2131 1586 2290 1640 nobis

714 1668 879 1721 etiam
906 1665 1126 1722 Bumeli
1153 1668 1352 1723 Chisar
1383 1672 1645 1739 appellari
1706 1674 1983 1741 dicebant,
2029 1690 2150 1728 cum
2192 1676 2292 1732 hac

717 1762 1245 1829 prattervelieremur
1272 1763 1337 1816 ad
1373 1762 1605 1819 Pontum
1641 1766 1931 1833 Euxinum,
1992 1770 2138 1839 quod
2200 1787 2285 1823 ar-

718 1873 837 1908 t-em
867 1855 1147 1909 Romaniae
1179 1856 1260 1910 vel
1295 1857 1525 1927 Europa:
1559 1860 1863 1927 signiﬁcat:
1890 1861 2033 1916 sicut
2060 1864 2289 1917 alteram

2391 652 2567 706 aedem
2615 648 2802 704 Sancti
2851 650 3068 721 Georgii
3122 652 3518 723 Manganorum
3588 654 3789 709 dictam
3839 655 3967 708 Pro-

2390 743 2597 814 pontidi
2628 757 2688 796 se
2713 743 3017 798 miscentis.
3058 744 3115 798 Id
3167 755 3451 815 prOpterea
3482 747 3811 813 notandum,
3839 749 3965 818 quia

2391 835 2702 905 complures
2731 836 2784 889 iu
2814 835 2919 890 hoc
2939 838 3361 892 hallucinantur
3394 837 3520 892 dum
3550 844 3725 896 sancti
3750 840 3966 908 Georgii

2391 926 2681 982 brachium
2751 930 2816 981 ad
2880 929 3100 983 Sestum
3148 940 3202 983 et
3253 930 3501 1001 Abydum
3564 932 3875 986 collocant:
3914 945 3969 985 ut

2396 1017 2799 1082 \‘olaterrauus,
2830 1033 2991 1088 quem
3025 1022 3159 1074 citat
3197 1022 3440 1076 Ortelius
3469 1023 3523 1076 in
3558 1038 3688 1078 voce
3743 1024 3952 1078 llelles-

2391 1116 2615 1177 pontus,
2657 1117 2713 1161 ut
2749 1108 3050 1172 Geul'ratus.
3087 1121 3144 1164 ut
3179 1110 3422 1168 Thomas
3483 1113 3879 1177 Porcacehius,
3917 1128 3969 1169 ut

2391 1199 2508 1254 alii.
2551 1200 2752 1254 Saltem
2810 1203 3014 1257 rectius
3078 1204 3181 1256 hoc
3240 1206 3323 1258 vel
3370 1219 3436 1258 es
3498 1206 3647 1261 hisce
3696 1204 3966 1260 Viticcntii

2392 1290 2738 1349 Belvacensis
2766 1296 2942 1350 verbis
2978 1296 3299 1351 didicissent
3328 1312 3343 1350 :
3387 1297 3500 1353 Hoc
3528 1310 3615 1355 est
3669 1316 3820 1353 mare
3855 1316 3967 1353 nni-

2391 1401 2555 1456 gnum
2583 1386 2661 1455 (id
2700 1396 2803 1451 est,
2838 1386 3049 1442 Pontus
3077 1388 3347 1451 Euxinus,
3405 1407 3551 1444 nunc
3610 1394 3775 1445 etiam
3824 1392 3971 1445 Italis

2392 1493 2543 1532 mare
2571 1479 2768 1548 majus)
2802 1481 2868 1533 de
2898 1497 3006 1550 quo
3046 1480 3328 1535 brachium
3364 1483 3551 1536 Sancti
3582 1482 3799 1553 Georgii
3834 1484 3969 1542 exit,

2394 1573 2470 1638 (id
2503 1581 2615 1635 est,
2648 1571 2946 1643 Bosporus)
2979 1576 3125 1643 quod
3157 1576 3211 1629 in
3259 1573 3797 1644 Constantinopolim
3881 1590 3970 1626 va-

2392 1664 2489 1717 dit.
2514 1663 2657 1734 Ergo
2699 1662 2881 1720 Sancti
2908 1665 3123 1737 Georgii
3158 1669 3441 1723 brachium
3473 1677 3559 1724 est
3614 1683 3779 1737 supra
3840 1666 3975 1721 Coti-

2393 1757 2830 1826 stantiuopolim,
2861 1761 2927 1813 ad
2960 1759 3118 1828 cujus
3149 1759 3469 1814 orientalem
3501 1764 3786 1828 angulum,
3844 1760 3975 1814 sub-

2395 1854 2478 1899 ter
2539 1848 2710 1917 ipsam
2763 1854 3112 1903 sultanorum
3180 1867 3386 1916 arcem,
3455 1852 3509 1906 in
3578 1852 3969 1921 Pr0pontidem

719 1951 847 2003 huic
876 1950 1182 2018 appositam
1210 1951 1266 2003 in
1309 1951 1550 2007 Asiatico
1592 1953 1795 2018 littore,
1829 1971 1976 2009 utine
2007 1956 2283 2010 ruinosam

2398 1937 2674 2008 Bosporus
2737 1942 3002 1998 illabitur.
3075 1944 3334 2015 Adeoque
3394 1961 3425 2001 a
3504 1946 3680 2000 sancti
3745 1946 3971 2013 Georgii

714 2042 947 2096 Anadoli
976 2043 1193 2106 Chisar,
1233 2043 1286 2097 id
1335 2052 1441 2108 est,
1473 2060 1655 2099 arcem
1704 2044 1975 2103 Anatolia:
2006 2048 2088 2103 vel
2140 2050 2287 2105 Asiae

716 2139 1126 2207 nuncupabant.
1184 2137 1524 2194 Neocastron
1581 2141 1775 2210 vulgus
1867 2143 2286 2198 occidentalium

712 2230 1176 2296 Christianorum,
1207 2234 1510 2300 praesertim
1542 2232 1827 2298 Germani,
1858 2235 2060 2291 Turres
2105 2237 2288 2306 nigras

713 2324 929 2378 dicunt.
966 2324 1138 2379 Abest
1166 2340 1195 2378 a
1224 2324 1703 2395 Constantinopoli
1741 2328 1809 2382 ad
1842 2344 2010 2383 unum
2058 2331 2290 2386 milliare

712 2415 889 2483 majus
915 2414 1332 2481 Germanicum,
1363 2417 1519 2471 locus
1560 2432 1695 2473 sane
1720 2421 1988 2485 munitus,
2059 2435 2111 2477 et
2179 2422 2288 2476 for-

711 2508 987 2563 midabilis
1028 2508 1324 2563 admodum
1382 2510 1599 2566 miseris
1655 2513 1932 2581 captivis,
1985 2518 2285 2585 praesertim

710 2604 966 2657 lautioris
990 2602 1264 2657 fortunae:
1292 2605 1384 2674 qui
1418 2606 1517 2658 bos
1551 2605 1691 2659 intra
1722 2622 1971 2664 carceres
2018 2612 2284 2674 conclusi.

712 2708 996 2760 nunquam
1057 2692 1169 2746 fere
1239 2694 1548 2748 libertatem
1626 2697 1937 2765 recipiunt:
1997 2717 2170 2769 caque
2223 2705 2288 2757 de

712 2798 876 2834 causa
940 2782 1223 2836 casti-llum
1285 2783 1389 2839 hoc
1440 2783 1638 2839 Lethes
1691 2789 1770 2841 vel
1820 2790 2110 2846 oblivionis
2155 2793 2285 2847 olim

711 2890 929 2940 quoque
992 2884 1241 2928 vocatum
1301 2885 1454 2945 puto,
1490 2877 1647 2946 cujus
1678 2879 1731 2932 in
1784 2880 2071 2949 Bosphoro
2126 2884 2285 2953 positi

712 2965 984 3034 Gregoras
1056 2966 1329 3031 meminit,
1364 2969 1434 3022 ab
1489 2983 1557 3024 eo
1582 2970 1736 3035 dieti,
1800 2974 1946 3041 quod
1999 2988 2285 3044 perpetuos

710 3056 776 3107 ad
811 3070 1058 3110 carceres
1091 3056 1470 3110 damnatorum
1505 3059 1649 3113 nulla
1697 3070 1873 3116 exstet
1908 3065 2144 3133 amplius
2169 3081 2284 3119 meo

710 3150 908 3202 moria.
938 3149 1165 3203 Constat
1190 3161 1396 3213 autem,
1436 3152 1606 3207 luisse
1634 3153 1755 3207 istic
1782 3156 1945 3208 etiam
2001 3167 2128 3211 aute
2169 3157 2285 3211 Mu-

709 3234 1007 3295 chemcteui
1037 3241 1076 3295 ll
1114 3244 1226 3309 illa,
1263 3260 1383 3314 quat
1404 3245 1664 3308 diximus,
1694 3246 1748 3300 in
1804 3259 2040 3319 utroque
2098 3250 2281 3306 littore

708 3336 933 3390 Castella
965 3352 979 3388 :
1011 3337 1105 3390 sed
1136 3335 1527 3405 imperatorum
1583 3338 1892 3395 Graecorum
1948 3343 2155 3397 incuria
2200 3347 2279 3401 sic

707 3432 977 3496 neglecta,
1012 3431 1145 3483 nulli
1186 3440 1245 3483 ut
1279 3432 1398 3483 usui
1425 3434 1699 3486 servirent
1751 3434 1839 3487 alii
1888 3451 2051 3504 quam
2086 3447 2272 3491 custo-

704 3524 923 3576 diendis
954 3522 1206 3590 captivis.
1235 3523 1445 3577 Causas
1496 3525 1767 3585 condendi
1823 3524 2108 3581 Neocastri
2158 3528 2276 3582 Mu-

706 3618 983 3670 clieinctes
1010 3616 1220 3679 habuit,
1255 3626 1312 3668 ut
1337 3615 1653 3684 transjicere
1689 3628 1795 3670 tam
1826 3619 1879 3671 in
1913 3621 2274 3687 Asiamqnani

708 3708 1179 3778 liuropamlihere
1208 3717 1387 3777 posset
1421 3726 1434 3762 :
1464 3708 1534 3762 ne
1564 3708 1861 3763 Christiani
1896 3712 2126 3765 navibus
2160 3713 2277 3765 suis

707 3802 1166 3855 transvectionem
1229 3801 1504 3854 exercitus
1538 3801 1914 3870 prohiberent,
1950 3814 2011 3857 ut
2043 3804 2275 3872 denique

703 3890 1175 3960 Constantinopoli
1216 3892 1498 3959 capiendae
1522 3892 1775 3946 serviret.
1796 3892 2070 3949 Laouicus
2093 3910 2272 3949 arcem

701 3986 776 4036 ita
809 3982 1119 4051 descripsit,
1162 3992 1221 4035 ut
1256 3982 1419 4037 hodie
1458 3984 1817 4053 conspicitur.
1845 3984 1936 4038 Ait
1969 4001 2089 4041 eam
2146 4002 2277 4041 con-

702 4086 845 4130 stare
880 4078 1054 4129 tribus
1091 4077 1337 4130 turribus
1362 4076 1593 4145 magnis,
1626 4093 1857 4146 quarum
1895 4094 2000 4133 una
2026 4081 2275 4150 superior

702 4172 756 4220 in
788 4166 980 4221 acclivi
1012 4167 1149 4248 colle
1185 4168 1517 4237 praeminet:
1552 4169 1775 4237 reliquae
1812 4169 1933 4222 dua-
1961 4172 2275 4225 consistunt

704 4262 933 4316 inferius
969 4260 1034 4314 ad
1088 4260 1263 4330 ipsimi
1326 4261 1476 4313 littus
1548 4261 1810 4330 BoSpori:
1862 4279 1973 4332 quo
2027 4262 2293 4319 videlicet

704 4355 1099 4407 liincinnaves
1136 4350 1579 4423 praeterii-gentes
1612 4366 1852 4423 nnpetus
1905 4358 2019 4410 lieri
2076 4361 2270 4427 possit.

704 4448 908 4499 llarum
940 4444 1175 4499 duarum
1213 4460 1317 4497 una
1344 4446 1579 4499 maxima
1604 4458 1707 4501 est.
1737 4445 1900 4501 Tecta
1934 4460 2062 4503 sunt
2098 4452 2273 4521 plum-

702 4538 823 4591 bea.
854 4536 1041 4590 Murus
1068 4534 1240 4590 ambit
1269 4553 1449 4590 arcem
1496 4554 1718 4592 crassus
1773 4540 1938 4609 pedes
1975 4542 2065 4596 22.
2136 4541 2273 4596 Tur-

2392 2032 2620 2088 brachio
2665 2034 2777 2088 sive
2808 2036 3069 2106 Bosporo,
3096 2053 3189 2107 per
3225 2038 3609 2108 Propontidem
3680 2049 3735 2091 et
3770 2036 3973 2092 Helles-

2390 2135 2638 2195 pontum,
2677 2124 2893 2181 Sestum
2927 2140 2983 2183 et
3013 2129 3261 2200 Abydum
3304 2146 3477 2200 usque
3506 2132 3611 2184 180
3644 2130 3969 2185 milliarium

2389 2218 2703 2274 Graecorum
2739 2232 2820 2275 est
2852 2222 2973 2277 iter.
2997 2222 3237 2279 Gallicus
3275 2225 3548 2296 interpres
3600 2224 3836 2279 Laonici
3867 2225 3969 2278 mi-

2390 2312 2539 2366 rilice
2563 2313 2808 2382 profecto
2832 2316 3068 2382 cazcutit,
3101 2330 3165 2371 ac
3204 2317 3535 2387 sibimetipsi
3572 2317 3970 2371 contradicens

2388 2403 2504 2457 ait:
2532 2402 2888 2458 Mecbemetes
2921 2420 3103 2459 arcem
3132 2405 3487 2475 Latmocopiae
3526 2407 3763 2462 condere
3801 2407 3971 2473 carpit

2390 2497 2444 2549 in
2478 2511 2574 2551 ora
2604 2495 2974 2567 Propontidis,
3013 2514 3078 2552 ex
3115 2508 3267 2568 parte
3303 2500 3552 2569 Europaa,
3597 2500 3650 2553 in
3709 2515 3777 2553 eo
3842 2515 3969 2567 pro-

2390 2589 2510 2657 prio
2535 2588 2676 2655 loco,
2725 2593 2818 2659 qui
2873 2589 3149 2660 Bosporus
3188 2592 3515 2663 appellatur.
3588 2591 3657 2647 Et
3710 2592 3973 2662 ascripsit

2390 2682 2644 2753 margini,
2680 2683 2858 2737 verbis
2886 2685 2971 2737 his
3000 2685 3179 2738 locum
3232 2686 3553 2756 sgnilicari,
3621 2700 3733 2755 quo
3772 2683 3970 2740 Sestus

2390 2775 2520 2829 oliui
2548 2777 2649 2830 sita
2681 2775 2846 2830 fuerit
2877 2792 2890 2829 ;
2926 2794 3164 2848 eumque
3191 2778 3421 2834 Turcica
3463 2780 3648 2849 lingua
3699 2779 3813 2834 dici
3864 2778 3969 2833 Ba-

2390 2881 2637 2935 gazasar,
2697 2866 2812 2920 sive
2850 2868 3225 2938 prmcisiouem
3284 2869 3448 2941 446
3506 2872 3770 2925 laucium.
3824 2872 3967 2937 Quid

2390 2961 2562 3027 magis
2596 2960 2830 3013 absurde
2869 2962 2977 3015 dici
3028 2965 3312 3032 potuisset,
3345 2980 3509 3033 quam
3564 2965 3852 3019 conditam
3903 2968 3967 3019 ad

2391 3053 2700 3121 Bosporum
2776 3069 2980 3121 arcem,
3045 3058 3274 3128 inteiligi
3309 3060 3506 3112 debere
3560 3060 3721 3112 sitam
3768 3062 3967 3114 eodem

2390 3147 2532 3213 loco,
2557 3166 2666 3221 quo
2695 3152 2888 3207 Sestus
2948 3152 3079 3206 olim
3137 3152 3449 3207 esstiterit?
3505 3155 3667 3207 Certe
3725 3152 3971 3207 Neocas-

2391 3250 2533 3295 trum
2567 3245 2667 3299 hoc
2705 3244 3057 3301 Muchemetis
3088 3262 3117 3299 a
3169 3245 3313 3301 Sesti
3344 3246 3544 3300 veteris
3595 3247 3719 3300 loco
3794 3261 3969 3316 prope

2382 3333 2488 3386 200
2512 3337 2840 3393 utilliaribus
2869 3337 3073 3394 Graecis
3102 3338 3288 3405 distat,
3324 3347 3610 3408 totumque
3656 3337 3968 3409 Proponti-

2382 3427 2467 3480 dis
2501 3436 2556 3481 et
2602 3426 2935 3498 Hellesponti
2995 3430 3232 3497 spatium
3288 3429 3373 3483 his
3440 3427 3792 3496 interiectum
3859 3439 3964 3482 est.

2382 3517 2536 3584 Quod
2573 3530 2754 3575 autem
2778 3520 2930 3588 dicit,
2970 3537 3092 3576 eum
3130 3521 3309 3575 locum
3346 3521 3531 3591 lingua
3596 3520 3841 3576 Turcica
3870 3537 3966 3579 yo-

2381 3617 2493 3666 eari
2541 3614 2856 3683 Bajazasar,
2913 3618 3028 3672 sive
3060 3617 3438 3688 praeisionem
3479 3616 3722 3670 faucium
3748 3634 3763 3669 :
3794 3617 3857 3669 in
3898 3632 3962 3670 eo

2380 3718 2598 3773 quoque
2652 3706 2864 3759 fallitur
2916 3716 2969 3761 et
3013 3708 3342 3761 vocabulum
3397 3719 3723 3776 corruptum
3777 3708 3960 3777 ponit.

2381 3795 2513 3849 Nam
2548 3799 2787 3852 scribere
2823 3800 3013 3853 debuit
3042 3801 3238 3871 Bogazi
3270 3802 3488 3867 Cbisar,
3519 3809 3573 3855 et
3600 3804 3962 3870 iiiterprrtari

2384 3904 2571 3944 arcem
2599 3890 2864 3945 faucium.
2935 3891 3293 3963 meocopiae
3326 3894 3547 3963 quidem
3587 3892 3777 3950 Graeca
3833 3909 3959 3957 vos,

2380 3995 2488 4049 qua
2527 3979 2800 4037 Laonicus
2829 3984 3019 4047 utitur,
3046 3986 3347 4040 incisuram
3377 3986 3618 4042 faucium
3652 3987 3959 4054 signiﬁcat,

2382 4074 2484 4124 hoc
2516 4082 2599 4125 est
2631 4071 2831 4136 locum,
2861 4072 2955 4127 ubi
2986 4073 3110 4129 ﬁnis
3140 4088 3226 4131 est
3283 4077 3478 4129 harum
3537 4072 3769 4143 Bospori
3837 4074 3963 4128 fau-

2376 4166 2545 4228 cium,
2574 4166 2669 4232 qui
2698 4166 2958 4235 deinceps
2988 4169 3043 4219 iu
3087 4168 3263 4221 multo
3293 4169 3635 4236 capaciorem
3695 4163 3959 4234 PrOpon-

2378 4257 2505 4309 tidis
2533 4260 2713 4312 sinum
2747 4273 2942 4328 magna
2985 4275 3111 4314 cum
3165 4261 3433 4314 undarum
3480 4258 3735 4313 violentia
3778 4272 3964 4313 semet

2379 4351 2629 4407 eﬂundit.
2651 4352 2787 4407 Cum
2820 4362 3002 4408 autem
3038 4355 3292 4424 superius
3346 4358 3525 4424 capite
3563 4364 3824 4407 notarum
3884 4354 3962 4408 36

2376 4442 2496 4498 loca
2531 4446 2697 4500 totius
2730 4444 3062 4515 Hellesponti
3122 4457 3175 4501 et
3207 4446 3585 4516 Propontidis,
3622 4448 3744 4500 inde
3777 4462 3961 4515 usque

2380 4549 2411 4587 a
2437 4536 2774 4592 Dardanellis
2812 4538 2894 4592 vel
2922 4538 3163 4603 arcibus,
3219 4538 3328 4593 hoc
3363 4546 3466 4603 est,
3526 4553 3555 4591 a
3588 4542 3961 4594 cadaveribus

700 4630 846 4684 rium
903 4628 1185 4682 crassities
1248 4629 1314 4680 ad
1373 4629 1442 4682 ’50
1475 4631 1639 4698 pedes
1695 4633 2028 4689 extenditur.
2081 4636 2272 4691 Petrus
2307 4660 2347 4713 ο
2380 4629 2520 4686 Sesti
2550 4642 2604 4685 et
2632 4631 2829 4703 Abydi,
2866 4633 2929 4685 ad
2956 4631 3149 4686 urbem
3201 4633 3727 4704 Constantinopolim
3770 4643 3832 4689 et
3887 4636 3957 4689 ad

702 4723 932 4793 Gyllius,
979 4724 1284 4775 illustratur
1315 4723 1466 4784 urbis
1522 4734 1576 4776 et
1617 4724 1842 4794 Bospori
1873 4729 2127 4798 diligens,
2178 4748 2275 4785 an-

701 4815 1207 4885 liquisllcrttttﬂuttt
1276 4814 1380 4867 hoc
1434 4815 1553 4870 loco
1614 4823 2048 4886 promontorium
2108 4824 2277 4879 fuisse

702 4912 912 4966 statuit.
977 4909 1224 4978 Bosporo
1262 4909 1448 4963 datum
1504 4926 1700 4966 nomen
1737 4922 1822 4968 est
1859 4929 1890 4968 a
1931 4926 2274 4974 transnatatu

700 5005 874 5062 bovis.
899 5011 994 5056 aut
1020 5001 1232 5055 buculze
1264 5004 1346 5056 vel
1372 5004 1618 5072 juvenes:
1644 5006 1845 5072 potius,
1879 5008 2128 5064 videlicet
2155 5014 2269 5079 lus,

701 5094 887 5149 Inachi
926 5095 1069 5164 regis
1099 5094 1424 5162 Argivorum
1462 5093 1606 5159 ﬁliae,
1634 5095 1699 5148 de
1722 5112 1826 5163 qua
1859 5108 1940 5152 est
1988 5100 2042 5151 in
2076 5100 2273 5156 fabulis

702 5188 1003 5241 historicis.
1068 5186 1145 5239 Ita
1204 5185 1460 5238 nimirum
1539 5187 1592 5240 in
1641 5188 1954 5256 Originibus
2029 5191 2291 5262 Byzantii.

702 5279 909 5332 Grzecis
957 5276 1347 5345 manuscriptis
1411 5275 1660 5346 legimus.
1711 5276 1915 5333 Nullibi
1990 5283 2273 5353 B0sporus

705 5370 989 5440 angustior
1011 5379 1117 5433 est,
1154 5384 1317 5437 quam
1372 5370 1513 5421 inter
1553 5367 1912 5434 Neocastrum
1964 5386 2021 5429 et
2060 5378 2273 5431 Anatoli

697 5465 915 5516 tJhisar.
952 5461 1095 5515 Ideni
1128 5459 1336 5530 Gyllius
1394 5471 1585 5514 auctor
1632 5472 1737 5527 est,
1773 5462 2074 5536 Bosporum
2125 5468 2274 5523 Grag-

700 5557 781 5607 cis
812 5554 997 5607 vocari
1055 5549 1300 5613 Lannon,
1363 5549 1558 5604 Turcis
1626 5551 1844 5621 Bogazi,
1907 5574 2028 5628 qua:
2073 5566 2275 5616 ttOstriS

700 5648 1035 5703 suntfauces
1067 5647 1151 5701 vel
1175 5649 1442 5717 angustiae
1466 5648 1654 5713 maris,
1684 5660 1742 5702 ut
1778 5651 1943 5704 etiam
1975 5652 2027 5706 in
2054 5654 2275 5709 homine

700 5743 886 5797 fauces
934 5743 1277 5813 appellantur
1341 5739 1571 5795 Laenius.
1652 5743 1796 5797 Hinc
1883 5744 2273 5818 Laeniocopiam

700 5836 969 5910 Laouicus
995 5836 1097 5889 hoc
1151 5837 1271 5891 loco
1301 5839 1498 5903 posuit.
1557 5839 1735 5894 Nostri
1768 5841 2068 5913 BOSpOI'um
2111 5844 2272 5897 etiam

693 5930 871 5983 sancti
932 5927 1149 5999 Georgii
1208 5932 1488 5986 brachium
1561 5936 1932 6002 nominarunt,
1972 5941 2116 5991 velut
2179 5951 2276 5991 an.

2380 4724 2556 4792 ipsum
2631 4723 2771 4778 adeo
2826 4724 3032 4779 sultani
3080 4722 3358 4787 saraium,
3428 4724 3516 4778 ubi
3571 4725 3857 4794 Bosporus
3902 4726 3958 4779 iu

2383 4817 2771 4885 Propontidem
2815 4816 3080 4886 praecipiti
3152 4816 3391 4871 inaxime
3459 4832 3626 4871 cursu
3674 4817 3958 4882 illabitur,

2379 4907 2919 4962 enumeraverimus:
2953 4906 3088 4959 libet
3114 4920 3143 4958 a
3168 4908 3350 4959 saraio
3376 4906 3575 4960 sultani
3626 4921 3830 4961 rursus
3875 4910 3959 4960 in-

2378 5003 2654 5069 cipiendo,
2702 5017 2923 5055 sursum
2949 5000 3108 5068 quasi
3166 5000 3365 5054 mentis
3412 5000 3760 5070 navigatione
3818 5017 3955 5070 qua-

2377 5096 2500 5148 dam
2533 5096 2600 5149 ad
2634 5095 2807 5164 ipsum
2867 5109 3041 5163 usque
3101 5092 3268 5148 maris
3312 5092 3511 5146 Euxini
3568 5094 3772 5145 ostium
3830 5109 3957 5162 pro.

2382 5190 2531 5259 gredi
2558 5201 2609 5242 et
2649 5189 2903 5257 utrinque
2942 5190 3047 5242 sita
3094 5187 3236 5251 loca,
3265 5202 3389 5242 cum
3434 5190 3500 5241 ad
3553 5186 3844 5241 dexteram
3902 5190 3953 5241 in

2384 5285 2620 5338 Asiatico
2641 5283 2841 5349 littore,
2878 5293 2992 5337 tum
3017 5282 3085 5337 ad
3115 5284 3396 5338 sinistram
3426 5281 3477 5334 in
3522 5279 3827 5348 Europaeo,
3858 5296 3961 5335 no-

2378 5377 2616 5429 minibus
2657 5377 2852 5445 partim
2878 5376 3099 5443 priscis,
3124 5376 3319 5446 partim
3352 5390 3501 5429 nunc
3555 5376 3809 5437 usitatis,
3867 5396 3957 5427 ui-

2377 5469 2505 5522 dine
2536 5484 2822 5524 recensere
2850 5486 2864 5523 :
2896 5472 2976 5524 sic
3030 5479 3234 5535 tamen,
3266 5478 3324 5523 ut
3374 5470 3537 5523 nimis
3596 5470 3952 5535 scrupulose,

2380 5578 2528 5617 more
2544 5562 2819 5633 Gylliano,
2844 5576 3086 5628 vetusta,
3116 5566 3333 5634 cognitu
3370 5579 3561 5634 parum
3607 5568 3955 5631 necessaria,

2380 5674 2485 5713 non
2528 5659 2856 5713 inseramus.

2451 5748 2621 5818 Igitur
2660 5749 2859 5817 angulo
2883 5748 3143 5803 sultanini
3200 5746 3364 5802 saraii
3432 5747 3803 5817 respondete
3868 5764 3961 5804 re.

2380 5841 2540 5913 giono
2564 5842 2876 5897 Scutarium
2910 5844 2961 5895 in
2997 5843 3121 5895 Asia
3178 5842 3467 5911 disjunctis
3506 5857 3536 5896 a
3582 5857 3641 5895 se
3704 5844 3955 5897 invicem

2378 5937 2517 5994 locis
2574 5937 2724 5992 hisce
2784 5936 3049 5992 duntaxat
3100 5950 3208 5989 uno
3260 5933 3478 5992 milliari
3522 5932 3734 5991 Graeco.
3811 5938 3965 5993 Ante

4145 1198 4147 1279 l

4145 1314 4147 1365 ι
