4198 6426
187 385 282 449 817

1327 390 1722 456 PANDECTE
1759 393 1959 457 HIS'l'.
1997 399 2040 457 T
2054 400 2305 461 URCIC.

3291 399 3404 461 818

180 514 324 561 vero,
356 512 519 567 quam
567 499 889 567 transjectus
924 502 1012 557 hic
1034 515 1339 573 superetur,
1400 510 1638 562 occurrit
1685 508 1736 560 in
1770 507 1812 561 Α
1911 513 1953 563 Α
1983 510 2180 567 Stauro
2234 514 2383 568 locus
2420 513 2470 566 in
2502 512 2709 581 Anaplo
2776 512 2875 582 (sic
2910 512 3052 565 enim
3098 510 3405 579 frequenter

180 592 306 655 ipsis
358 591 516 659 aquis
570 601 814 646 extructa
861 596 1105 663 quaedam
1166 615 1261 651 arx
1324 615 1507 667 parva,
1575 614 1732 669 quam

176 681 389 736 Turrim
423 682 764 738 Scutarinam
792 686 964 743 Graeci
990 701 1205 756 vocant,
1240 691 1399 745 Turei
1434 693 1731 757 Kisculam,

175 774 272 826 hoc
305 784 408 837 est,
443 789 621 827 arcem
665 776 916 846 virginis,
983 795 1047 834 ex
1084 796 1248 835 causa
1303 784 1536 852 quadam
1602 786 1729 840 alibi

174 865 512 931 exponenda.
547 865 617 920 De
650 866 753 921 hac
802 884 927 925 arce
960 882 1088 926 sunt
1140 874 1483 944 intelligenda
1538 877 1735 933 Nieetaa

174 959 356 1023 verba,
390 958 525 1013 libro
557 977 630 1024 tv,
660 977 782 1017 cum
810 966 886 1019 ait
914 982 928 1019 :
959 966 1040 1019 Ab
1094 966 1198 1020 hoc
1253 968 1579 1038 inaperatore
1621 972 1733 1025 Ma-

178 1048 332 1102 nuele
385 1051 550 1104 turris
615 1051 702 1105 illa
769 1055 1057 1122 (patuisset
1110 1071 1287 1109 arcem
1350 1058 1577 1129 vertere)
1627 1075 1735 1113 non

173 1142 361 1207 procul
409 1156 438 1194 a
499 1144 814 1197 continente
862 1146 913 1199 in
948 1147 1082 1199 mari
1133 1156 1408 1201 exstructa
1461 1159 1565 1213 est,
1616 1166 1735 1217 qum

175 1232 411 1286 Damalis
442 1234 689 1302 pridem,
754 1252 897 1291 nunc
951 1239 1143 1291 Arcula
1201 1240 1519 1298 diciturzet
1566 1242 1735 1296 altera

175 1326 661 1396 turriseregione,
709 1330 864 1397 juxta
939 1331 1286 1402 Manganium
1342 1338 1733 1391 monasterium

171 1418 406 1484 (scilicet
450 1420 631 1475 Sancti
673 1422 913 1492 Georgii)
948 1441 1014 1478 eo
1040 1428 1292 1493 consilio,
1346 1438 1405 1481 ut
1444 1428 1617 1484 ferrea
1652 1447 1737 1485 ca-

172 1519 297 1562 tena
368 1511 628 1577 utrinque
680 1524 928 1583 extensa,
982 1518 1227 1574 barbaris
1280 1522 1504 1575 navibus
1556 1524 1735 1577 aditus

171 1598 227 1650 in
255 1600 372 1653 loca
406 1603 556 1656 urbis
581 1606 692 1657 arci
725 1606 924 1669 vicina,
964 1619 1017 1663 et
1048 1619 1280 1664 tractum
1312 1612 1463 1665 illum
1513 1630 1733 1669 onmem

170 1709 348 1760 usque
398 1696 463 1750 ad
527 1697 907 1772 .Blacherniam
968 1704 1193 1773 regiam,
1262 1706 1732 1764 intercluderetur.

168 1787 388 1852 Quibus
426 1789 479 1842 in
506 1790 685 1844 verbis
739 1792 952 1848 Arculaa
1002 1811 1192 1849 nomen
1252 1798 1555 1867 signiﬁcare
1607 1813 1734 1871 puto

171 1896 622 1947 parvamarcem.
679 1872 823 1937 Idem
876 1898 999 1955 post
1058 1888 1263 1957 inquit:
1334 1892 1633 1961 Imperator
1677 1898 1727 1950 in

166 1974 376 2042 palatio
402 1976 465 2027 ad
491 1976 778 2043 Damalim,
804 1982 950 2047 quod
984 1979 1297 2037 Scutarium
1342 1984 1562 2051 dicitur,
1613 2004 1732 2041 ver-

166 2065 418 2119 sabatur.
448 2066 621 2122 Distat
643 2084 671 2123 a
712 2071 1017 2125 continenti
1049 2074 1245 2129 Asiana
1269 2074 1575 2133 Scutarium
1608 2098 1732 2135 cen-

165 2166 288 2209 tum
344 2159 611 2224 passibus.
672 2159 879 2215 Nomen
963 2166 1161 2233 oppido
1218 2167 1396 2224 vicino
1446 2171 1617 2234 dedit,
1676 2186 1733 2229 ut

161 2246 377 2303 Graecis
413 2250 569 2305 hodie
596 2253 929 2315 Scutarium,
956 2256 1147 2314 Turcis
1195 2260 1414 2315 lscodar
1475 2265 1683 2322 dicatur
1716 2286 1731 2323 :

162 2341 304 2395 uim
334 2359 435 2396 non
472 2343 801 2410 Chalcedon,
843 2350 915 2402 uti
937 2350 1146 2413 Jovius,
1187 2353 1477 2416 Peucerns,
1532 2360 1729 2413 Bushe-

162 2432 584 2504 quius,aliiqne
635 2439 807 2499 magni
867 2443 962 2493 viri
1029 2455 1288 2511 putarunt
1354 2446 1732 2511 (Chalcedonis

160 2523 317 2575 enim
348 2528 537 2580 rudera
581 2528 640 2581 lO
670 2530 994 2588 niilliaribus
1027 2538 1094 2589 ab
1114 2539 1326 2605 Angnlo
1355 2542 1614 2596 sultanini
1642 2562 1731 2598 sa-

161 2615 268 2668 raii
318 2633 508 2672 versus
549 2622 873 2678 Astacenum
928 2626 1129 2691 sinum,
1196 2630 1261 2682 ad
1306 2637 1731 2700 promontorium

162 2710 533 2774 Damalicum,
582 2713 732 2781 juxta
787 2726 1001 2785 portum
1058 2717 1319 2789 Eutropii,
1372 2724 1473 2777 sita
1540 2731 1731 2797 sunt),

158 2804 264 2856 sed
295 2803 676 2875 Chrysopolis.
710 2804 768 2861 Id
810 2820 989 2863 autem
1022 2813 1219 2881 oppido
1255 2831 1450 2869 nomen
1507 2818 1733 2875 inditum

158 2896 343 2963 ςιιὶιμιὶ
384 2907 591 2963 putant,
625 2908 682 2952 ut
712 2900 829 2954 auri
880 2902 1071 2957 civitas
1126 2906 1415 2973 diceretur,
1454 2913 1519 2965 ab
1577 2928 1734 2980 auro,

155 2987 318 3055 quod
348 2988 475 3042 olim
511 2991 903 3060 antiquissimis
934 2998 1267 3064 temporibus
1318 3016 1414 3069 pro
1448 3001 1734 3060 Persarum

158 3081 396 3147 regibus
427 3081 511 3135 hic
536 3084 720 3138 tributi
748 3086 965 3142 nomine
992 3092 1210 3154 congeri
1240 3108 1303 3147 ex
1336 3094 1459 3149 Asia
1486 3106 1594 3153 tota
1646 3116 1737 3152 so-

158 3174 330 3225 litum
360 3173 537 3228 fuerit.
567 3174 671 3228 Sed
711 3178 949 3246 origines
1004 3182 1153 3236 urbis
1207 3183 1517 3253 Byzantina:
1567 3190 1726 3244 aliam
1764 3215 1805 3271 ρ

157 3264 414 3319 nominis
436 3266 714 3333 rationem,
746 3271 921 3326 verbis
942 3272 1161 3337 Gracis,
1192 3277 1243 3329 in
1276 3277 1418 3335 hanc
1469 3280 1581 3335 fere
1606 3300 1732 3338 sen-

156 3356 401 3409 tentiam
435 3356 691 3413 referunt.
734 3360 1035 3431 Conspecta
1088 3368 1387 3438 (inquiunt)
1445 3374 1733 3428 confestim

157 3448 386 3516 aquila,
429 3464 523 3501 cor
573 3451 806 3506 victima:
866 3455 1026 3523 rapit,
1092 3467 1144 3511 et
1201 3459 1254 3512 in
1302 3466 1732 3527 promontorium

157 3540 425 3608 Bosporii
456 3540 651 3596 littoris
678 3542 868 3607 defert,
893 3561 923 3599 e
972 3548 1190 3616 regione
1211 3549 1628 3622 Chrysopoleos,
1650 3562 1735 3612 cui

150 3633 411 3703 Cltryses
445 3636 866 3701 Agamemnonis
920 3655 984 3692 ex
1048 3640 1341 3711 Chryseide
1397 3645 1560 3711 ﬁlius,
1619 3661 1738 3715 post

153 3742 367 3780 necem
402 3728 588 3795 patris,
612 3728 1038 3799 Clytaemnestra:
1070 3734 1280 3799 fugiens
1307 3735 1552 3804 insidias,
1578 3750 1630 3794 et
1671 3743 1737 3796 ad

150 3819 523 3886 quaerendum
576 3820 907 3889 Iphigeniam
991 3839 1307 3891 properans,
1364 3844 1557 3884 nomen
1635 3833 1738 3889 hoc

146 3912 316 3979 apud
350 3911 552 3966 incolas
595 3913 832 3981 reliquit,
863 3917 1153 3983 sepultum
1182 3935 1293 3973 sua!
1328 3936 1735 3981 monumentum

146 4021 295 4057 cum
322 4005 446 4058 isaic
480 4006 637 4060 tinem
668 4007 879 4060 vivendi
930 4008 1169 4064 iecisset.
1210 4011 1419 4077 Quibus
1474 4016 1525 4071 in
1562 4020 1739 4073 verbis

146 4096 608 4163 promontorium
666 4096 911 4165 Bosporii
942 4100 1159 4162 littoris,
1196 4102 1323 4155 illud
1376 4104 1554 4173 ipsum
1587 4107 1741 4161 intel-

146 4186 385 4255 ligitur,
416 4187 595 4255 inquo
622 4204 766 4242 nunc
793 4191 1031 4243 saraium
1069 4193 1415 4247 sultaninum
1475 4197 1739 4252 orientale

138 4281 340 4333 situm
373 4288 476 4332 est.

235 4369 629 4439 AChrySOpOIi
662 4371 773 4425 sive
832 4373 1098 4436 Scutario,
1142 4375 1290 4431 littus
1320 4377 1614 4433 Asiaticum
1666 4382 1742 4437 Ie-

1844 605 2092 657 bistoriei
2117 605 2285 660 Graeci
2319 616 2512 660 vocant
2549 607 2659 660 haec
2690 606 2755 658 ab
2789 618 3016 674 utroque
3073 605 3236 658 latere
3264 608 3398 665 lora,

1841 717 1961 769 qua:
1995 717 2212 755 sursum
2254 702 2319 755 ad
2364 702 2630 756 Euxinum
2685 716 2834 756 mare
2864 701 3240 771 navigantibus
3275 715 3403 753 eon-

1841 795 2163 863 spiciuntur)
2199 796 2477 863 proximus
2508 807 2590 850 est
2614 797 2664 849 in
2690 798 2878 851 eodem
2908 797 3145 850 Asiatico
3196 797 3401 849 littore.

1840 886 2167 939 monasterio
2194 885 2468 954 quondam
2522 886 2717 953 insigni
2778 886 3046 949 celebris,
3113 885 3204 953 qui
3256 899 3403 936 nunc

1840 976 2109 1033 Altimitos
2131 976 2332 1032 Grarcis
2358 978 2576 1030 dicitur.
2617 976 2752 1031 Olim
2788 977 3008 1031 Akimiti
3043 978 3398 1033 vocabantur.

1840 1067 2057 1130 hoecst,
2106 1069 2353 1122 monachi
2407 1066 2714 1137 pervigiles,
2752 1078 3000 1138 totasque
3051 1079 3233 1121 noctes
3282 1066 3399 1120 sine

1839 1171 2031 1210 somno
2071 1159 2323 1224 precibus
2352 1169 2405 1212 et
2437 1160 2652 1228 hymnis
2679 1158 2923 1212 dicendis
2956 1159 3254 1226 exigentes.

1912 1249 1989 1299 Ah
2020 1247 2255 1303 Altimito
2304 1250 2544 1318 pergitur
2605 1250 2670 1302 ad
2717 1250 3180 1319 Chrysolterama,
3226 1250 3400 1304 locum

1838 1340 1905 1391 ab
1932 1340 2042 1392 aede
2058 1356 2207 1393 sacra
2233 1341 2459 1403 dictum,
2492 1344 2685 1411 tegulis
2715 1342 2844 1395 olim
2874 1343 3132 1395 inauratis
3184 1353 3402 1394 ornata.

1908 1432 2355 1500 Chrysokeramis
2380 1433 2615 1487 vicinum
2639 1446 2720 1489 est
2742 1434 2982 1507 Anatolis
3029 1434 3269 1489 Castelli.
3312 1436 3404 1488 Sic

1838 1525 2009 1580 (Ξτωεί
2041 1543 2181 1581 nunc
2211 1528 2397 1581 Inutile
2423 1537 2638 1591 vocant,
2672 1537 2813 1596 quod
2870 1542 3081 1598 integre
3133 1528 3402 1581 diceretur

1838 1619 2237 1684 Anatolisﬂroc
2260 1619 2547 1683 est,Asia2)
2582 1619 2897 1675 Castellion.
2944 1622 3007 1675 Et
3057 1620 3216 1688 paulo
3274 1629 3402 1672 ante

1840 1713 2205 1775 meminimus,
2232 1714 2372 1767 idem
2402 1712 2596 1768 Turcis
2623 1715 2814 1769 eodem
2847 1714 3153 1782 signiﬁcatu
3217 1715 3400 1768 vocari

1840 1806 2068 1860 Anadoli
2093 1806 2304 1859 Chisar.

1910 1918 2059 1973 Ultra
2089 1919 2380 1973 Castellion
2409 1918 2650 1974 Anatolis
2711 1929 2794 1973 est
2821 1916 3211 1986 Megalocarya,
3235 1916 3399 1987 447

1840 2012 2048 2080 magnis
2102 2027 2129 2064 a
2194 2012 2427 2066 nucibus
2476 2012 2736 2066 avellanis
2788 2010 2929 2064 dicta
2959 2029 2970 2064 :
3006 2025 3169 2078 quam
3197 2010 3399 2064 rectius

1840 2105 2009 2159 Gnaei
2057 2106 2245 2159 volunt
2271 2106 2335 2160 ad
2362 2116 2579 2159 sanctos
2607 2108 2829 2176 angelos
2864 2108 3152 2161 nominari.

1912 2220 2084 2288 Supra
2145 2220 2568 2291 Megalocaryam
2620 2222 2954 2289 conspicitur
3010 2232 3163 2275 vetus
3214 2220 3399 2274 hieron

1841 2312 1937 2381 (sic
1959 2322 2012 2366 et
2042 2311 2202 2364 'l‘urri
2227 2327 2348 2365 cum
2376 2310 2577 2366 Graecis
2609 2312 2848 2381 vocant),
2875 2312 2925 2365 id
2945 2320 3048 2373 est,
3075 2312 3257 2364 fanum
3289 2309 3404 2362 sive

1841 2405 2125 2473 templum,
2177 2418 2205 2455 a
2253 2402 2612 2456 Constantino
2674 2404 2867 2473 Magno
2922 2404 3239 2457 conditum:
3292 2418 3402 2469 quo

1842 2504 2083 2561 tempore
2120 2492 2371 2547 confecto
2410 2495 2548 2546 bello
2576 2495 2826 2560 Gothico,
2871 2509 3127 2550 reversus
3180 2493 3303 2557 fuit,
3345 2505 3404 2546 ut

1840 2586 2011 2642 Graeci
2044 2602 2187 2639 nunc
2220 2587 2393 2640 aiunt.
2421 2586 2647 2641 Constat
2668 2600 2869 2651 tamen,
2904 2589 3006 2642 hoc
3035 2588 3164 2643 olim
3184 2602 3404 2656 quoque

1844 2680 1960 2731 loco
2011 2678 2181 2732 fuisse
2208 2680 2546 2747 temporibus
2582 2680 2979 2747 antiquissimis
3010 2680 3267 2749 templum
3300 2680 3403 2731 Ar-

1844 2780 2200 2837 gonautarum
2226 2772 2367 2839 quod
2389 2772 2719 2839 appellatum
2752 2772 2852 2825 fuit
2876 2772 3058 2826 hieron
3078 2772 3188 2825 sive
3208 2770 3394 2823 fantur

1844 2859 1991 2915 Jovis
2023 2860 2154 2922 Urii,
2192 2861 2296 2915 hoc
2330 2871 2435 2925 est,
2472 2861 2751 2931 largientis
2786 2873 2975 2916 ventos
2998 2863 3285 2916 secundos.
3340 2859 3406 2914 Et

1848 2964 2031 3007 notum
2056 2962 2158 3016 est,
2191 2953 2379 3007 solitos
2407 2954 2764 3022 imperatores
2797 2955 3142 3008 Christianos
3197 2963 3406 3006 mutare

1846 3046 2046 3113 templa
2083 3060 2417 3113 paganorum
2454 3047 2506 3099 in
2536 3046 2707 3099 nostri
2745 3046 2882 3098 ritus
2908 3045 3193 3100 ecclesias.

1918 3158 2158 3213 Ulterius
2184 3160 2461 3210 castellum
2498 3158 2745 3226 Argyron
2775 3159 2940 3209 situm
2974 3166 3058 3210 est
3093 3155 3237 3225 quod
3267 3154 3404 3210 Cas-

1842 3250 2019 3304 taldus
2047 3252 2208 3303 etiam
2245 3250 2447 3318 posuit,
2473 3250 2723 3319 Algyrum
2757 3265 2975 3303 vocans.

1910 3367 2183 3423 Hactenns
2224 3368 2275 3419 in
2313 3365 2571 3426 Asiatico,
2606 3365 2720 3419 sive
2770 3364 2961 3418 dextro
2993 3363 3185 3432 Anapli
3209 3365 3403 3425 latere,

1840 3462 1940 3516 sita
1966 3462 2077 3513 loca
2104 3459 2528 3516 numeravimns.
2565 3456 2722 3513 Nunc
2768 3458 2907 3511 idem
2941 3458 3043 3511 iter
3071 3456 3138 3509 ab
3174 3456 3283 3509 imo
3322 3472 3405 3508 re-

1842 3554 2078 3623 petituri,
2125 3554 2274 3606 littus
2317 3550 2635 3619 Europzeum
2669 3550 2911 3618 legamus
2945 3551 3010 3603 ad
3061 3549 3270 3611 laevam,
3304 3548 3404 3601 do-

1840 3660 1938 3699 nec
1967 3644 2150 3698 itidem
2189 3645 2253 3696 ad
2311 3643 2508 3697 ostium
2550 3641 2708 3695 Ponti
2747 3639 2948 3695 Euxini
3001 3641 3402 3710 perveniamus.

1911 3756 2095 3826 Itaque
2134 3756 2321 3811 Galuta
2344 3754 2656 3810 Ceratinum
2678 3755 2745 3808 ad
2777 3754 2956 3809 sinmn
2983 3754 3190 3812 relicta.
3223 3764 3402 3807 trans-

1840 3850 2077 3902 eundum
2142 3849 2316 3916 primo
2373 3847 2833 3914 promontorium.
2877 3847 3057 3899 saraio
3101 3846 3401 3907 sultaniuo,

1841 3958 1869 3995 e
1913 3941 2131 4009 regione
2161 3949 2311 3993 trans
2332 3938 2511 3993 sinum
2535 3946 2819 3992 cornutum
2857 3937 2985 4001 sito,
3022 3938 3398 4006 respondens:

1842 4046 1895 4086 et
1925 4048 2050 4085 mox
2086 4031 2276 4085 offeret
2300 4045 2419 4084 sese
2446 4030 2718 4096 Caravoli,
2746 4030 2896 4083 locus
2941 4029 3088 4082 omni
3125 4029 3401 4082 variorum

1842 4124 2192 4178 aediﬁciorum
2217 4131 2266 4177 et
2288 4115 2567 4176 hortorum
2591 4122 2824 4183 cultura,
2852 4136 2917 4174 ne
2941 4120 3154 4189 templis
3187 4120 3401 4188 quidem

1844 4216 2088 4270 Turcicis
2114 4214 2510 4276 deﬁcientibus,
2557 4213 3012 4267 amoenissimus:
3043 4212 3133 4265 ubi
3162 4212 3404 4265 diverso-

1845 4310 1985 4361 rium
2019 4307 2333 4378 Anglicanm
2382 4306 2581 4375 reginae
2632 4305 2810 4375 legato
2870 4305 3210 4371 assignatum
3265 4316 3403 4368 erat,

1844 4416 1967 4453 cum
2019 4414 2116 4453 nos
2176 4398 2298 4452 istic
2350 4413 2616 4452 essemus.
2667 4397 2868 4450 Ibidem
2926 4395 3080 4450 Julia:
3134 4395 3407 4449 Pescenize

132 4464 456 4532 gentibus,
512 4462 755 4518 occurrit'
798 4467 1028 4533 primum
1111 4484 1299 4538 pagus,
1365 4473 1455 4538 qui
1517 4472 1740 4528 Stauros

1780 4550 1814 4559 λ
1854 4506 2086 4543 marmor
2111 4490 2354 4544 Gnaeum
2380 4490 2963 4559 estelegantissimum.
2984 4490 3142 4557 cujus
3177 4488 3405 4557 inscrip—

126 4555 383 4613 (ἱππεὶς
416 4556 633 4619 dicitur,
670 4560 736 4608 ab
761 4572 929 4609 aurea
962 4574 1144 4621 cruce,
1178 4576 1341 4627 quam
1377 4561 1432 4615 in
1468 4566 1649 4632 templi
1680 4567 1745 4619 ab
1780 4550 1821 4603 ί)
1854 4580 2051 4632 nunc...
2087 4579 2370 4633 habemus,

126 4666 219 4704 se
249 4646 459 4701 ibidem
487 4648 694 4701 conditi
720 4648 921 4701 vertice
965 4648 1355 4703 Constantinus
1415 4651 1637 4720 Magnus
1662 4654 1743 4706 in-

122 4738 407 4808 signiter
434 4749 678 4790 ornatam
721 4737 1070 4791 constituisse
1103 4739 1437 4806 perhibetur.
1483 4741 1572 4795 Sic
1595 4745 1735 4796 enim

117 4830 370 4889 audire
406 4831 471 4882 de
502 4828 813 4884 Theodosio
846 4829 1158 4899 Zygomala,
1211 4832 1558 4899 patriarchali
1623 4850 1742 4897 pro-

117 4920 472 4981 toriotario,
535 4922 686 4973 valde
748 4923 908 4975 docto
964 4921 1078 4974 viro
1149 4922 1389 4976 memini.
1459 4922 1523 4977 Et
1573 4926 1741 4992 ipsius

116 5014 361 5081 templi
397 5013 584 5065 ruinas
605 5012 971 5082 amplissimas
995 5014 1284 5082 aliquando
1318 5029 1443 5068 cum
1504 5016 1742 5069 admira-

111 5112 343 5169 Iionc,
408 5105 694 5159 comitibus
757 5104 1087 5174 Hieronymo
1134 5105 1514 5167 Arconato,ct
1573 5106 1739 5161 Paulo

110 5204 339 5259 [{osa,
367 5212 435 5250 ex
457 5214 523 5251 eo
556 5207 795 5266 tempore
842 5198 928 5265 pie
961 5206 1193 5258 mortuo,
1231 5198 1362 5250 viris
1420 5198 1637 5265 optimis
1688 5208 1737 5252 et

98 5288 548 5350 aanicissimis.
574 5288 779 5355 inspexi
807 5304 820 5341 :
846 5304 969 5342 cum
1008 5289 1222 5356 navigio
1245 5290 1542 5341 transvecti
1576 5289 1738 5342 Chal-

94 5387 459 5444 certonem,
488 5379 539 5431 in
597 5380 835 5448 Entropii
892 5391 1129 5447 portum,
1180 5391 1320 5433 terra
1381 5381 1576 5433 deinde
1610 5396 1735 5447 pro-

98 5473 510 5536 xnontorium
572 5471 901 5525 Damalicnm
960 5472 1184 5540 pedibus
1263 5473 1634 5533 emetiremur,
1685 5473 1735 5523 in

87 5582 275 5643 quo
301 5565 501 5617 rudera
530 5563 706 5631 templi
732 5576 930 5617 sancta:
961 5563 1272 5633 Enphem‘ite
1322 5564 1553 5616 concilio
1577 5563 1735 5617 Chal-

85 5655 470 5720 ccdonensi
510 5655 730 5716 nobilis,
764 5654 815 5707 in
871 5656 1028 5708 horto
1081 5653 1312 5723 quodam
1349 5663 1648 5723 superant:
1684 5666 1736 5708 et

98 5754 235 5817 ad
278 5752 432 5802 hunc
456 5748 646 5802 deinde
680 5763 871 5818 pagum
897 5746 1170 5812 Staurum,
1208 5747 1418 5818 aliaque
1470 5751 1579 5802 loca
1616 5766 1737 5819 pro-

101 5872 159 5922 ὅ
181 5865 199 5897 ι
233 5842 556 5896 ederentur.

1916 4690 2165 4745 Caravoli
2199 4692 2475 4761 proximus
2506 4700 2600 4745 est
2631 4691 2783 4744 locus
2815 4704 2844 4742 a
2880 4689 2938 4743 S.
2983 4689 3178 4744 Pbocae
3206 4692 3406 4756 templo

1845 4781 2173 4836 Christianis
2206 4783 2528 4850 appellatus,
2564 4781 2843 4836 Ortachioi
2896 4779 3112 4836 Turcis.
3161 4780 3407 4836 Archion

1847 4874 2041 4942 priscis
2072 4874 2275 4927 dictum
2307 4872 2473 4927 refert
2509 4872 2739 4941 Gyllius.

1918 4987 2066 5041 Ultra
2103 4987 2161 5039 S.
2214 4984 2448 5039 Phoeam
2489 4983 2863 5051 Archangelus
2890 4992 2993 5046 est,
3048 4984 3200 5038 locus
3231 4986 3307 5039 sic
3338 4987 3407 5040 ab

1844 5080 2165 5147 archangelo
2188 5077 2657 5132 Michaeledictus.
2686 5075 2908 5130 Veteres
2947 5078 3281 5146 Catascepen
3310 5094 3405 5129 no-

1844 5171 2105 5232 minasse,
2132 5179 2274 5238 patet
2295 5186 2358 5221 ex
2392 5169 2475 5223 his
2509 5168 2712 5223 Nieetae
2744 5170 2921 5223 verbis
2970 5186 2985 5223 :
3018 5169 3402 5224 Monasterium

1845 5263 1895 5314 in
1931 5262 2085 5316 Ponti
2120 5261 2536 5324 faucibusloco,
2566 5261 2659 5327 qui
2701 5261 2992 5328 Catascepe
3059 5261 3275 5322 dicitur,
3307 5278 3406 5313 ex-

1842 5353 2043 5405 struxit
2073 5350 2382 5404 archiducis
2414 5342 2689 5402 Michaelis
2736 5349 2975 5401 nomine.
3019 5348 3221 5401 Vocant
3261 5367 3405 5402 nunc

1843 5447 2006 5499 etiam
2039 5443 2208 5498 Graeci
2237 5444 2560 5505 Asomaton,
2585 5453 2870 5509 propterea
2908 5442 3053 5508 quod
3077 5441 3253 5510 angeli
3284 5456 3400 5495 cor-

1843 5538 1991 5608 poris
2031 5545 2280 5605 expertes
2303 5533 2433 5588 sint.

1912 5652 2038 5705 lndc
2078 5650 2391 5717 pervenitur
2420 5647 2486 5701 ad
2546 5646 2947 5715 Diplokioniou,
2991 5648 3070 5702 sic
3104 5647 3309 5700 dictum
3370 5664 3399 5700 a

1843 5744 2071 5813 geminis
2101 5745 2391 5805 columnis,
2446 5746 2590 5809 quod
2621 5741 2782 5795 Turci
2824 5741 3088 5805 Besiclas,
3124 5744 3287 5797 veluti
3326 5746 3402 5793 la-

1846 5838 2017 5907 pidem
2054 5854 2314 5893 cunarum
2348 5847 2561 5892 vorant.
2585 5838 2657 5891 lbi
2690 5848 3192 5894 mormmcntntnest
3223 5840 3401 5907 sepul-
