  <div class='ocr_page' id='page_1' title='image "/cluster/home/n/w/nwhite01/storage/ocr_20150623/159/nnc1.0046980628/419.png"; bbox 0 0 4198 6426; ppageno 0'>
   <div class='ocr_carea' id='block_1_1' title="bbox 742 479 853 542">
    <p class='ocr_par' dir='ltr' id='par_1_1' title="bbox 742 479 853 542">
     <span class='ocr_line' id='line_1_1' title="bbox 742 479 853 542; baseline -0.018 0"><span class='ocrx_word' id='word_1_1' title='bbox 742 479 853 542; x_wconf 82' lang='grc'><strong>819</strong></span> 
     </span>
    </p>
   </div>
   <div class='ocr_carea' id='block_1_2' title="bbox 1937 482 2763 546">
    <p class='ocr_par' dir='ltr' id='par_1_2' title="bbox 1937 482 2763 546">
     <span class='ocr_line' id='line_1_2' title="bbox 1937 482 2763 546; baseline 0 -2"><span class='ocrx_word' id='word_1_2' title='bbox 1937 482 2260 544; x_wconf 78' lang='lat' dir='ltr'><strong>JUANNIS</strong></span> <span class='ocrx_word' id='word_1_3' title='bbox 2292 484 2763 546; x_wconf 80' lang='lat' dir='ltr'><strong>LEUNCLAVII</strong></span> 
     </span>
    </p>
   </div>
   <div class='ocr_carea' id='block_1_3' title="bbox 3877 480 3978 542">
    <p class='ocr_par' dir='ltr' id='par_1_3' title="bbox 3877 480 3978 542">
     <span class='ocr_line' id='line_1_3' title="bbox 3877 480 3978 542; baseline 0 0"><span class='ocrx_word' id='word_1_4' title='bbox 3877 480 3978 542; x_wconf 63' lang='lat'><strong>820</strong></span> 
     </span>
    </p>
   </div>
   <div class='ocr_carea' id='block_1_4' title="bbox 742 594 3977 667">
    <p class='ocr_par' dir='ltr' id='par_1_4' title="bbox 742 594 3977 667">
     <span class='ocr_line' id='line_1_4' title="bbox 742 594 3977 667; baseline 0 -16"><span class='ocrx_word' id='word_1_5' title='bbox 742 608 878 651; x_wconf 77' lang='lat' dir='ltr'><strong>turze</strong></span> <span class='ocrx_word' id='word_1_6' title='bbox 907 594 1251 651; x_wconf 87' lang='lat' dir='ltr'><strong>Chairadinis</strong></span> <span class='ocrx_word' id='word_1_7' title='bbox 1283 596 1481 660; x_wconf 75' lang='lat' dir='ltr'><strong>Bassae,</strong></span> <span class='ocrx_word' id='word_1_8' title='bbox 1519 599 1607 652; x_wconf 83' lang='lat' dir='ltr'><strong>cui</strong></span> <span class='ocrx_word' id='word_1_9' title='bbox 1641 601 1707 651; x_wconf 89' lang='lat' dir='ltr'><strong>ab</strong></span> <span class='ocrx_word' id='word_1_10' title='bbox 1743 596 1894 655; x_wconf 87' lang='lat' dir='ltr'><strong>Italis</strong></span> <span class='ocrx_word' id='word_1_11' title='bbox 1936 615 2138 655; x_wconf 80' lang='lat' dir='ltr'><strong>nomen</strong></span> <span class='ocrx_word' id='word_1_12' title='bbox 2168 601 2303 654; x_wconf 86' lang='lat' dir='ltr'><strong>Bar-</strong></span> <span class='ocrx_word' id='word_1_13' title='bbox 2335 613 2380 666; x_wconf 71' lang='grc' dir='ltr'>Α</span> <span class='ocrx_word' id='word_1_14' title='bbox 2410 598 3096 663; x_wconf 83' lang='lat' dir='ltr'><strong>monstrabatArconatus,</strong></span> <span class='ocrx_word' id='word_1_15' title='bbox 3122 613 3151 651; x_wconf 91' lang='lat' dir='ltr'><strong>a</strong></span> <span class='ocrx_word' id='word_1_16' title='bbox 3181 597 3359 667; x_wconf 86' lang='lat' dir='ltr'><strong>Gyllio</strong></span> <span class='ocrx_word' id='word_1_17' title='bbox 3385 613 3492 652; x_wconf 93' lang='lat' dir='ltr'><strong>non</strong></span> <span class='ocrx_word' id='word_1_18' title='bbox 3524 596 3977 653; x_wconf 83' lang='lat' dir='ltr'><strong>animadversam.</strong></span> 
     </span>
    </p>
   </div>
   <div class='ocr_carea' id='block_1_5' title="bbox 744 687 2307 761">
    <p class='ocr_par' dir='ltr' id='par_1_5' title="bbox 744 687 2307 761">
     <span class='ocr_line' id='line_1_5' title="bbox 744 687 2307 761; baseline 0.003 -20"><span class='ocrx_word' id='word_1_19' title='bbox 744 691 984 742; x_wconf 71' lang='lat' dir='ltr'><strong>barossa:</strong></span> <span class='ocrx_word' id='word_1_20' title='bbox 1014 687 1197 743; x_wconf 89' lang='lat' dir='ltr'><strong>datum</strong></span> <span class='ocrx_word' id='word_1_21' title='bbox 1229 688 1349 744; x_wconf 82' lang='lat' dir='ltr'><strong>fuit.</strong></span> <span class='ocrx_word' id='word_1_22' title='bbox 1376 688 1621 749; x_wconf 76' lang='lat' dir='ltr'><strong>Meminit</strong></span> <span class='ocrx_word' id='word_1_23' title='bbox 1653 691 1739 744; x_wconf 90' lang='lat' dir='ltr'><strong>hic</strong></span> <span class='ocrx_word' id='word_1_24' title='bbox 1759 707 1881 745; x_wconf 90' lang='lat' dir='ltr'><strong>eum</strong></span> <span class='ocrx_word' id='word_1_25' title='bbox 1918 692 2133 761; x_wconf 84' lang='lat' dir='ltr'><strong>sepulto</strong></span> <span class='ocrx_word' id='word_1_26' title='bbox 2154 707 2206 745; x_wconf 78' lang='grc' dir='ltr'><strong>ιιι</strong></span> <span class='ocrx_word' id='word_1_27' title='bbox 2243 691 2307 745; x_wconf 84' lang='lat' dir='ltr'><strong>li—</strong></span> 
     </span>
    </p>
   </div>
   <div class='ocr_carea' id='block_1_6' title="bbox 745 781 2303 851">
    <p class='ocr_par' dir='ltr' id='par_1_6' title="bbox 745 781 2303 851">
     <span class='ocr_line' id='line_1_6' title="bbox 745 781 2303 851; baseline 0.003 -18"><span class='ocrx_word' id='word_1_28' title='bbox 745 782 844 834; x_wconf 84' lang='lat' dir='ltr'><strong>ber</strong></span> <span class='ocrx_word' id='word_1_29' title='bbox 873 783 985 851; x_wconf 88' lang='lat' dir='ltr'><strong>ipse</strong></span> <span class='ocrx_word' id='word_1_30' title='bbox 1013 781 1330 844; x_wconf 80' lang='lat' dir='ltr'><strong>Annalium,</strong></span> <span class='ocrx_word' id='word_1_31' title='bbox 1372 782 1438 836; x_wconf 90' lang='lat' dir='ltr'><strong>ad</strong></span> <span class='ocrx_word' id='word_1_32' title='bbox 1488 798 1691 839; x_wconf 89' lang='lat' dir='ltr'><strong>annum</strong></span> <span class='ocrx_word' id='word_1_33' title='bbox 1718 783 2093 840; x_wconf 84' lang='lat' dir='ltr'><strong>Christianum</strong></span> <span class='ocrx_word' id='word_1_34' title='bbox 2146 785 2303 839; x_wconf 72' lang='grc'><strong>1547.</strong></span> 
     </span>
    </p>
   </div>
   <div class='ocr_carea' id='block_1_7' title="bbox 748 871 2308 943">
    <p class='ocr_par' dir='ltr' id='par_1_7' title="bbox 748 871 2308 943">
     <span class='ocr_line' id='line_1_7' title="bbox 748 871 2308 943; baseline 0.002 -19"><span class='ocrx_word' id='word_1_35' title='bbox 748 871 1122 939; x_wconf 83' lang='lat' dir='ltr'><strong>Diplokionion</strong></span> <span class='ocrx_word' id='word_1_36' title='bbox 1171 873 1369 943; x_wconf 77' lang='lat' dir='ltr'><strong>priscis</strong></span> <span class='ocrx_word' id='word_1_37' title='bbox 1403 874 1608 929; x_wconf 90' lang='lat' dir='ltr'><strong>dictum</strong></span> <span class='ocrx_word' id='word_1_38' title='bbox 1646 884 1765 929; x_wconf 88' lang='lat' dir='ltr'><strong>erat</strong></span> <span class='ocrx_word' id='word_1_39' title='bbox 1807 873 2114 931; x_wconf 82' lang='lat' dir='ltr'><strong>Jasonium.</strong></span> <span class='ocrx_word' id='word_1_40' title='bbox 2150 875 2308 929; x_wconf 59' lang='lat' dir='ltr'><strong>Orte.</strong></span> 
     </span>
    </p>
   </div>
   <div class='ocr_carea' id='block_1_8' title="bbox 742 964 2302 1039">
    <p class='ocr_par' dir='ltr' id='par_1_8' title="bbox 742 964 2302 1039">
     <span class='ocr_line' id='line_1_8' title="bbox 742 964 2302 1039; baseline 0.003 -22"><span class='ocrx_word' id='word_1_41' title='bbox 742 964 847 1017; x_wconf 66' lang='lat' dir='ltr'><strong>lius</strong></span> <span class='ocrx_word' id='word_1_42' title='bbox 884 981 991 1020; x_wconf 91' lang='lat' dir='ltr'><strong>non</strong></span> <span class='ocrx_word' id='word_1_43' title='bbox 1020 976 1170 1021; x_wconf 89' lang='lat' dir='ltr'><strong>recte</strong></span> <span class='ocrx_word' id='word_1_44' title='bbox 1192 966 1504 1037; x_wconf 87' lang='lat' dir='ltr'><strong>Diplociana</strong></span> <span class='ocrx_word' id='word_1_45' title='bbox 1543 969 1782 1038; x_wconf 90' lang='lat' dir='ltr'><strong>scripsit,</strong></span> <span class='ocrx_word' id='word_1_46' title='bbox 1808 983 1909 1039; x_wconf 90' lang='lat' dir='ltr'><strong>pro</strong></span> <span class='ocrx_word' id='word_1_47' title='bbox 1934 968 2302 1038; x_wconf 82' lang='lat' dir='ltr'><strong>Diplckiouio,</strong></span> 
     </span>
    </p>
   </div>
   <div class='ocr_carea' id='block_1_9' title="bbox 741 1058 1451 1129">
    <p class='ocr_par' dir='ltr' id='par_1_9' title="bbox 741 1058 1451 1129">
     <span class='ocr_line' id='line_1_9' title="bbox 741 1058 1451 1129; baseline 0.008 -18"><span class='ocrx_word' id='word_1_48' title='bbox 741 1069 796 1111; x_wconf 90' lang='lat' dir='ltr'><strong>ct</strong></span> <span class='ocrx_word' id='word_1_49' title='bbox 822 1058 1034 1123; x_wconf 82' lang='lat' dir='ltr'><strong>llisitas,</strong></span> <span class='ocrx_word' id='word_1_50' title='bbox 1074 1075 1170 1129; x_wconf 92' lang='lat' dir='ltr'><strong>pro</strong></span> <span class='ocrx_word' id='word_1_51' title='bbox 1191 1058 1451 1117; x_wconf 86' lang='lat' dir='ltr'><strong>Besictas.</strong></span> 
     </span>
    </p>
   </div>
   <div class='ocr_carea' id='block_1_10' title="bbox 809 1146 2305 1224">
    <p class='ocr_par' dir='ltr' id='par_1_10' title="bbox 809 1146 2305 1224">
     <span class='ocr_line' id='line_1_10' title="bbox 809 1146 2305 1224; baseline 0.003 -21"><span class='ocrx_word' id='word_1_52' title='bbox 809 1146 961 1203; x_wconf 90' lang='lat' dir='ltr'><strong>Ultra</strong></span> <span class='ocrx_word' id='word_1_53' title='bbox 1004 1150 1392 1220; x_wconf 84' lang='lat' dir='ltr'><strong>Diplokinnion</strong></span> <span class='ocrx_word' id='word_1_54' title='bbox 1425 1162 1506 1208; x_wconf 88' lang='lat' dir='ltr'><strong>est</strong></span> <span class='ocrx_word' id='word_1_55' title='bbox 1534 1153 1609 1216; x_wconf 91' lang='lat' dir='ltr'><strong>id,</strong></span> <span class='ocrx_word' id='word_1_56' title='bbox 1636 1153 1702 1208; x_wconf 91' lang='lat' dir='ltr'><strong>de</strong></span> <span class='ocrx_word' id='word_1_57' title='bbox 1749 1171 1860 1223; x_wconf 91' lang='lat' dir='ltr'><strong>quo</strong></span> <span class='ocrx_word' id='word_1_58' title='bbox 1893 1155 2103 1224; x_wconf 86' lang='lat' dir='ltr'><strong>prolixe</strong></span> <span class='ocrx_word' id='word_1_59' title='bbox 2160 1168 2305 1208; x_wconf 91' lang='lat' dir='ltr'><strong>nunc</strong></span> 
     </span>
    </p>
   </div>
   <div class='ocr_carea' id='block_1_11' title="bbox 740 1243 1369 1313">
    <p class='ocr_par' dir='ltr' id='par_1_11' title="bbox 740 1243 1369 1313">
     <span class='ocr_line' id='line_1_11' title="bbox 740 1243 1369 1313; baseline 0.008 -19"><span class='ocrx_word' id='word_1_60' title='bbox 740 1243 973 1313; x_wconf 69' lang='lat' dir='ltr'><strong>egimus,</strong></span> <span class='ocrx_word' id='word_1_61' title='bbox 1018 1243 1369 1300; x_wconf 85' lang='lat' dir='ltr'><strong>Neocastron.</strong></span> 
     </span>
    </p>
   </div>
   <div class='ocr_carea' id='block_1_12' title="bbox 814 1338 2307 1407">
    <p class='ocr_par' dir='ltr' id='par_1_12' title="bbox 814 1338 2307 1407">
     <span class='ocr_line' id='line_1_12' title="bbox 814 1338 2307 1407; baseline 0.004 -17"><span class='ocrx_word' id='word_1_62' title='bbox 814 1338 950 1395; x_wconf 91' lang='lat' dir='ltr'><strong>llinc</strong></span> <span class='ocrx_word' id='word_1_63' title='bbox 978 1341 1087 1394; x_wconf 92' lang='lat' dir='ltr'><strong>itur</strong></span> <span class='ocrx_word' id='word_1_64' title='bbox 1118 1341 1185 1394; x_wconf 90' lang='lat' dir='ltr'><strong>ad</strong></span> <span class='ocrx_word' id='word_1_65' title='bbox 1212 1342 1411 1407; x_wconf 90' lang='lat' dir='ltr'><strong>locum,</strong></span> <span class='ocrx_word' id='word_1_66' title='bbox 1443 1342 1628 1397; x_wconf 78' lang='lat' dir='ltr'><strong>Stenia</strong></span> <span class='ocrx_word' id='word_1_67' title='bbox 1659 1359 1803 1397; x_wconf 89' lang='lat' dir='ltr'><strong>nunc</strong></span> <span class='ocrx_word' id='word_1_68' title='bbox 1834 1343 2062 1403; x_wconf 86' lang='lat' dir='ltr'><strong>dictum,</strong></span> <span class='ocrx_word' id='word_1_69' title='bbox 2084 1342 2307 1396; x_wconf 80' lang='lat' dir='ltr'><strong>nomine</strong></span> 
     </span>
    </p>
   </div>
   <div class='ocr_carea' id='block_1_13' title="bbox 737 1431 2308 1498">
    <p class='ocr_par' dir='ltr' id='par_1_13' title="bbox 737 1431 2308 1498">
     <span class='ocr_line' id='line_1_13' title="bbox 737 1431 2308 1498; baseline 0.004 -18"><span class='ocrx_word' id='word_1_70' title='bbox 737 1439 999 1498; x_wconf 81' lang='lat' dir='ltr'><strong>corrupto</strong></span> <span class='ocrx_word' id='word_1_71' title='bbox 1029 1431 1096 1485; x_wconf 90' lang='lat' dir='ltr'><strong>de</strong></span> <span class='ocrx_word' id='word_1_72' title='bbox 1137 1431 1447 1497; x_wconf 80' lang='lat' dir='ltr'><strong>Sosdtcnio,</strong></span> <span class='ocrx_word' id='word_1_73' title='bbox 1482 1434 1534 1487; x_wconf 91' lang='lat' dir='ltr'><strong>ni</strong></span> <span class='ocrx_word' id='word_1_74' title='bbox 1570 1435 1750 1488; x_wconf 82' lang='lat' dir='ltr'><strong>fallor.</strong></span> <span class='ocrx_word' id='word_1_75' title='bbox 1783 1440 1890 1489; x_wconf 75' lang='lat' dir='ltr'><strong>Ant</strong></span> <span class='ocrx_word' id='word_1_76' title='bbox 1920 1437 2018 1487; x_wconf 90' lang='lat' dir='ltr'><strong>hoc</strong></span> <span class='ocrx_word' id='word_1_77' title='bbox 2050 1434 2181 1487; x_wconf 90' lang='lat' dir='ltr'><strong>illud</strong></span> <span class='ocrx_word' id='word_1_78' title='bbox 2222 1441 2308 1488; x_wconf 91' lang='lat' dir='ltr'><strong>est</strong></span> 
     </span>
    </p>
   </div>
   <div class='ocr_carea' id='block_1_14' title="bbox 741 1518 2198 1594">
    <p class='ocr_par' dir='ltr' id='par_1_14' title="bbox 741 1518 2198 1594">
     <span class='ocr_line' id='line_1_14' title="bbox 741 1518 2198 1594; baseline 0.005 -22"><span class='ocrx_word' id='word_1_79' title='bbox 741 1518 970 1583; x_wconf 83' lang='lat' dir='ltr'><strong>Stenon,</strong></span> <span class='ocrx_word' id='word_1_80' title='bbox 1000 1519 1237 1576; x_wconf 90' lang='lat' dir='ltr'><strong>Cedrino</strong></span> <span class='ocrx_word' id='word_1_81' title='bbox 1262 1533 1316 1575; x_wconf 88' lang='lat' dir='ltr'><strong>et</strong></span> <span class='ocrx_word' id='word_1_82' title='bbox 1345 1524 1465 1579; x_wconf 91' lang='lat' dir='ltr'><strong>aliis</strong></span> <span class='ocrx_word' id='word_1_83' title='bbox 1495 1524 1807 1594; x_wconf 82' lang='lat' dir='ltr'><strong>frequenter</strong></span> <span class='ocrx_word' id='word_1_84' title='bbox 1835 1527 2198 1580; x_wconf 90' lang='lat' dir='ltr'><strong>nominatum.</strong></span> 
     </span>
    </p>
   </div>
   <div class='ocr_carea' id='block_1_15' title="bbox 815 1611 2307 1684">
    <p class='ocr_par' dir='ltr' id='par_1_15' title="bbox 815 1611 2307 1684">
     <span class='ocr_line' id='line_1_15' title="bbox 815 1611 2307 1684; baseline 0.001 -19"><span class='ocrx_word' id='word_1_85' title='bbox 815 1612 1071 1681; x_wconf 81' lang='lat' dir='ltr'><strong>Sequitur</strong></span> <span class='ocrx_word' id='word_1_86' title='bbox 1102 1611 1395 1677; x_wconf 75' lang='lat' dir='ltr'><strong>Neochort,</strong></span> <span class='ocrx_word' id='word_1_87' title='bbox 1430 1616 1571 1684; x_wconf 84' lang='lat' dir='ltr'><strong>quod</strong></span> <span class='ocrx_word' id='word_1_88' title='bbox 1594 1617 1673 1671; x_wconf 91' lang='lat' dir='ltr'><strong>sic</strong></span> <span class='ocrx_word' id='word_1_89' title='bbox 1708 1618 2027 1670; x_wconf 71' lang='lat' dir='ltr'><strong>enuntiatur</strong></span> <span class='ocrx_word' id='word_1_90' title='bbox 2054 1632 2082 1669; x_wconf 91' lang='lat' dir='ltr'><strong>a</strong></span> <span class='ocrx_word' id='word_1_91' title='bbox 2105 1615 2307 1670; x_wconf 71' lang='lat' dir='ltr'><strong>Crwcis</strong></span> 
     </span>
    </p>
   </div>
   <div class='ocr_carea' id='block_1_16' title="bbox 739 1703 2303 1780">
    <p class='ocr_par' dir='ltr' id='par_1_16' title="bbox 739 1703 2303 1780">
     <span class='ocr_line' id='line_1_16' title="bbox 739 1703 2303 1780; baseline 0.002 -22"><span class='ocrx_word' id='word_1_92' title='bbox 739 1703 924 1768; x_wconf 83' lang='lat' dir='ltr'><strong>hodie,</strong></span> <span class='ocrx_word' id='word_1_93' title='bbox 961 1720 1081 1759; x_wconf 91' lang='lat' dir='ltr'><strong>cum</strong></span> <span class='ocrx_word' id='word_1_94' title='bbox 1113 1708 1185 1760; x_wconf 86' lang='lat' dir='ltr'><strong>sit</strong></span> <span class='ocrx_word' id='word_1_95' title='bbox 1221 1708 1586 1764; x_wconf 76' lang='lat' dir='ltr'><strong>Neochorion.</strong></span> <span class='ocrx_word' id='word_1_96' title='bbox 1613 1710 1896 1780; x_wconf 89' lang='lat' dir='ltr'><strong>Signiﬁcat</strong></span> <span class='ocrx_word' id='word_1_97' title='bbox 1925 1719 2106 1764; x_wconf 87' lang='lat' dir='ltr'><strong>autem</strong></span> <span class='ocrx_word' id='word_1_98' title='bbox 2126 1710 2303 1763; x_wconf 91' lang='lat' dir='ltr'><strong>locum</strong></span> 
     </span>
    </p>
   </div>
   <div class='ocr_carea' id='block_1_17' title="bbox 738 1799 1672 1868">
    <p class='ocr_par' dir='ltr' id='par_1_17' title="bbox 738 1799 1672 1868">
     <span class='ocr_line' id='line_1_17' title="bbox 738 1799 1672 1868; baseline 0.009 -21"><span class='ocrx_word' id='word_1_99' title='bbox 738 1799 820 1848; x_wconf 79' lang='lat' dir='ltr'><strong>Vel</strong></span> <span class='ocrx_word' id='word_1_100' title='bbox 863 1810 1052 1865; x_wconf 82' lang='lat' dir='ltr'><strong>agrum</strong></span> <span class='ocrx_word' id='word_1_101' title='bbox 1083 1802 1415 1868; x_wconf 78' lang='lat' dir='ltr'><strong>praedinmvc</strong></span> <span class='ocrx_word' id='word_1_102' title='bbox 1450 1817 1672 1855; x_wconf 79' lang='lat' dir='ltr'><strong>novum.</strong></span> 
     </span>
    </p>
   </div>
   <div class='ocr_carea' id='block_1_18' title="bbox 815 1890 2304 1966">
    <p class='ocr_par' dir='ltr' id='par_1_18' title="bbox 815 1890 2304 1966">
     <span class='ocr_line' id='line_1_18' title="bbox 815 1890 2304 1966; baseline 0.003 -23"><span class='ocrx_word' id='word_1_103' title='bbox 815 1891 991 1959; x_wconf 83' lang='lat' dir='ltr'><strong>Supra</strong></span> <span class='ocrx_word' id='word_1_104' title='bbox 1024 1890 1369 1948; x_wconf 88' lang='lat' dir='ltr'><strong>Neochorion</strong></span> <span class='ocrx_word' id='word_1_105' title='bbox 1402 1911 1572 1965; x_wconf 84' lang='lat' dir='ltr'><strong>pagus</strong></span> <span class='ocrx_word' id='word_1_106' title='bbox 1602 1906 1689 1950; x_wconf 89' lang='lat' dir='ltr'><strong>est</strong></span> <span class='ocrx_word' id='word_1_107' title='bbox 1722 1896 2011 1966; x_wconf 83' lang='lat' dir='ltr'><strong>Pharapia.</strong></span> <span class='ocrx_word' id='word_1_108' title='bbox 2042 1894 2131 1950; x_wconf 86' lang='lat' dir='ltr'><strong>Sic</strong></span> <span class='ocrx_word' id='word_1_109' title='bbox 2160 1895 2304 1950; x_wconf 90' lang='lat' dir='ltr'><strong>enim</strong></span> 
     </span>
    </p>
   </div>
   <div class='ocr_carea' id='block_1_19' title="bbox 741 1982 1906 2058">
    <p class='ocr_par' dir='ltr' id='par_1_19' title="bbox 741 1982 1906 2058">
     <span class='ocr_line' id='line_1_19' title="bbox 741 1982 1906 2058; baseline 0.009 -22"><span class='ocrx_word' id='word_1_110' title='bbox 741 2000 770 2036; x_wconf 88' lang='lat' dir='ltr'><strong>a</strong></span> <span class='ocrx_word' id='word_1_111' title='bbox 812 1982 1014 2038; x_wconf 67' lang='lat' dir='ltr'><strong>Graecis</strong></span> <span class='ocrx_word' id='word_1_112' title='bbox 1043 1983 1291 2053; x_wconf 69' lang='lat' dir='ltr'><strong>eﬁ‘ertur,</strong></span> <span class='ocrx_word' id='word_1_113' title='bbox 1324 2002 1351 2040; x_wconf 90' lang='lat' dir='ltr'><strong>a</strong></span> <span class='ocrx_word' id='word_1_114' title='bbox 1385 1991 1584 2043; x_wconf 75' lang='lat' dir='ltr'><strong>nostris</strong></span> <span class='ocrx_word' id='word_1_115' title='bbox 1613 1988 1906 2058; x_wconf 88' lang='lat' dir='ltr'><strong>Tlterapia.</strong></span> 
     </span>
    </p>
   </div>
   <div class='ocr_carea' id='block_1_20' title="bbox 816 2077 2311 2150">
    <p class='ocr_par' dir='ltr' id='par_1_20' title="bbox 816 2077 2311 2150">
     <span class='ocr_line' id='line_1_20' title="bbox 816 2077 2311 2150; baseline 0.006 -20"><span class='ocrx_word' id='word_1_116' title='bbox 816 2077 1138 2132; x_wconf 88' lang='lat' dir='ltr'><strong>Pervenitur</strong></span> <span class='ocrx_word' id='word_1_117' title='bbox 1171 2079 1296 2132; x_wconf 87' lang='lat' dir='ltr'><strong>hinc</strong></span> <span class='ocrx_word' id='word_1_118' title='bbox 1326 2081 1389 2133; x_wconf 89' lang='lat' dir='ltr'><strong>ad</strong></span> <span class='ocrx_word' id='word_1_119' title='bbox 1428 2079 1701 2150; x_wconf 79' lang='lat' dir='ltr'><strong>Panagian</strong></span> <span class='ocrx_word' id='word_1_120' title='bbox 1732 2094 1820 2137; x_wconf 85' lang='lat' dir='ltr'><strong>sto</strong></span> <span class='ocrx_word' id='word_1_121' title='bbox 1844 2098 2035 2138; x_wconf 92' lang='lat' dir='ltr'><strong>mauro</strong></span> <span class='ocrx_word' id='word_1_122' title='bbox 2066 2083 2232 2148; x_wconf 92' lang='lat' dir='ltr'><strong>molo,</strong></span> <span class='ocrx_word' id='word_1_123' title='bbox 2259 2084 2311 2139; x_wconf 88' lang='lat' dir='ltr'><strong>id</strong></span> 
     </span>
    </p>
   </div>
   <div class='ocr_carea' id='block_1_21' title="bbox 742 2171 2311 2247">
    <p class='ocr_par' dir='ltr' id='par_1_21' title="bbox 742 2171 2311 2247">
     <span class='ocr_line' id='line_1_21' title="bbox 742 2171 2311 2247; baseline 0.004 -23"><span class='ocrx_word' id='word_1_124' title='bbox 742 2182 845 2231; x_wconf 87' lang='lat' dir='ltr'><strong>est.</strong></span> <span class='ocrx_word' id='word_1_125' title='bbox 900 2171 968 2227; x_wconf 90' lang='lat' dir='ltr'><strong>ad</strong></span> <span class='ocrx_word' id='word_1_126' title='bbox 1008 2174 1412 2230; x_wconf 68' lang='lat' dir='ltr'><strong>sanctissimam</strong></span> <span class='ocrx_word' id='word_1_127' title='bbox 1472 2176 1757 2245; x_wconf 83' lang='lat' dir='ltr'><strong>Deiparam</strong></span> <span class='ocrx_word' id='word_1_128' title='bbox 1810 2178 2100 2247; x_wconf 83' lang='lat' dir='ltr'><strong>virginem,</strong></span> <span class='ocrx_word' id='word_1_129' title='bbox 2151 2177 2311 2233; x_wconf 83' lang='lat' dir='ltr'><strong>sitam</strong></span> 
     </span>
    </p>
   </div>
   <div class='ocr_carea' id='block_1_22' title="bbox 744 2264 2311 2338">
    <p class='ocr_par' dir='ltr' id='par_1_22' title="bbox 744 2264 2311 2338">
     <span class='ocr_line' id='line_1_22' title="bbox 744 2264 2311 2338; baseline 0.004 -24"><span class='ocrx_word' id='word_1_130' title='bbox 744 2264 810 2317; x_wconf 87' lang='lat' dir='ltr'><strong>ad</strong></span> <span class='ocrx_word' id='word_1_131' title='bbox 840 2264 1049 2334; x_wconf 82' lang='lat' dir='ltr'><strong>nigram</strong></span> <span class='ocrx_word' id='word_1_132' title='bbox 1094 2267 1287 2321; x_wconf 90' lang='lat' dir='ltr'><strong>molem</strong></span> <span class='ocrx_word' id='word_1_133' title='bbox 1344 2277 1554 2337; x_wconf 91' lang='lat' dir='ltr'><strong>portus.</strong></span> <span class='ocrx_word' id='word_1_134' title='bbox 1588 2271 1818 2334; x_wconf 79' lang='lat' dir='ltr'><strong>Quidam</strong></span> <span class='ocrx_word' id='word_1_135' title='bbox 1877 2285 1907 2324; x_wconf 88' lang='lat' dir='ltr'><strong>e</strong></span> <span class='ocrx_word' id='word_1_136' title='bbox 1940 2270 2101 2338; x_wconf 84' lang='lat' dir='ltr'><strong>vulgo</strong></span> <span class='ocrx_word' id='word_1_137' title='bbox 2141 2268 2311 2323; x_wconf 90' lang='lat' dir='ltr'><strong>nomi-</strong></span> 
     </span>
    </p>
   </div>
   <div class='ocr_carea' id='block_1_23' title="bbox 746 2359 2237 2432">
    <p class='ocr_par' dir='ltr' id='par_1_23' title="bbox 746 2359 2237 2432">
     <span class='ocr_line' id='line_1_23' title="bbox 746 2359 2237 2432; baseline 0.002 -21"><span class='ocrx_word' id='word_1_138' title='bbox 746 2370 904 2422; x_wconf 76' lang='lat' dir='ltr'><strong>nant,</strong></span> <span class='ocrx_word' id='word_1_139' title='bbox 935 2359 1001 2413; x_wconf 85' lang='lat' dir='ltr'><strong>ad</strong></span> <span class='ocrx_word' id='word_1_140' title='bbox 1026 2362 1428 2416; x_wconf 77' lang='lat' dir='ltr'><strong>sanctissimam</strong></span> <span class='ocrx_word' id='word_1_141' title='bbox 1468 2362 1752 2432; x_wconf 78' lang='lat' dir='ltr'><strong>Deiparatn</strong></span> <span class='ocrx_word' id='word_1_142' title='bbox 1777 2365 1864 2418; x_wconf 91' lang='lat' dir='ltr'><strong>die</strong></span> <span class='ocrx_word' id='word_1_143' title='bbox 1894 2380 1960 2416; x_wconf 82' lang='lat' dir='ltr'><strong>xv</strong></span> <span class='ocrx_word' id='word_1_144' title='bbox 1988 2363 2237 2431; x_wconf 81' lang='lat' dir='ltr'><strong>Augusti.</strong></span> 
     </span>
    </p>
   </div>
   <div class='ocr_carea' id='block_1_24' title="bbox 816 2454 2310 2526">
    <p class='ocr_par' dir='ltr' id='par_1_24' title="bbox 816 2454 2310 2526">
     <span class='ocr_line' id='line_1_24' title="bbox 816 2454 2310 2526; baseline -0.001 -17"><span class='ocrx_word' id='word_1_145' title='bbox 816 2454 1015 2509; x_wconf 88' lang='lat' dir='ltr'><strong>Ultima</strong></span> <span class='ocrx_word' id='word_1_146' title='bbox 1053 2454 1243 2511; x_wconf 84' lang='lat' dir='ltr'><strong>Turris</strong></span> <span class='ocrx_word' id='word_1_147' title='bbox 1281 2467 1361 2511; x_wconf 80' lang='lat' dir='ltr'><strong>est</strong></span> <span class='ocrx_word' id='word_1_148' title='bbox 1389 2457 1455 2510; x_wconf 89' lang='lat' dir='ltr'><strong>ad</strong></span> <span class='ocrx_word' id='word_1_149' title='bbox 1518 2457 1692 2526; x_wconf 84' lang='lat' dir='ltr'><strong>ipsum</strong></span> <span class='ocrx_word' id='word_1_150' title='bbox 1749 2455 1907 2511; x_wconf 84' lang='lat' dir='ltr'><strong>Ponti</strong></span> <span class='ocrx_word' id='word_1_151' title='bbox 1938 2458 2160 2520; x_wconf 87' lang='lat' dir='ltr'><strong>ostium,</strong></span> <span class='ocrx_word' id='word_1_152' title='bbox 2188 2473 2310 2509; x_wconf 76' lang='lat' dir='ltr'><strong>eum</strong></span> 
     </span>
    </p>
   </div>
   <div class='ocr_carea' id='block_1_25' title="bbox 746 2547 2312 2622">
    <p class='ocr_par' dir='ltr' id='par_1_25' title="bbox 746 2547 2312 2622">
     <span class='ocr_line' id='line_1_25' title="bbox 746 2547 2312 2622; baseline 0.001 -23"><span class='ocrx_word' id='word_1_153' title='bbox 746 2564 883 2615; x_wconf 65' lang='lat' dir='ltr'><strong>pago</strong></span> <span class='ocrx_word' id='word_1_154' title='bbox 918 2563 948 2602; x_wconf 90' lang='lat' dir='ltr'><strong>a</strong></span> <span class='ocrx_word' id='word_1_155' title='bbox 983 2547 1189 2603; x_wconf 63' lang='lat' dir='ltr'><strong>Graecis</strong></span> <span class='ocrx_word' id='word_1_156' title='bbox 1238 2549 1561 2609; x_wconf 70' lang='lat' dir='ltr'><strong>ltlllttllilnto.</strong></span> <span class='ocrx_word' id='word_1_157' title='bbox 1595 2553 1734 2605; x_wconf 82' lang='lat' dir='ltr'><strong>sita:</strong></span> <span class='ocrx_word' id='word_1_158' title='bbox 1786 2551 1927 2604; x_wconf 84' lang='lat' dir='ltr'><strong>sicut</strong></span> <span class='ocrx_word' id='word_1_159' title='bbox 1962 2551 2312 2622; x_wconf 22' lang='lat' dir='ltr'><strong>et‘lzactcntts</strong></span> 
     </span>
    </p>
   </div>
   <div class='ocr_carea' id='block_1_26' title="bbox 749 2642 2314 2712">
    <p class='ocr_par' dir='ltr' id='par_1_26' title="bbox 749 2642 2314 2712">
     <span class='ocr_line' id='line_1_26' title="bbox 749 2642 2314 2712; baseline 0.003 -20"><span class='ocrx_word' id='word_1_160' title='bbox 749 2642 1112 2695; x_wconf 84' lang='lat' dir='ltr'><strong>iudicatorum</strong></span> <span class='ocrx_word' id='word_1_161' title='bbox 1143 2644 1430 2712; x_wconf 89' lang='lat' dir='ltr'><strong>utriusque</strong></span> <span class='ocrx_word' id='word_1_162' title='bbox 1459 2644 1660 2697; x_wconf 73' lang='lat' dir='ltr'><strong>littoris</strong></span> <span class='ocrx_word' id='word_1_163' title='bbox 1689 2646 1931 2697; x_wconf 87' lang='lat' dir='ltr'><strong>locorum</strong></span> <span class='ocrx_word' id='word_1_164' title='bbox 1986 2645 2176 2698; x_wconf 60' lang='lat' dir='ltr'><strong>incolae</strong></span> <span class='ocrx_word' id='word_1_165' title='bbox 2204 2643 2314 2697; x_wconf 78' lang='lat' dir='ltr'><strong>fere</strong></span> 
     </span>
    </p>
   </div>
   <div class='ocr_carea' id='block_1_27' title="bbox 746 2734 2315 2805">
    <p class='ocr_par' dir='ltr' id='par_1_27' title="bbox 746 2734 2315 2805">
     <span class='ocr_line' id='line_1_27' title="bbox 746 2734 2315 2805; baseline 0 -18"><span class='ocrx_word' id='word_1_166' title='bbox 746 2734 919 2789; x_wconf 70' lang='grc' dir='ltr'><strong>ϐττυοί</strong></span> <span class='ocrx_word' id='word_1_167' title='bbox 948 2745 1094 2789; x_wconf 89' lang='lat' dir='ltr'><strong>sunt.</strong></span> <span class='ocrx_word' id='word_1_168' title='bbox 1133 2735 1266 2789; x_wconf 90' lang='lat' dir='ltr'><strong>Eam</strong></span> <span class='ocrx_word' id='word_1_169' title='bbox 1311 2738 1504 2789; x_wconf 85' lang='lat' dir='ltr'><strong>turrim</strong></span> <span class='ocrx_word' id='word_1_170' title='bbox 1558 2737 1902 2805; x_wconf 84' lang='lat' dir='ltr'><strong>Bushcquius</strong></span> <span class='ocrx_word' id='word_1_171' title='bbox 1955 2737 2190 2791; x_wconf 80' lang='lat' dir='ltr'><strong>Pharum</strong></span> <span class='ocrx_word' id='word_1_172' title='bbox 2225 2750 2315 2788; x_wconf 85' lang='lat' dir='ltr'><strong>vo-</strong></span> 
     </span>
    </p>
   </div>
   <div class='ocr_carea' id='block_1_28' title="bbox 749 2822 2313 2894">
    <p class='ocr_par' dir='ltr' id='par_1_28' title="bbox 749 2822 2313 2894">
     <span class='ocr_line' id='line_1_28' title="bbox 749 2822 2313 2894; baseline 0.003 -20"><span class='ocrx_word' id='word_1_173' title='bbox 749 2822 945 2875; x_wconf 84' lang='lat' dir='ltr'><strong>cabulo</strong></span> <span class='ocrx_word' id='word_1_174' title='bbox 996 2823 1166 2877; x_wconf 90' lang='lat' dir='ltr'><strong>veteri</strong></span> <span class='ocrx_word' id='word_1_175' title='bbox 1204 2824 1470 2885; x_wconf 87' lang='lat' dir='ltr'><strong>nominat.</strong></span> <span class='ocrx_word' id='word_1_176' title='bbox 1503 2825 1595 2879; x_wconf 88' lang='lat' dir='ltr'><strong>sed</strong></span> <span class='ocrx_word' id='word_1_177' title='bbox 1634 2829 1832 2881; x_wconf 70' lang='lat' dir='ltr'><strong>accola:</strong></span> <span class='ocrx_word' id='word_1_178' title='bbox 1877 2827 2187 2882; x_wconf 73' lang='lat' dir='ltr'><strong>l‘lmnation</strong></span> <span class='ocrx_word' id='word_1_179' title='bbox 2221 2841 2313 2894; x_wconf 88' lang='lat' dir='ltr'><strong>ap-</strong></span> 
     </span>
    </p>
   </div>
   <div class='ocr_carea' id='block_1_29' title="bbox 746 2914 2314 2984">
    <p class='ocr_par' dir='ltr' id='par_1_29' title="bbox 746 2914 2314 2984">
     <span class='ocr_line' id='line_1_29' title="bbox 746 2914 2314 2984; baseline 0.002 -17"><span class='ocrx_word' id='word_1_180' title='bbox 746 2915 971 2982; x_wconf 86' lang='lat' dir='ltr'><strong>pellant,</strong></span> <span class='ocrx_word' id='word_1_181' title='bbox 1008 2930 1035 2967; x_wconf 91' lang='lat' dir='ltr'><strong>a</strong></span> <span class='ocrx_word' id='word_1_182' title='bbox 1067 2914 1258 2970; x_wconf 64' lang='lat' dir='ltr'><strong>Graeco</strong></span> <span class='ocrx_word' id='word_1_183' title='bbox 1293 2918 1461 2971; x_wconf 88' lang='lat' dir='ltr'><strong>verbo</strong></span> <span class='ocrx_word' id='word_1_184' title='bbox 1487 2918 1730 2972; x_wconf 74' lang='lat' dir='ltr'><strong>derivata</strong></span> <span class='ocrx_word' id='word_1_185' title='bbox 1754 2934 1912 2978; x_wconf 89' lang='lat' dir='ltr'><strong>voce,</strong></span> <span class='ocrx_word' id='word_1_186' title='bbox 1947 2919 2090 2984; x_wconf 83' lang='lat' dir='ltr'><strong>quod</strong></span> <span class='ocrx_word' id='word_1_187' title='bbox 2133 2919 2314 2971; x_wconf 85' lang='lat' dir='ltr'><strong>Incen-</strong></span> 
     </span>
    </p>
   </div>
   <div class='ocr_carea' id='block_1_30' title="bbox 749 3006 2314 3079">
    <p class='ocr_par' dir='ltr' id='par_1_30' title="bbox 749 3006 2314 3079">
     <span class='ocr_line' id='line_1_30' title="bbox 749 3006 2314 3079; baseline 0.004 -21"><span class='ocrx_word' id='word_1_188' title='bbox 749 3006 805 3060; x_wconf 88' lang='lat' dir='ltr'><strong>di</strong></span> <span class='ocrx_word' id='word_1_189' title='bbox 852 3007 1304 3076; x_wconf 80' lang='lat' dir='ltr'><strong>signiﬁcationem</strong></span> <span class='ocrx_word' id='word_1_190' title='bbox 1343 3009 1525 3065; x_wconf 80' lang='lat' dir='ltr'><strong>habet.</strong></span> <span class='ocrx_word' id='word_1_191' title='bbox 1566 3011 1777 3079; x_wconf 79' lang='lat' dir='ltr'><strong>Quippe</strong></span> <span class='ocrx_word' id='word_1_192' title='bbox 1812 3022 1974 3065; x_wconf 85' lang='lat' dir='ltr'><strong>necto</strong></span> <span class='ocrx_word' id='word_1_193' title='bbox 2016 3011 2163 3066; x_wconf 73' lang='lat' dir='ltr'><strong>iaces</strong></span> <span class='ocrx_word' id='word_1_194' title='bbox 2217 3026 2314 3064; x_wconf 83' lang='lat' dir='ltr'><strong>ac-</strong></span> 
     </span>
    </p>
   </div>
   <div class='ocr_carea' id='block_1_31' title="bbox 745 3099 2315 3172">
    <p class='ocr_par' dir='ltr' id='par_1_31' title="bbox 745 3099 2315 3172">
     <span class='ocr_line' id='line_1_31' title="bbox 745 3099 2315 3172; baseline 0.003 -21"><span class='ocrx_word' id='word_1_195' title='bbox 745 3099 1057 3153; x_wconf 83' lang='lat' dir='ltr'><strong>cenduntur</strong></span> <span class='ocrx_word' id='word_1_196' title='bbox 1116 3100 1168 3153; x_wconf 91' lang='lat' dir='ltr'><strong>in</strong></span> <span class='ocrx_word' id='word_1_197' title='bbox 1200 3115 1452 3170; x_wconf 88' lang='lat' dir='ltr'><strong>suprema</strong></span> <span class='ocrx_word' id='word_1_198' title='bbox 1513 3105 1682 3157; x_wconf 89' lang='lat' dir='ltr'><strong>turris</strong></span> <span class='ocrx_word' id='word_1_199' title='bbox 1712 3112 1887 3172; x_wconf 77' lang='lat' dir='ltr'><strong>parte,</strong></span> <span class='ocrx_word' id='word_1_200' title='bbox 1928 3120 2090 3171; x_wconf 82' lang='lat' dir='ltr'><strong>quam</strong></span> <span class='ocrx_word' id='word_1_201' title='bbox 2139 3101 2315 3156; x_wconf 89' lang='lat' dir='ltr'><strong>animi</strong></span> 
     </span>
    </p>
   </div>
   <div class='ocr_carea' id='block_1_32' title="bbox 750 3194 2316 3262">
    <p class='ocr_par' dir='ltr' id='par_1_32' title="bbox 750 3194 2316 3262">
     <span class='ocr_line' id='line_1_32' title="bbox 750 3194 2316 3262; baseline 0.003 -19"><span class='ocrx_word' id='word_1_202' title='bbox 750 3208 915 3246; x_wconf 68' lang='lat' dir='ltr'><strong>causa</strong></span> <span class='ocrx_word' id='word_1_203' title='bbox 951 3194 1394 3254; x_wconf 88' lang='lat' dir='ltr'><strong>conscendimus.</strong></span> <span class='ocrx_word' id='word_1_204' title='bbox 1440 3206 1498 3247; x_wconf 92' lang='lat' dir='ltr'><strong>ut</strong></span> <span class='ocrx_word' id='word_1_205' title='bbox 1530 3196 1596 3249; x_wconf 92' lang='lat' dir='ltr'><strong>ad</strong></span> <span class='ocrx_word' id='word_1_206' title='bbox 1628 3196 1825 3249; x_wconf 89' lang='lat' dir='ltr'><strong>ostium</strong></span> <span class='ocrx_word' id='word_1_207' title='bbox 1864 3195 2019 3248; x_wconf 83' lang='lat' dir='ltr'><strong>Ponti</strong></span> <span class='ocrx_word' id='word_1_208' title='bbox 2058 3197 2316 3262; x_wconf 77' lang='lat' dir='ltr'><strong>navigan-</strong></span> 
     </span>
    </p>
   </div>
   <div class='ocr_carea' id='block_1_33' title="bbox 749 3284 2312 3354">
    <p class='ocr_par' dir='ltr' id='par_1_33' title="bbox 749 3284 2312 3354">
     <span class='ocr_line' id='line_1_33' title="bbox 749 3284 2312 3354; baseline 0.003 -17"><span class='ocrx_word' id='word_1_209' title='bbox 749 3284 885 3338; x_wconf 75' lang='lat' dir='ltr'><strong>tium</strong></span> <span class='ocrx_word' id='word_1_210' title='bbox 938 3285 1299 3341; x_wconf 88' lang='lat' dir='ltr'><strong>incolumitati</strong></span> <span class='ocrx_word' id='word_1_211' title='bbox 1354 3288 1692 3343; x_wconf 83' lang='lat' dir='ltr'><strong>consulatur.</strong></span> <span class='ocrx_word' id='word_1_212' title='bbox 1745 3293 1786 3342; x_wconf 84' lang='lat' dir='ltr'><strong>A</strong></span> <span class='ocrx_word' id='word_1_213' title='bbox 1838 3288 2312 3354; x_wconf 85' lang='lat' dir='ltr'><strong>Constantinopoli</strong></span> 
     </span>
    </p>
   </div>
   <div class='ocr_carea' id='block_1_34' title="bbox 752 3378 2316 3435">
    <p class='ocr_par' dir='ltr' id='par_1_34' title="bbox 752 3378 2316 3435">
     <span class='ocr_line' id='line_1_34' title="bbox 752 3378 2316 3435; baseline 0.005 -8"><span class='ocrx_word' id='word_1_214' title='bbox 752 3381 913 3431; x_wconf 83' lang='lat' dir='ltr'><strong>distat</strong></span> <span class='ocrx_word' id='word_1_215' title='bbox 951 3378 1053 3434; x_wconf 87' lang='lat' dir='ltr'><strong>hoc</strong></span> <span class='ocrx_word' id='word_1_216' title='bbox 1076 3381 1273 3434; x_wconf 87' lang='lat' dir='ltr'><strong>ostium</strong></span> <span class='ocrx_word' id='word_1_217' title='bbox 1307 3382 1473 3434; x_wconf 86' lang='lat' dir='ltr'><strong>maris</strong></span> <span class='ocrx_word' id='word_1_218' title='bbox 1499 3380 1694 3434; x_wconf 78' lang='lat' dir='ltr'><strong>Euxini</strong></span> <span class='ocrx_word' id='word_1_219' title='bbox 1725 3382 2053 3435; x_wconf 85' lang='lat' dir='ltr'><strong>milliaribus</strong></span> <span class='ocrx_word' id='word_1_220' title='bbox 2112 3380 2316 3435; x_wconf 72' lang='lat' dir='ltr'><strong>Grmcis</strong></span> 
     </span>
    </p>
   </div>
   <div class='ocr_carea' id='block_1_35' title="bbox 752 3471 2317 3542">
    <p class='ocr_par' dir='ltr' id='par_1_35' title="bbox 752 3471 2317 3542">
     <span class='ocr_line' id='line_1_35' title="bbox 752 3471 2317 3542; baseline 0.003 -20"><span class='ocrx_word' id='word_1_221' title='bbox 752 3472 874 3537; x_wconf 86' lang='lat' dir='ltr'><strong>plus</strong></span> <span class='ocrx_word' id='word_1_222' title='bbox 899 3471 1079 3525; x_wconf 89' lang='lat' dir='ltr'><strong>minus</strong></span> <span class='ocrx_word' id='word_1_223' title='bbox 1106 3472 1194 3526; x_wconf 80' lang='lat'><strong>55.</strong></span> <span class='ocrx_word' id='word_1_224' title='bbox 1222 3471 1442 3542; x_wconf 91' lang='lat' dir='ltr'><strong>Scopuli</strong></span> <span class='ocrx_word' id='word_1_225' title='bbox 1475 3489 1613 3528; x_wconf 82' lang='lat' dir='ltr'><strong>saxo</strong></span> <span class='ocrx_word' id='word_1_226' title='bbox 1633 3474 1755 3529; x_wconf 85' lang='lat' dir='ltr'><strong>vivo</strong></span> <span class='ocrx_word' id='word_1_227' title='bbox 1784 3475 1871 3528; x_wconf 85' lang='lat' dir='ltr'><strong>siti</strong></span> <span class='ocrx_word' id='word_1_228' title='bbox 1895 3475 2004 3528; x_wconf 89' lang='lat' dir='ltr'><strong>duo</strong></span> <span class='ocrx_word' id='word_1_229' title='bbox 2036 3485 2164 3529; x_wconf 88' lang='lat' dir='ltr'><strong>sunt</strong></span> <span class='ocrx_word' id='word_1_230' title='bbox 2192 3483 2317 3527; x_wconf 85' lang='lat' dir='ltr'><strong>ante</strong></span> 
     </span>
    </p>
   </div>
   <div class='ocr_carea' id='block_1_36' title="bbox 753 3562 2319 3637">
    <p class='ocr_par' dir='ltr' id='par_1_36' title="bbox 753 3562 2319 3637">
     <span class='ocr_line' id='line_1_36' title="bbox 753 3562 2319 3637; baseline 0.003 -20"><span class='ocrx_word' id='word_1_231' title='bbox 753 3562 909 3619; x_wconf 92' lang='lat' dir='ltr'><strong>Ponti</strong></span> <span class='ocrx_word' id='word_1_232' title='bbox 946 3567 1170 3631; x_wconf 88' lang='lat' dir='ltr'><strong>ostium,</strong></span> <span class='ocrx_word' id='word_1_233' title='bbox 1212 3582 1322 3637; x_wconf 89' lang='lat' dir='ltr'><strong>quo</strong></span> <span class='ocrx_word' id='word_1_234' title='bbox 1382 3568 1435 3621; x_wconf 89' lang='lat' dir='ltr'><strong>in</strong></span> <span class='ocrx_word' id='word_1_235' title='bbox 1477 3567 1779 3637; x_wconf 86' lang='lat' dir='ltr'><strong>Bosporum</strong></span> <span class='ocrx_word' id='word_1_236' title='bbox 1815 3584 2010 3637; x_wconf 76' lang='lat' dir='ltr'><strong>magna</strong></span> <span class='ocrx_word' id='word_1_237' title='bbox 2064 3570 2112 3623; x_wconf 83' lang='lat' dir='ltr'><strong>vi</strong></span> <span class='ocrx_word' id='word_1_238' title='bbox 2146 3574 2319 3622; x_wconf 78' lang='lat' dir='ltr'><strong>semet</strong></span> 
     </span>
    </p>
   </div>
   <div class='ocr_carea' id='block_1_37' title="bbox 752 3659 2317 3732">
    <p class='ocr_par' dir='ltr' id='par_1_37' title="bbox 752 3659 2317 3732">
     <span class='ocr_line' id='line_1_37' title="bbox 752 3659 2317 3732; baseline 0.001 -21"><span class='ocrx_word' id='word_1_239' title='bbox 752 3670 1037 3713; x_wconf 72' lang='lat' dir='ltr'><strong>exonerat.</strong></span> <span class='ocrx_word' id='word_1_240' title='bbox 1071 3659 1162 3712; x_wconf 71' lang='lat' dir='ltr'><strong>llze.</strong></span> <span class='ocrx_word' id='word_1_241' title='bbox 1189 3662 1398 3716; x_wconf 84' lang='lat' dir='ltr'><strong>scilicet</strong></span> <span class='ocrx_word' id='word_1_242' title='bbox 1437 3661 1543 3717; x_wconf 84' lang='lat' dir='ltr'><strong>illae</strong></span> <span class='ocrx_word' id='word_1_243' title='bbox 1589 3662 1821 3732; x_wconf 66' lang='lat' dir='ltr'><strong>Cyaneae</strong></span> <span class='ocrx_word' id='word_1_244' title='bbox 1856 3663 1972 3716; x_wconf 80' lang='lat' dir='ltr'><strong>sive</strong></span> <span class='ocrx_word' id='word_1_245' title='bbox 2003 3661 2317 3732; x_wconf 80' lang='lat' dir='ltr'><strong>Symplega-</strong></span> 
     </span>
    </p>
   </div>
   <div class='ocr_carea' id='block_1_38' title="bbox 752 3748 2319 3822">
    <p class='ocr_par' dir='ltr' id='par_1_38' title="bbox 752 3748 2319 3822">
     <span class='ocr_line' id='line_1_38' title="bbox 752 3748 2319 3822; baseline 0.003 -23"><span class='ocrx_word' id='word_1_246' title='bbox 752 3748 871 3805; x_wconf 71' lang='lat' dir='ltr'><strong>des.</strong></span> <span class='ocrx_word' id='word_1_247' title='bbox 903 3749 1018 3803; x_wconf 85' lang='lat' dir='ltr'><strong>sive</strong></span> <span class='ocrx_word' id='word_1_248' title='bbox 1041 3750 1281 3806; x_wconf 72' lang='lat' dir='ltr'><strong>Plancta:</strong></span> <span class='ocrx_word' id='word_1_249' title='bbox 1301 3766 1451 3818; x_wconf 83' lang='lat' dir='ltr'><strong>sunt,</strong></span> <span class='ocrx_word' id='word_1_250' title='bbox 1479 3767 1619 3821; x_wconf 89' lang='lat' dir='ltr'><strong>quas</strong></span> <span class='ocrx_word' id='word_1_251' title='bbox 1660 3755 1774 3821; x_wconf 88' lang='lat' dir='ltr'><strong>ipse</strong></span> <span class='ocrx_word' id='word_1_252' title='bbox 1804 3751 2145 3822; x_wconf 86' lang='lat' dir='ltr'><strong>anbcquius</strong></span> <span class='ocrx_word' id='word_1_253' title='bbox 2182 3765 2319 3821; x_wconf 87' lang='lat' dir='ltr'><strong>pene</strong></span> 
     </span>
    </p>
   </div>
   <div class='ocr_carea' id='block_1_39' title="bbox 752 3840 2319 3910">
    <p class='ocr_par' dir='ltr' id='par_1_39' title="bbox 752 3840 2319 3910">
     <span class='ocr_line' id='line_1_39' title="bbox 752 3840 2319 3910; baseline 0.003 -18"><span class='ocrx_word' id='word_1_254' title='bbox 752 3841 963 3908; x_wconf 77' lang='lat' dir='ltr'><strong>putavit</strong></span> <span class='ocrx_word' id='word_1_255' title='bbox 992 3840 1293 3909; x_wconf 81' lang='lat' dir='ltr'><strong>fabulosas,</strong></span> <span class='ocrx_word' id='word_1_256' title='bbox 1313 3855 1406 3899; x_wconf 89' lang='lat' dir='ltr'><strong>aut</strong></span> <span class='ocrx_word' id='word_1_257' title='bbox 1443 3846 1686 3899; x_wconf 82' lang='lat' dir='ltr'><strong>invenire</strong></span> <span class='ocrx_word' id='word_1_258' title='bbox 1717 3860 1775 3899; x_wconf 88' lang='lat' dir='ltr'><strong>se</strong></span> <span class='ocrx_word' id='word_1_259' title='bbox 1802 3847 2004 3910; x_wconf 88' lang='lat' dir='ltr'><strong>saltim,</strong></span> <span class='ocrx_word' id='word_1_260' title='bbox 2035 3846 2181 3898; x_wconf 88' lang='lat' dir='ltr'><strong>velut</strong></span> <span class='ocrx_word' id='word_1_261' title='bbox 2212 3844 2319 3897; x_wconf 92' lang='lat' dir='ltr'><strong>alio</strong></span> 
     </span>
    </p>
   </div>
   <div class='ocr_carea' id='block_1_40' title="bbox 752 3936 2320 4007">
    <p class='ocr_par' dir='ltr' id='par_1_40' title="bbox 752 3936 2320 4007">
     <span class='ocr_line' id='line_1_40' title="bbox 752 3936 2320 4007; baseline 0.001 -20"><span class='ocrx_word' id='word_1_262' title='bbox 752 3936 1059 3998; x_wconf 76' lang='lat' dir='ltr'><strong>devolutus.</strong></span> <span class='ocrx_word' id='word_1_263' title='bbox 1094 3938 1335 4006; x_wconf 89' lang='lat' dir='ltr'><strong>potuisse</strong></span> <span class='ocrx_word' id='word_1_264' title='bbox 1366 3939 1599 4004; x_wconf 80' lang='lat' dir='ltr'><strong>negavit.</strong></span> <span class='ocrx_word' id='word_1_265' title='bbox 1624 3937 1821 3993; x_wconf 70' lang='lat' dir='ltr'><strong>Insulae</strong></span> <span class='ocrx_word' id='word_1_266' title='bbox 1844 3938 2040 4007; x_wconf 88' lang='lat' dir='ltr'><strong>priscis</strong></span> <span class='ocrx_word' id='word_1_267' title='bbox 2064 3939 2146 3991; x_wconf 73' lang='lat' dir='ltr'><strong>hre</strong></span> <span class='ocrx_word' id='word_1_268' title='bbox 2173 3937 2320 3992; x_wconf 87' lang='lat' dir='ltr'><strong>dice-</strong></span> 
     </span>
    </p>
   </div>
   <div class='ocr_carea' id='block_1_41' title="bbox 754 4028 2319 4099">
    <p class='ocr_par' dir='ltr' id='par_1_41' title="bbox 754 4028 2319 4099">
     <span class='ocr_line' id='line_1_41' title="bbox 754 4028 2319 4099; baseline 0.001 -18"><span class='ocrx_word' id='word_1_269' title='bbox 754 4034 952 4082; x_wconf 91' lang='lat' dir='ltr'><strong>bantur</strong></span> <span class='ocrx_word' id='word_1_270' title='bbox 979 4046 1084 4083; x_wconf 92' lang='lat' dir='ltr'><strong>non</strong></span> <span class='ocrx_word' id='word_1_271' title='bbox 1133 4030 1273 4098; x_wconf 88' lang='lat' dir='ltr'><strong>quod</strong></span> <span class='ocrx_word' id='word_1_272' title='bbox 1306 4028 1416 4084; x_wconf 85' lang='lat' dir='ltr'><strong>sint</strong></span> <span class='ocrx_word' id='word_1_273' title='bbox 1453 4046 1679 4099; x_wconf 74' lang='lat' dir='ltr'><strong>magnae,</strong></span> <span class='ocrx_word' id='word_1_274' title='bbox 1745 4032 1839 4085; x_wconf 82' lang='lat' dir='ltr'><strong>sed</strong></span> <span class='ocrx_word' id='word_1_275' title='bbox 1887 4029 2033 4098; x_wconf 88' lang='lat' dir='ltr'><strong>quod</strong></span> <span class='ocrx_word' id='word_1_276' title='bbox 2081 4029 2319 4099; x_wconf 91' lang='lat' dir='ltr'><strong>undique</strong></span> 
     </span>
    </p>
   </div>
   <div class='ocr_carea' id='block_1_42' title="bbox 755 4122 2317 4189">
    <p class='ocr_par' dir='ltr' id='par_1_42' title="bbox 755 4122 2317 4189">
     <span class='ocr_line' id='line_1_42' title="bbox 755 4122 2317 4189; baseline 0.001 -17"><span class='ocrx_word' id='word_1_277' title='bbox 755 4123 892 4176; x_wconf 85' lang='lat' dir='ltr'><strong>mari</strong></span> <span class='ocrx_word' id='word_1_278' title='bbox 923 4123 1069 4176; x_wconf 88' lang='lat' dir='ltr'><strong>velut</strong></span> <span class='ocrx_word' id='word_1_279' title='bbox 1095 4122 1344 4175; x_wconf 74' lang='lat' dir='ltr'><strong>insulilltc</strong></span> <span class='ocrx_word' id='word_1_280' title='bbox 1369 4122 1451 4176; x_wconf 86' lang='lat' dir='ltr'><strong>vel</strong></span> <span class='ocrx_word' id='word_1_281' title='bbox 1477 4122 1695 4189; x_wconf 85' lang='lat' dir='ltr'><strong>nisidia,</strong></span> <span class='ocrx_word' id='word_1_282' title='bbox 1730 4123 1869 4178; x_wconf 89' lang='lat' dir='ltr'><strong>sicut</strong></span> <span class='ocrx_word' id='word_1_283' title='bbox 1897 4122 2070 4177; x_wconf 65' lang='lat' dir='ltr'><strong>Graeci</strong></span> <span class='ocrx_word' id='word_1_284' title='bbox 2095 4131 2317 4188; x_wconf 79' lang='lat' dir='ltr'><strong>vocant,</strong></span> 
     </span>
    </p>
   </div>
   <div class='ocr_carea' id='block_1_43' title="bbox 755 4214 2317 4285">
    <p class='ocr_par' dir='ltr' id='par_1_43' title="bbox 755 4214 2317 4285">
     <span class='ocr_line' id='line_1_43' title="bbox 755 4214 2317 4285; baseline -0.001 -15"><span class='ocrx_word' id='word_1_285' title='bbox 755 4216 1066 4270; x_wconf 83' lang='lat' dir='ltr'><strong>alluantur:</strong></span> <span class='ocrx_word' id='word_1_286' title='bbox 1090 4217 1337 4285; x_wconf 66' lang='lat' dir='ltr'><strong>llyanem,</strong></span> <span class='ocrx_word' id='word_1_287' title='bbox 1386 4214 1529 4284; x_wconf 87' lang='lat' dir='ltr'><strong>quod</strong></span> <span class='ocrx_word' id='word_1_288' title='bbox 1564 4231 1631 4269; x_wconf 73' lang='lat' dir='ltr'><strong>ex</strong></span> <span class='ocrx_word' id='word_1_289' title='bbox 1664 4216 1951 4269; x_wconf 83' lang='lat' dir='ltr'><strong>intervallo</strong></span> <span class='ocrx_word' id='word_1_290' title='bbox 1983 4230 2182 4285; x_wconf 88' lang='lat' dir='ltr'><strong>magno</strong></span> <span class='ocrx_word' id='word_1_291' title='bbox 2221 4217 2317 4268; x_wconf 80' lang='lat' dir='ltr'><strong>ad-</strong></span> 
     </span>
    </p>
   </div>
   <div class='ocr_carea' id='block_1_44' title="bbox 758 4306 2317 4377">
    <p class='ocr_par' dir='ltr' id='par_1_44' title="bbox 758 4306 2317 4377">
     <span class='ocr_line' id='line_1_44' title="bbox 758 4306 2317 4377; baseline 0 -14"><span class='ocrx_word' id='word_1_292' title='bbox 758 4309 1139 4376; x_wconf 71' lang='lat' dir='ltr'><strong>navigantibus</strong></span> <span class='ocrx_word' id='word_1_293' title='bbox 1189 4308 1479 4362; x_wconf 67' lang='lat' dir='ltr'><strong>caeruleum</strong></span> <span class='ocrx_word' id='word_1_294' title='bbox 1524 4308 1588 4362; x_wconf 86' lang='lat' dir='ltr'><strong>de</strong></span> <span class='ocrx_word' id='word_1_295' title='bbox 1625 4323 1684 4361; x_wconf 86' lang='lat' dir='ltr'><strong>se</strong></span> <span class='ocrx_word' id='word_1_296' title='bbox 1738 4307 1975 4363; x_wconf 85' lang='lat' dir='ltr'><strong>colorem</strong></span> <span class='ocrx_word' id='word_1_297' title='bbox 2016 4306 2317 4377; x_wconf 53' lang='lat' dir='ltr'><strong>praebcant:</strong></span> 
     </span>
    </p>
   </div>
   <div class='ocr_carea' id='block_1_45' title="bbox 756 4403 2319 4475">
    <p class='ocr_par' dir='ltr' id='par_1_45' title="bbox 756 4403 2319 4475">
     <span class='ocr_line' id='line_1_45' title="bbox 756 4403 2319 4475; baseline -0.003 -15"><span class='ocrx_word' id='word_1_298' title='bbox 756 4406 1143 4475; x_wconf 73' lang='lat' dir='ltr'><strong>Symplegades</strong></span> <span class='ocrx_word' id='word_1_299' title='bbox 1173 4414 1227 4457; x_wconf 89' lang='lat' dir='ltr'><strong>et</strong></span> <span class='ocrx_word' id='word_1_300' title='bbox 1263 4403 1497 4458; x_wconf 71' lang='lat' dir='ltr'><strong>Planctaa</strong></span> <span class='ocrx_word' id='word_1_301' title='bbox 1528 4418 1556 4455; x_wconf 85' lang='lat' dir='ltr'><strong>a</strong></span> <span class='ocrx_word' id='word_1_302' title='bbox 1603 4403 2063 4471; x_wconf 84' lang='lat' dir='ltr'><strong>conquassatione</strong></span> <span class='ocrx_word' id='word_1_303' title='bbox 2107 4414 2319 4466; x_wconf 89' lang='lat' dir='ltr'><strong>mutua,</strong></span> 
     </span>
    </p>
   </div>
   <div class='ocr_carea' id='block_1_46' title="bbox 758 4496 2322 4571">
    <p class='ocr_par' dir='ltr' id='par_1_46' title="bbox 758 4496 2322 4571">
     <span class='ocr_line' id='line_1_46' title="bbox 758 4496 2322 4571; baseline -0.003 -17"><span class='ocrx_word' id='word_1_304' title='bbox 758 4517 862 4571; x_wconf 82' lang='lat' dir='ltr'><strong>qua</strong></span> <span class='ocrx_word' id='word_1_305' title='bbox 903 4500 1274 4569; x_wconf 83' lang='lat' dir='ltr'><strong>spectantibus</strong></span> <span class='ocrx_word' id='word_1_306' title='bbox 1301 4512 1368 4551; x_wconf 85' lang='lat' dir='ltr'><strong>ex</strong></span> <span class='ocrx_word' id='word_1_307' title='bbox 1401 4506 1609 4551; x_wconf 85' lang='lat' dir='ltr'><strong>remoto</strong></span> <span class='ocrx_word' id='word_1_308' title='bbox 1634 4496 1808 4563; x_wconf 84' lang='lat' dir='ltr'><strong>spatio</strong></span> <span class='ocrx_word' id='word_1_309' title='bbox 1858 4506 1976 4548; x_wconf 90' lang='lat' dir='ltr'><strong>non&#39;</strong></span> <span class='ocrx_word' id='word_1_310' title='bbox 2008 4504 2228 4565; x_wconf 75' lang='lat' dir='ltr'><strong>tangere</strong></span> <span class='ocrx_word' id='word_1_311' title='bbox 2263 4508 2322 4549; x_wconf 86' lang='lat' dir='ltr'><strong>se</strong></span> 
     </span>
    </p>
   </div>
   <div class='ocr_carea' id='block_1_47' title="bbox 756 4587 2325 4655">
    <p class='ocr_par' dir='ltr' id='par_1_47' title="bbox 756 4587 2325 4655">
     <span class='ocr_line' id='line_1_47' title="bbox 756 4587 2325 4655; baseline -0.005 -6"><span class='ocrx_word' id='word_1_312' title='bbox 756 4606 970 4649; x_wconf 83' lang='lat' dir='ltr'><strong>tantum</strong></span> <span class='ocrx_word' id='word_1_313' title='bbox 998 4592 1402 4655; x_wconf 83' lang='lat' dir='ltr'><strong>existimantur,</strong></span> <span class='ocrx_word' id='word_1_314' title='bbox 1442 4605 1628 4643; x_wconf 84' lang='lat' dir='ltr'><strong>verum</strong></span> <span class='ocrx_word' id='word_1_315' title='bbox 1656 4590 1819 4643; x_wconf 89' lang='lat' dir='ltr'><strong>etiatn</strong></span> <span class='ocrx_word' id='word_1_316' title='bbox 1849 4587 1969 4641; x_wconf 86' lang='lat' dir='ltr'><strong>loco</strong></span> <span class='ocrx_word' id='word_1_317' title='bbox 2004 4588 2232 4651; x_wconf 81' lang='lat' dir='ltr'><strong>moveri,</strong></span> <span class='ocrx_word' id='word_1_318' title='bbox 2272 4600 2325 4641; x_wconf 92' lang='lat' dir='ltr'><strong>ct</strong></span> 
     </span>
    </p>
   </div>
   <div class='ocr_carea' id='block_1_48' title="bbox 2411 689 3981 762">
    <p class='ocr_par' dir='ltr' id='par_1_48' title="bbox 2411 689 3981 762">
     <span class='ocr_line' id='line_1_48' title="bbox 2411 689 3981 762; baseline -0.001 -15"><span class='ocrx_word' id='word_1_319' title='bbox 2411 694 2641 762; x_wconf 85' lang='lat' dir='ltr'><strong>Sphingi</strong></span> <span class='ocrx_word' id='word_1_320' title='bbox 2673 694 2966 762; x_wconf 85' lang='lat' dir='ltr'><strong>respondet</strong></span> <span class='ocrx_word' id='word_1_321' title='bbox 3018 690 3330 760; x_wconf 83' lang='lat' dir='ltr'><strong>inscriptio,</strong></span> <span class='ocrx_word' id='word_1_322' title='bbox 3368 706 3528 758; x_wconf 86' lang='lat' dir='ltr'><strong>quam</strong></span> <span class='ocrx_word' id='word_1_323' title='bbox 3560 690 3631 744; x_wconf 83' lang='lat' dir='ltr'><strong>alt</strong></span> <span class='ocrx_word' id='word_1_324' title='bbox 3664 689 3790 745; x_wconf 87' lang='lat' dir='ltr'><strong>aliis</strong></span> <span class='ocrx_word' id='word_1_325' title='bbox 3816 690 3981 745; x_wconf 80' lang='lat' dir='ltr'><strong>omis-</strong></span> 
     </span>
    </p>
   </div>
   <div class='ocr_carea' id='block_1_49' title="bbox 2409 787 2963 856">
    <p class='ocr_par' dir='ltr' id='par_1_49' title="bbox 2409 787 2963 856">
     <span class='ocr_line' id='line_1_49' title="bbox 2409 787 2963 856; baseline -0.004 -16"><span class='ocrx_word' id='word_1_326' title='bbox 2409 802 2526 841; x_wconf 86' lang='lat' dir='ltr'><strong>sam</strong></span> <span class='ocrx_word' id='word_1_327' title='bbox 2554 788 2758 856; x_wconf 81' lang='lat' dir='ltr'><strong>ponere</strong></span> <span class='ocrx_word' id='word_1_328' title='bbox 2788 787 2963 841; x_wconf 86' lang='lat' dir='ltr'><strong>libuit.</strong></span> 
     </span>
    </p>
   </div>
   <div class='ocr_carea' id='block_1_50' title="bbox 2872 916 3527 958">
    <p class='ocr_par' dir='ltr' id='par_1_50' title="bbox 2872 916 3527 958">
     <span class='ocr_line' id='line_1_50' title="bbox 2872 916 3527 958; baseline -0.003 -1"><span class='ocrx_word' id='word_1_329' title='bbox 2872 918 2993 958; x_wconf 83' lang='lat' dir='ltr'><strong>DIVO</strong></span> <span class='ocrx_word' id='word_1_330' title='bbox 3027 920 3228 957; x_wconf 63' lang='lat' dir='ltr'><strong>CAESARI</strong></span> <span class='ocrx_word' id='word_1_331' title='bbox 3290 919 3316 954; x_wconf 79' lang='grc' dir='ltr'><strong>Α</strong></span> <span class='ocrx_word' id='word_1_332' title='bbox 3328 916 3527 955; x_wconf 67' lang='grc' dir='ltr'><strong>νηνετο</strong></span> 
     </span>
    </p>
   </div>
   <div class='ocr_carea' id='block_1_51' title="bbox 2984 990 3389 1029">
    <p class='ocr_par' dir='ltr' id='par_1_51' title="bbox 2984 990 3389 1029">
     <span class='ocr_line' id='line_1_51' title="bbox 2984 990 3389 1029; baseline -0.005 -1"><span class='ocrx_word' id='word_1_333' title='bbox 2984 992 3035 1029; x_wconf 71' lang='grc' dir='ltr'><strong>Ι..</strong></span> <span class='ocrx_word' id='word_1_334' title='bbox 3077 990 3389 1028; x_wconf 60' lang='lat' dir='ltr'><strong>CIJNNIDIVS</strong></span> 
     </span>
    </p>
   </div>
   <div class='ocr_carea' id='block_1_52' title="bbox 2925 1059 3467 1100">
    <p class='ocr_par' dir='ltr' id='par_1_52' title="bbox 2925 1059 3467 1100">
     <span class='ocr_line' id='line_1_52' title="bbox 2925 1059 3467 1100; baseline 0 -2"><span class='ocrx_word' id='word_1_335' title='bbox 2925 1062 2974 1100; x_wconf 77' lang='grc' dir='ltr'><strong>ι..</strong></span> <span class='ocrx_word' id='word_1_336' title='bbox 3014 1061 3063 1098; x_wconf 83' lang='grc'><strong>1¹’.</strong></span> <span class='ocrx_word' id='word_1_337' title='bbox 3100 1060 3263 1099; x_wconf 67' lang='grc' dir='ltr'><strong>αλ...</strong></span> <span class='ocrx_word' id='word_1_338' title='bbox 3302 1059 3467 1098; x_wconf 73' lang='lat' dir='ltr'><strong>PON‘I‘O</strong></span> 
     </span>
    </p>
   </div>
   <div class='ocr_carea' id='block_1_53' title="bbox 2406 1158 3981 1230">
    <p class='ocr_par' dir='ltr' id='par_1_53' title="bbox 2406 1158 3981 1230">
     <span class='ocr_line' id='line_1_53' title="bbox 2406 1158 3981 1230; baseline 0.001 -19"><span class='ocrx_word' id='word_1_339' title='bbox 2406 1158 2573 1230; x_wconf 62' lang='grc'><strong>448</strong></span> <span class='ocrx_word' id='word_1_340' title='bbox 2619 1158 2729 1213; x_wconf 79' lang='lat' dir='ltr'><strong>Nec</strong></span> <span class='ocrx_word' id='word_1_341' title='bbox 2764 1167 2945 1211; x_wconf 90' lang='lat' dir='ltr'><strong>tamen</strong></span> <span class='ocrx_word' id='word_1_342' title='bbox 2994 1158 3288 1212; x_wconf 80' lang='lat' dir='ltr'><strong>defuerunt</strong></span> <span class='ocrx_word' id='word_1_343' title='bbox 3352 1158 3443 1211; x_wconf 88' lang='lat' dir='ltr'><strong>hic</strong></span> <span class='ocrx_word' id='word_1_344' title='bbox 3493 1159 3624 1212; x_wconf 89' lang='lat' dir='ltr'><strong>olim</strong></span> <span class='ocrx_word' id='word_1_345' title='bbox 3671 1161 3835 1213; x_wconf 88' lang='lat' dir='ltr'><strong>etiam</strong></span> <span class='ocrx_word' id='word_1_346' title='bbox 3879 1159 3981 1214; x_wconf 87' lang='lat' dir='ltr'><strong>Cn.</strong></span> 
     </span>
    </p>
   </div>
   <div class='ocr_carea' id='block_1_54' title="bbox 2409 1249 3983 1318">
    <p class='ocr_par' dir='ltr' id='par_1_54' title="bbox 2409 1249 3983 1318">
     <span class='ocr_line' id='line_1_54' title="bbox 2409 1249 3983 1318; baseline 0.002 -17"><span class='ocrx_word' id='word_1_347' title='bbox 2409 1249 2650 1318; x_wconf 81' lang='lat' dir='ltr'><strong>Pompeii</strong></span> <span class='ocrx_word' id='word_1_348' title='bbox 2681 1258 3056 1313; x_wconf 85' lang='lat' dir='ltr'><strong>monumenta,</strong></span> <span class='ocrx_word' id='word_1_349' title='bbox 3095 1249 3285 1303; x_wconf 91' lang='lat' dir='ltr'><strong>relicta</strong></span> <span class='ocrx_word' id='word_1_350' title='bbox 3319 1250 3372 1302; x_wconf 91' lang='lat' dir='ltr'><strong>in</strong></span> <span class='ocrx_word' id='word_1_351' title='bbox 3424 1250 3509 1303; x_wconf 88' lang='lat' dir='ltr'><strong>his</strong></span> <span class='ocrx_word' id='word_1_352' title='bbox 3563 1250 3702 1305; x_wconf 91' lang='lat' dir='ltr'><strong>locis</strong></span> <span class='ocrx_word' id='word_1_353' title='bbox 3736 1249 3865 1303; x_wconf 89' lang='lat' dir='ltr'><strong>inde</strong></span> <span class='ocrx_word' id='word_1_354' title='bbox 3918 1250 3983 1304; x_wconf 90' lang='lat' dir='ltr'><strong>ad</strong></span> 
     </span>
    </p>
   </div>
   <div class='ocr_carea' id='block_1_55' title="bbox 2409 1340 3983 1409">
    <p class='ocr_par' dir='ltr' id='par_1_55' title="bbox 2409 1340 3983 1409">
     <span class='ocr_line' id='line_1_55' title="bbox 2409 1340 3983 1409; baseline 0 -14"><span class='ocrx_word' id='word_1_355' title='bbox 2409 1342 2517 1395; x_wconf 89' lang='lat' dir='ltr'><strong>illis</strong></span> <span class='ocrx_word' id='word_1_356' title='bbox 2548 1356 2721 1409; x_wconf 90' lang='lat' dir='ltr'><strong>usque</strong></span> <span class='ocrx_word' id='word_1_357' title='bbox 2750 1340 3113 1408; x_wconf 87' lang='lat' dir='ltr'><strong>temporibus,</strong></span> <span class='ocrx_word' id='word_1_358' title='bbox 3153 1355 3279 1394; x_wconf 91' lang='lat' dir='ltr'><strong>cum</strong></span> <span class='ocrx_word' id='word_1_359' title='bbox 3313 1340 3616 1408; x_wconf 90' lang='lat' dir='ltr'><strong>imperator</strong></span> <span class='ocrx_word' id='word_1_360' title='bbox 3647 1341 3831 1409; x_wconf 87' lang='lat' dir='ltr'><strong>populi</strong></span> <span class='ocrx_word' id='word_1_361' title='bbox 3871 1342 3983 1395; x_wconf 75' lang='lat' dir='ltr'><strong>Ro-</strong></span> 
     </span>
    </p>
   </div>
   <div class='ocr_carea' id='block_1_56' title="bbox 2408 1430 3983 1500">
    <p class='ocr_par' dir='ltr' id='par_1_56' title="bbox 2408 1430 3983 1500">
     <span class='ocr_line' id='line_1_56' title="bbox 2408 1430 3983 1500; baseline 0.001 -13"><span class='ocrx_word' id='word_1_362' title='bbox 2408 1431 2557 1487; x_wconf 89' lang='lat' dir='ltr'><strong>mani</strong></span> <span class='ocrx_word' id='word_1_363' title='bbox 2595 1442 2787 1486; x_wconf 90' lang='lat' dir='ltr'><strong>contra</strong></span> <span class='ocrx_word' id='word_1_364' title='bbox 2844 1430 3237 1495; x_wconf 81' lang='lat' dir='ltr'><strong>Mithridatem,</strong></span> <span class='ocrx_word' id='word_1_365' title='bbox 3296 1431 3453 1487; x_wconf 87' lang='lat' dir='ltr'><strong>Ponti</strong></span> <span class='ocrx_word' id='word_1_366' title='bbox 3522 1448 3725 1500; x_wconf 81' lang='lat' dir='ltr'><strong>regem,</strong></span> <span class='ocrx_word' id='word_1_367' title='bbox 3779 1434 3983 1488; x_wconf 78' lang='lat' dir='ltr'><strong>bellum</strong></span> 
     </span>
    </p>
   </div>
   <div class='ocr_carea' id='block_1_57' title="bbox 2409 1522 3983 1594">
    <p class='ocr_par' dir='ltr' id='par_1_57' title="bbox 2409 1522 3983 1594">
     <span class='ocr_line' id='line_1_57' title="bbox 2409 1522 3983 1594; baseline 0 -15"><span class='ocrx_word' id='word_1_368' title='bbox 2409 1533 2655 1594; x_wconf 86' lang='lat' dir='ltr'><strong>gereret.</strong></span> <span class='ocrx_word' id='word_1_369' title='bbox 2717 1522 2908 1579; x_wconf 78' lang='lat' dir='ltr'><strong>Exstat</strong></span> <span class='ocrx_word' id='word_1_370' title='bbox 2985 1540 3152 1579; x_wconf 90' lang='lat' dir='ltr'><strong>unum</strong></span> <span class='ocrx_word' id='word_1_371' title='bbox 3213 1524 3395 1579; x_wconf 83' lang='lat' dir='ltr'><strong>adhuc</strong></span> <span class='ocrx_word' id='word_1_372' title='bbox 3452 1525 3629 1579; x_wconf 88' lang='lat' dir='ltr'><strong>liberti</strong></span> <span class='ocrx_word' id='word_1_373' title='bbox 3694 1527 3983 1592; x_wconf 84' lang='lat' dir='ltr'><strong>cujusdam</strong></span> 
     </span>
    </p>
   </div>
   <div class='ocr_carea' id='block_1_58' title="bbox 2410 1616 3989 1686">
    <p class='ocr_par' dir='ltr' id='par_1_58' title="bbox 2410 1616 3989 1686">
     <span class='ocr_line' id='line_1_58' title="bbox 2410 1616 3989 1686; baseline -0.001 -13"><span class='ocrx_word' id='word_1_374' title='bbox 2410 1616 2727 1684; x_wconf 88' lang='lat' dir='ltr'><strong>Pompeiani</strong></span> <span class='ocrx_word' id='word_1_375' title='bbox 2785 1631 3050 1681; x_wconf 88' lang='lat' dir='ltr'><strong>marmor,</strong></span> <span class='ocrx_word' id='word_1_376' title='bbox 3097 1617 3241 1686; x_wconf 90' lang='lat' dir='ltr'><strong>quod</strong></span> <span class='ocrx_word' id='word_1_377' title='bbox 3280 1632 3391 1684; x_wconf 83' lang='lat' dir='ltr'><strong>non</strong></span> <span class='ocrx_word' id='word_1_378' title='bbox 3429 1618 3617 1684; x_wconf 86' lang='lat' dir='ltr'><strong>procul</strong></span> <span class='ocrx_word' id='word_1_379' title='bbox 3663 1633 3690 1670; x_wconf 91' lang='lat' dir='ltr'><strong>a</strong></span> <span class='ocrx_word' id='word_1_380' title='bbox 3753 1617 3989 1672; x_wconf 84' lang='lat' dir='ltr'><strong>Casanis</strong></span> 
     </span>
    </p>
   </div>
   <div class='ocr_carea' id='block_1_59' title="bbox 2410 1708 3989 1777">
    <p class='ocr_par' dir='ltr' id='par_1_59' title="bbox 2410 1708 3989 1777">
     <span class='ocr_line' id='line_1_59' title="bbox 2410 1708 3989 1777; baseline -0.001 -12"><span class='ocrx_word' id='word_1_381' title='bbox 2410 1711 2586 1765; x_wconf 86' lang='lat' dir='ltr'><strong>bassae</strong></span> <span class='ocrx_word' id='word_1_382' title='bbox 2644 1708 2865 1764; x_wconf 77' lang='lat' dir='ltr'><strong>messits</strong></span> <span class='ocrx_word' id='word_1_383' title='bbox 2925 1708 3223 1777; x_wconf 88' lang='lat' dir='ltr'><strong>(quondam</strong></span> <span class='ocrx_word' id='word_1_384' title='bbox 3275 1708 3469 1763; x_wconf 86' lang='lat' dir='ltr'><strong>illustti</strong></span> <span class='ocrx_word' id='word_1_385' title='bbox 3532 1710 3592 1763; x_wconf 89' lang='lat' dir='ltr'><strong>S.</strong></span> <span class='ocrx_word' id='word_1_386' title='bbox 3659 1708 3989 1764; x_wconf 69' lang='lat' dir='ltr'><strong>Theodosia:</strong></span> 
     </span>
    </p>
   </div>
   <div class='ocr_carea' id='block_1_60' title="bbox 2410 1799 3988 1871">
    <p class='ocr_par' dir='ltr' id='par_1_60' title="bbox 2410 1799 3988 1871">
     <span class='ocr_line' id='line_1_60' title="bbox 2410 1799 3988 1871; baseline 0.001 -16"><span class='ocrx_word' id='word_1_387' title='bbox 2410 1800 2639 1871; x_wconf 88' lang='lat' dir='ltr'><strong>templo)</strong></span> <span class='ocrx_word' id='word_1_388' title='bbox 2674 1815 2838 1869; x_wconf 88' lang='lat' dir='ltr'><strong>supra</strong></span> <span class='ocrx_word' id='word_1_389' title='bbox 2872 1801 3065 1855; x_wconf 87' lang='lat' dir='ltr'><strong>navale</strong></span> <span class='ocrx_word' id='word_1_390' title='bbox 3096 1799 3445 1855; x_wconf 76' lang='lat' dir='ltr'><strong>Sultaninum</strong></span> <span class='ocrx_word' id='word_1_391' title='bbox 3475 1802 3602 1863; x_wconf 82' lang='lat' dir='ltr'><strong>sita,</strong></span> <span class='ocrx_word' id='word_1_392' title='bbox 3628 1801 3988 1870; x_wconf 81' lang='lat' dir='ltr'><strong>conspicitur.</strong></span> 
     </span>
    </p>
   </div>
   <div class='ocr_carea' id='block_1_61' title="bbox 2410 1892 3990 1963">
    <p class='ocr_par' dir='ltr' id='par_1_61' title="bbox 2410 1892 3990 1963">
     <span class='ocr_line' id='line_1_61' title="bbox 2410 1892 3990 1963; baseline 0.001 -14"><span class='ocrx_word' id='word_1_393' title='bbox 2410 1894 2465 1949; x_wconf 89' lang='lat' dir='ltr'><strong>ld</strong></span> <span class='ocrx_word' id='word_1_394' title='bbox 2516 1894 2909 1963; x_wconf 89' lang='lat' dir='ltr'><strong>pulcherrimis</strong></span> <span class='ocrx_word' id='word_1_395' title='bbox 2944 1902 3231 1948; x_wconf 87' lang='lat' dir='ltr'><strong>exaratum</strong></span> <span class='ocrx_word' id='word_1_396' title='bbox 3282 1894 3482 1950; x_wconf 89' lang='lat' dir='ltr'><strong>litteris</strong></span> <span class='ocrx_word' id='word_1_397' title='bbox 3543 1892 3831 1956; x_wconf 78' lang='lat' dir='ltr'><strong>Romanis.</strong></span> <span class='ocrx_word' id='word_1_398' title='bbox 3874 1896 3990 1950; x_wconf 65' lang='lat' dir='ltr'><strong>haec</strong></span> 
     </span>
    </p>
   </div>
   <div class='ocr_carea' id='block_1_62' title="bbox 2338 1987 2867 2047">
    <p class='ocr_par' dir='ltr' id='par_1_62' title="bbox 2338 1987 2867 2047">
     <span class='ocr_line' id='line_1_62' title="bbox 2338 1987 2867 2047; baseline 0 -6"><span class='ocrx_word' id='word_1_399' title='bbox 2338 1992 2381 2047; x_wconf 83' lang='grc' dir='ltr'><strong>Β</strong></span> <span class='ocrx_word' id='word_1_400' title='bbox 2413 1987 2577 2042; x_wconf 84' lang='lat' dir='ltr'><strong>verba</strong></span> <span class='ocrx_word' id='word_1_401' title='bbox 2605 1988 2867 2042; x_wconf 90' lang='lat' dir='ltr'><strong>continet.</strong></span> 
     </span>
    </p>
   </div>
   <div class='ocr_carea' id='block_1_63' title="bbox 2767 2135 3612 2177">
    <p class='ocr_par' dir='ltr' id='par_1_63' title="bbox 2767 2135 3612 2177">
     <span class='ocr_line' id='line_1_63' title="bbox 2767 2135 3612 2177; baseline 0.006 -4"><span class='ocrx_word' id='word_1_402' title='bbox 2767 2136 2821 2175; x_wconf 71' lang='grc' dir='ltr'><strong>ν.</strong></span> <span class='ocrx_word' id='word_1_403' title='bbox 2878 2136 2965 2176; x_wconf 79' lang='lat' dir='ltr'><strong>CN.</strong></span> <span class='ocrx_word' id='word_1_404' title='bbox 3017 2135 3299 2177; x_wconf 71' lang='grc' dir='ltr'><strong>Ροιιρειτς.</strong></span> <span class='ocrx_word' id='word_1_405' title='bbox 3349 2136 3612 2177; x_wconf 65' lang='grc' dir='ltr'><strong>Ρηῐιικνε.</strong></span> 
     </span>
    </p>
   </div>
   <div class='ocr_carea' id='block_1_64' title="bbox 2898 2208 3506 2248">
    <p class='ocr_par' dir='ltr' id='par_1_64' title="bbox 2898 2208 3506 2248">
     <span class='ocr_line' id='line_1_64' title="bbox 2898 2208 3506 2248; baseline 0 -2"><span class='ocrx_word' id='word_1_406' title='bbox 2898 2209 3137 2248; x_wconf 66' lang='grc' dir='ltr'><strong>ΡΟΜΙἘΙΕ</strong></span> <span class='ocrx_word' id='word_1_407' title='bbox 3191 2208 3506 2247; x_wconf 58' lang='grc' dir='ltr'><strong>νυιιοιιεΝῶ</strong></span> 
     </span>
    </p>
   </div>
   <div class='ocr_carea' id='block_1_65' title="bbox 3120 2279 3275 2317">
    <p class='ocr_par' dir='ltr' id='par_1_65' title="bbox 3120 2279 3275 2317">
     <span class='ocr_line' id='line_1_65' title="bbox 3120 2279 3275 2317; baseline 0.006 -1"><span class='ocrx_word' id='word_1_408' title='bbox 3120 2279 3275 2317; x_wconf 67' lang='lat' dir='ltr'><strong>FILhE</strong></span> 
     </span>
    </p>
   </div>
   <div class='ocr_carea' id='block_1_66' title="bbox 3104 2350 3297 2391">
    <p class='ocr_par' dir='ltr' id='par_1_66' title="bbox 3104 2350 3297 2391">
     <span class='ocr_line' id='line_1_66' title="bbox 3104 2350 3297 2391; baseline -0.005 -2"><span class='ocrx_word' id='word_1_409' title='bbox 3104 2350 3173 2391; x_wconf 76' lang='grc' dir='ltr'><strong>Ετ</strong></span> <span class='ocrx_word' id='word_1_410' title='bbox 3198 2351 3297 2388; x_wconf 78' lang='lat' dir='ltr'><strong>SIBI</strong></span> 
     </span>
    </p>
   </div>
   <div class='ocr_carea' id='block_1_67' title="bbox 2416 2449 3992 2523">
    <p class='ocr_par' dir='ltr' id='par_1_67' title="bbox 2416 2449 3992 2523">
     <span class='ocr_line' id='line_1_67' title="bbox 2416 2449 3992 2523; baseline 0.003 -20"><span class='ocrx_word' id='word_1_411' title='bbox 2416 2449 2591 2506; x_wconf 84' lang='lat' dir='ltr'><strong>liabet</strong></span> <span class='ocrx_word' id='word_1_412' title='bbox 2628 2450 2797 2505; x_wconf 85' lang='lat' dir='ltr'><strong>lector</strong></span> <span class='ocrx_word' id='word_1_413' title='bbox 2836 2467 2945 2505; x_wconf 92' lang='lat' dir='ltr'><strong>uno</strong></span> <span class='ocrx_word' id='word_1_414' title='bbox 2987 2452 3384 2522; x_wconf 80' lang='lat' dir='ltr'><strong>comprehensa</strong></span> <span class='ocrx_word' id='word_1_415' title='bbox 3431 2454 3605 2522; x_wconf 87' lang='lat' dir='ltr'><strong>capite</strong></span> <span class='ocrx_word' id='word_1_416' title='bbox 3651 2471 3759 2507; x_wconf 91' lang='lat' dir='ltr'><strong>non</strong></span> <span class='ocrx_word' id='word_1_417' title='bbox 3794 2470 3992 2523; x_wconf 85' lang='lat' dir='ltr'><strong>pauca,</strong></span> 
     </span>
    </p>
   </div>
   <div class='ocr_carea' id='block_1_68' title="bbox 2415 2545 3992 2617">
    <p class='ocr_par' dir='ltr' id='par_1_68' title="bbox 2415 2545 3992 2617">
     <span class='ocr_line' id='line_1_68' title="bbox 2415 2545 3992 2617; baseline 0.003 -22"><span class='ocrx_word' id='word_1_418' title='bbox 2415 2546 2615 2613; x_wconf 85' lang='lat' dir='ltr'><strong>quibus</strong></span> <span class='ocrx_word' id='word_1_419' title='bbox 2648 2554 2754 2598; x_wconf 89' lang='lat' dir='ltr'><strong>tam</strong></span> <span class='ocrx_word' id='word_1_420' title='bbox 2790 2545 2999 2613; x_wconf 77' lang='lat' dir='ltr'><strong>prolixe</strong></span> <span class='ocrx_word' id='word_1_421' title='bbox 3024 2546 3400 2610; x_wconf 85' lang='lat' dir='ltr'><strong>recensendis,</strong></span> <span class='ocrx_word' id='word_1_422' title='bbox 3432 2547 3476 2600; x_wconf 90' lang='lat' dir='ltr'><strong>si</strong></span> <span class='ocrx_word' id='word_1_423' title='bbox 3524 2556 3721 2617; x_wconf 72' lang='lat' dir='ltr'><strong>praeter</strong></span> <span class='ocrx_word' id='word_1_424' title='bbox 3752 2548 3992 2601; x_wconf 87' lang='lat' dir='ltr'><strong>ollicium</strong></span> 
     </span>
    </p>
   </div>
   <div class='ocr_carea' id='block_1_69' title="bbox 2416 2637 3994 2709">
    <p class='ocr_par' dir='ltr' id='par_1_69' title="bbox 2416 2637 3994 2709">
     <span class='ocr_line' id='line_1_69' title="bbox 2416 2637 3994 2709; baseline 0.003 -19"><span class='ocrx_word' id='word_1_425' title='bbox 2416 2653 2464 2692; x_wconf 89' lang='lat' dir='ltr'><strong>et</strong></span> <span class='ocrx_word' id='word_1_426' title='bbox 2491 2639 2802 2692; x_wconf 89' lang='lat' dir='ltr'><strong>institutum</strong></span> <span class='ocrx_word' id='word_1_427' title='bbox 2826 2639 2991 2694; x_wconf 89' lang='lat' dir='ltr'><strong>alicui</strong></span> <span class='ocrx_word' id='word_1_428' title='bbox 3023 2637 3222 2694; x_wconf 83' lang='lat' dir='ltr'><strong>fecisse</strong></span> <span class='ocrx_word' id='word_1_429' title='bbox 3243 2639 3467 2693; x_wconf 81' lang='lat' dir='ltr'><strong>videbor</strong></span> <span class='ocrx_word' id='word_1_430' title='bbox 3487 2680 3502 2699; x_wconf 91' lang='lat'><strong>.</strong></span> <span class='ocrx_word' id='word_1_431' title='bbox 3529 2642 3821 2693; x_wconf 76' lang='lat' dir='ltr'><strong>excusabit</strong></span> <span class='ocrx_word' id='word_1_432' title='bbox 3846 2643 3994 2709; x_wconf 83' lang='lat' dir='ltr'><strong>apud</strong></span> 
     </span>
    </p>
   </div>
   <div class='ocr_carea' id='block_1_70' title="bbox 2417 2733 3997 2803">
    <p class='ocr_par' dir='ltr' id='par_1_70' title="bbox 2417 2733 3997 2803">
     <span class='ocr_line' id='line_1_70' title="bbox 2417 2733 3997 2803; baseline -0.001 -17"><span class='ocrx_word' id='word_1_433' title='bbox 2417 2748 2601 2802; x_wconf 77' lang='lat' dir='ltr'><strong>:eqnos</strong></span> <span class='ocrx_word' id='word_1_434' title='bbox 2632 2734 2953 2803; x_wconf 86' lang='lat' dir='ltr'><strong>mejudices</strong></span> <span class='ocrx_word' id='word_1_435' title='bbox 2980 2734 3207 2787; x_wconf 85' lang='lat' dir='ltr'><strong>inﬁxum</strong></span> <span class='ocrx_word' id='word_1_436' title='bbox 3249 2734 3432 2787; x_wconf 91' lang='lat' dir='ltr'><strong>animo</strong></span> <span class='ocrx_word' id='word_1_437' title='bbox 3462 2733 3674 2789; x_wconf 83' lang='lat' dir='ltr'><strong>fervens</strong></span> <span class='ocrx_word' id='word_1_438' title='bbox 3712 2734 3997 2802; x_wconf 70' lang='lat' dir='ltr'><strong>explican-</strong></span> 
     </span>
    </p>
   </div>
   <div class='ocr_carea' id='block_1_71' title="bbox 2417 2824 3996 2887">
    <p class='ocr_par' dir='ltr' id='par_1_71' title="bbox 2417 2824 3996 2887">
     <span class='ocr_line' id='line_1_71' title="bbox 2417 2824 3996 2887; baseline 0.001 -9"><span class='ocrx_word' id='word_1_439' title='bbox 2417 2825 2471 2878; x_wconf 90' lang='lat' dir='ltr'><strong>di</strong></span> <span class='ocrx_word' id='word_1_440' title='bbox 2524 2842 2608 2879; x_wconf 86' lang='lat' dir='ltr'><strong>res</strong></span> <span class='ocrx_word' id='word_1_441' title='bbox 2660 2824 2879 2880; x_wconf 66' lang='lat' dir='ltr'><strong>Graecas</strong></span> <span class='ocrx_word' id='word_1_442' title='bbox 2922 2835 2977 2879; x_wconf 91' lang='lat' dir='ltr'><strong>et</strong></span> <span class='ocrx_word' id='word_1_443' title='bbox 3025 2826 3286 2881; x_wconf 85' lang='lat' dir='ltr'><strong>Turcicas</strong></span> <span class='ocrx_word' id='word_1_444' title='bbox 3337 2827 3601 2887; x_wconf 77' lang='lat' dir='ltr'><strong>studium,</strong></span> <span class='ocrx_word' id='word_1_445' title='bbox 3634 2842 3758 2879; x_wconf 86' lang='lat' dir='ltr'><strong>cum</strong></span> <span class='ocrx_word' id='word_1_446' title='bbox 3807 2844 3996 2881; x_wconf 76' lang='lat' dir='ltr'><strong>rerum</strong></span> 
     </span>
    </p>
   </div>
   <div class='ocr_carea' id='block_1_72' title="bbox 2420 2919 3999 2992">
    <p class='ocr_par' dir='ltr' id='par_1_72' title="bbox 2420 2919 3999 2992">
     <span class='ocr_line' id='line_1_72' title="bbox 2420 2919 3999 2992; baseline 0.004 -21"><span class='ocrx_word' id='word_1_447' title='bbox 2420 2919 2661 2985; x_wconf 88' lang='lat' dir='ltr'><strong>ipsarum</strong></span> <span class='ocrx_word' id='word_1_448' title='bbox 2716 2922 2983 2976; x_wconf 83' lang='lat' dir='ltr'><strong>varietate</strong></span> <span class='ocrx_word' id='word_1_449' title='bbox 3045 2933 3154 2975; x_wconf 90' lang='lat' dir='ltr'><strong>tam</strong></span> <span class='ocrx_word' id='word_1_450' title='bbox 3225 2922 3363 2983; x_wconf 84' lang='lat' dir='ltr'><strong>utili,</strong></span> <span class='ocrx_word' id='word_1_451' title='bbox 3411 2936 3575 2992; x_wconf 87' lang='lat' dir='ltr'><strong>quam</strong></span> <span class='ocrx_word' id='word_1_452' title='bbox 3624 2922 3856 2977; x_wconf 87' lang='lat' dir='ltr'><strong>minime</strong></span> <span class='ocrx_word' id='word_1_453' title='bbox 3903 2933 3999 2977; x_wconf 64' lang='lat' dir='ltr'><strong>ta-</strong></span> 
     </span>
    </p>
   </div>
   <div class='ocr_carea' id='block_1_73' title="bbox 2417 3011 2591 3066">
    <p class='ocr_par' dir='ltr' id='par_1_73' title="bbox 2417 3011 2591 3066">
     <span class='ocr_line' id='line_1_73' title="bbox 2417 3011 2591 3066; baseline -0.006 0"><span class='ocrx_word' id='word_1_454' title='bbox 2417 3011 2591 3066; x_wconf 89' lang='lat' dir='ltr'><strong>diosa.</strong></span> 
     </span>
    </p>
   </div>
   <div class='ocr_carea' id='block_1_74' title="bbox 2496 3126 3891 3200">
    <p class='ocr_par' dir='ltr' id='par_1_74' title="bbox 2496 3126 3891 3200">
     <span class='ocr_line' id='line_1_74' title="bbox 2496 3126 3891 3200; baseline 0.003 -19"><span class='ocrx_word' id='word_1_455' title='bbox 2496 3127 2628 3183; x_wconf 70' lang='grc' dir='ltr'><strong>ηε).</strong></span> <span class='ocrx_word' id='word_1_456' title='bbox 2668 3126 2889 3196; x_wconf 82' lang='lat' dir='ltr'><strong>Tempus</strong></span> <span class='ocrx_word' id='word_1_457' title='bbox 2915 3143 3114 3183; x_wconf 74' lang='lat' dir='ltr'><strong>certum</strong></span> <span class='ocrx_word' id='word_1_458' title='bbox 3141 3143 3309 3200; x_wconf 76' lang='lat' dir='ltr'><strong>caput:</strong></span> <span class='ocrx_word' id='word_1_459' title='bbox 3336 3131 3891 3197; x_wconf 77' lang='lat' dir='ltr'><strong>Constantinopoleos.</strong></span> 
     </span>
    </p>
   </div>
   <div class='ocr_carea' id='block_1_75' title="bbox 2490 3219 4004 3294">
    <p class='ocr_par' dir='ltr' id='par_1_75' title="bbox 2490 3219 4004 3294">
     <span class='ocr_line' id='line_1_75' title="bbox 2490 3219 4004 3294; baseline 0.004 -22"><span class='ocrx_word' id='word_1_460' title='bbox 2490 3219 2714 3273; x_wconf 87' lang='lat' dir='ltr'><strong>Certum</strong></span> <span class='ocrx_word' id='word_1_461' title='bbox 2745 3231 2849 3282; x_wconf 84' lang='lat' dir='ltr'><strong>est.</strong></span> <span class='ocrx_word' id='word_1_462' title='bbox 2883 3233 3098 3290; x_wconf 85' lang='lat' dir='ltr'><strong>captam</strong></span> <span class='ocrx_word' id='word_1_463' title='bbox 3139 3222 3675 3294; x_wconf 84' lang='lat' dir='ltr'><strong>Constantinopolim</strong></span> <span class='ocrx_word' id='word_1_464' title='bbox 3707 3240 3739 3278; x_wconf 89' lang='lat' dir='ltr'><strong>a</strong></span> <span class='ocrx_word' id='word_1_465' title='bbox 3771 3225 4004 3279; x_wconf 76' lang='lat' dir='ltr'><strong>Muche—</strong></span> 
     </span>
    </p>
   </div>
   <div class='ocr_carea' id='block_1_76' title="bbox 2423 3308 4005 3383">
    <p class='ocr_par' dir='ltr' id='par_1_76' title="bbox 2423 3308 4005 3383">
     <span class='ocr_line' id='line_1_76' title="bbox 2423 3308 4005 3383; baseline 0.006 -21"><span class='ocrx_word' id='word_1_466' title='bbox 2423 3318 2561 3363; x_wconf 80' lang='lat' dir='ltr'><strong>mete</strong></span> <span class='ocrx_word' id='word_1_467' title='bbox 2590 3308 2633 3363; x_wconf 88' lang='lat' dir='ltr'><strong>ll</strong></span> <span class='ocrx_word' id='word_1_468' title='bbox 2693 3312 2784 3365; x_wconf 89' lang='lat' dir='ltr'><strong>die</strong></span> <span class='ocrx_word' id='word_1_469' title='bbox 2837 3311 2909 3366; x_wconf 71' lang='lat'><strong>29</strong></span> <span class='ocrx_word' id='word_1_470' title='bbox 2936 3315 3139 3368; x_wconf 88' lang='lat' dir='ltr'><strong>mensis</strong></span> <span class='ocrx_word' id='word_1_471' title='bbox 3166 3314 3290 3379; x_wconf 82' lang='lat' dir='ltr'><strong>Mai,</strong></span> <span class='ocrx_word' id='word_1_472' title='bbox 3326 3332 3488 3383; x_wconf 87' lang='lat' dir='ltr'><strong>quem</strong></span> <span class='ocrx_word' id='word_1_473' title='bbox 3540 3332 3591 3370; x_wconf 84' lang='lat' dir='ltr'><strong>tv</strong></span> <span class='ocrx_word' id='word_1_474' title='bbox 3625 3318 3754 3371; x_wconf 84' lang='lat' dir='ltr'><strong>Kal.</strong></span> <span class='ocrx_word' id='word_1_475' title='bbox 3803 3315 4005 3371; x_wconf 79' lang='lat' dir='ltr'><strong>Jnuias</strong></span> 
     </span>
    </p>
   </div>
   <div class='ocr_carea' id='block_1_77' title="bbox 2422 3404 4008 3477">
    <p class='ocr_par' dir='ltr' id='par_1_77' title="bbox 2422 3404 4008 3477">
     <span class='ocr_line' id='line_1_77' title="bbox 2422 3404 4008 3477; baseline 0.007 -26"><span class='ocrx_word' id='word_1_476' title='bbox 2422 3415 2701 3467; x_wconf 88' lang='lat' dir='ltr'><strong>vocamus,</strong></span> <span class='ocrx_word' id='word_1_477' title='bbox 2726 3418 2870 3458; x_wconf 89' lang='lat' dir='ltr'><strong>anno</strong></span> <span class='ocrx_word' id='word_1_478' title='bbox 2895 3404 3209 3459; x_wconf 82' lang='lat' dir='ltr'><strong>Christiano</strong></span> <span class='ocrx_word' id='word_1_479' title='bbox 3248 3407 3407 3472; x_wconf 73' lang='grc'><strong>1455,</strong></span> <span class='ocrx_word' id='word_1_480' title='bbox 3460 3424 3567 3461; x_wconf 90' lang='lat' dir='ltr'><strong>non</strong></span> <span class='ocrx_word' id='word_1_481' title='bbox 3606 3408 3766 3471; x_wconf 66' lang='lat' dir='ltr'><strong>i452,</strong></span> <span class='ocrx_word' id='word_1_482' title='bbox 3808 3425 4008 3477; x_wconf 77' lang='lat' dir='ltr'><strong>qucrn-</strong></span> 
     </span>
    </p>
   </div>
   <div class='ocr_carea' id='block_1_78' title="bbox 2418 3495 4010 3569">
    <p class='ocr_par' dir='ltr' id='par_1_78' title="bbox 2418 3495 4010 3569">
     <span class='ocr_line' id='line_1_78' title="bbox 2418 3495 4010 3569; baseline 0.004 -21"><span class='ocrx_word' id='word_1_483' title='bbox 2418 3495 2706 3550; x_wconf 90' lang='lat' dir='ltr'><strong>adtnodum</strong></span> <span class='ocrx_word' id='word_1_484' title='bbox 2769 3496 2913 3567; x_wconf 91' lang='lat' dir='ltr'><strong>apud</strong></span> <span class='ocrx_word' id='word_1_485' title='bbox 2964 3497 3194 3554; x_wconf 60' lang='lat' dir='ltr'><strong>[Eneatn</strong></span> <span class='ocrx_word' id='word_1_486' title='bbox 3249 3501 3478 3555; x_wconf 85' lang='lat' dir='ltr'><strong>Silvium</strong></span> <span class='ocrx_word' id='word_1_487' title='bbox 3516 3518 3609 3569; x_wconf 78' lang='lat' dir='ltr'><strong>per</strong></span> <span class='ocrx_word' id='word_1_488' title='bbox 3641 3518 3896 3557; x_wconf 87' lang='lat' dir='ltr'><strong>errorem</strong></span> <span class='ocrx_word' id='word_1_489' title='bbox 3946 3504 4010 3556; x_wconf 89' lang='lat' dir='ltr'><strong>li-</strong></span> 
     </span>
    </p>
   </div>
   <div class='ocr_carea' id='block_1_79' title="bbox 2418 3587 4008 3665">
    <p class='ocr_par' dir='ltr' id='par_1_79' title="bbox 2418 3587 4008 3665">
     <span class='ocr_line' id='line_1_79' title="bbox 2418 3587 4008 3665; baseline 0.005 -24"><span class='ocrx_word' id='word_1_490' title='bbox 2418 3587 2587 3641; x_wconf 88' lang='lat' dir='ltr'><strong>brarii</strong></span> <span class='ocrx_word' id='word_1_491' title='bbox 2624 3589 2857 3645; x_wconf 83' lang='lat' dir='ltr'><strong>fortasse</strong></span> <span class='ocrx_word' id='word_1_492' title='bbox 2882 3592 3150 3662; x_wconf 86' lang='lat' dir='ltr'><strong>scriptum</strong></span> <span class='ocrx_word' id='word_1_493' title='bbox 3187 3594 3404 3665; x_wconf 82' lang='lat' dir='ltr'><strong>legitur.</strong></span> <span class='ocrx_word' id='word_1_494' title='bbox 3448 3595 3634 3648; x_wconf 89' lang='lat' dir='ltr'><strong>Potest</strong></span> <span class='ocrx_word' id='word_1_495' title='bbox 3678 3596 3786 3649; x_wconf 87' lang='lat' dir='ltr'><strong>hoc</strong></span> <span class='ocrx_word' id='word_1_496' title='bbox 3839 3597 4008 3651; x_wconf 81' lang='lat' dir='ltr'><strong>etiam</strong></span> 
     </span>
    </p>
   </div>
   <div class='ocr_carea' id='block_1_80' title="bbox 2418 3682 4012 3745">
    <p class='ocr_par' dir='ltr' id='par_1_80' title="bbox 2418 3682 4012 3745">
     <span class='ocr_line' id='line_1_80' title="bbox 2418 3682 4012 3745; baseline 0.005 -10"><span class='ocrx_word' id='word_1_497' title='bbox 2418 3698 2481 3735; x_wconf 83' lang='lat' dir='ltr'><strong>ex</strong></span> <span class='ocrx_word' id='word_1_498' title='bbox 2506 3682 2794 3737; x_wconf 85' lang='lat' dir='ltr'><strong>collatione</strong></span> <span class='ocrx_word' id='word_1_499' title='bbox 2816 3683 3319 3741; x_wconf 74' lang='lat' dir='ltr'><strong>Habumetanorum</strong></span> <span class='ocrx_word' id='word_1_500' title='bbox 3346 3702 3614 3742; x_wconf 89' lang='lat' dir='ltr'><strong>annorum</strong></span> <span class='ocrx_word' id='word_1_501' title='bbox 3643 3688 3712 3741; x_wconf 92' lang='lat' dir='ltr'><strong>ad</strong></span> <span class='ocrx_word' id='word_1_502' title='bbox 3731 3688 4012 3745; x_wconf 79' lang='lat' dir='ltr'><strong>Christia-</strong></span> 
     </span>
    </p>
   </div>
   <div class='ocr_carea' id='block_1_81' title="bbox 2420 3775 4012 3851">
    <p class='ocr_par' dir='ltr' id='par_1_81' title="bbox 2420 3775 4012 3851">
     <span class='ocr_line' id='line_1_81' title="bbox 2420 3775 4012 3851; baseline 0.007 -23"><span class='ocrx_word' id='word_1_503' title='bbox 2420 3790 2518 3829; x_wconf 84' lang='lat' dir='ltr'><strong>nos</strong></span> <span class='ocrx_word' id='word_1_504' title='bbox 2544 3775 2745 3846; x_wconf 81' lang='lat' dir='ltr'><strong>colligi.</strong></span> <span class='ocrx_word' id='word_1_505' title='bbox 2770 3777 2975 3834; x_wconf 67' lang='lat' dir='ltr'><strong>Caetera</strong></span> <span class='ocrx_word' id='word_1_506' title='bbox 3005 3780 3071 3834; x_wconf 89' lang='lat' dir='ltr'><strong>de</strong></span> <span class='ocrx_word' id='word_1_507' title='bbox 3094 3781 3244 3835; x_wconf 85' lang='lat' dir='ltr'><strong>urbis</strong></span> <span class='ocrx_word' id='word_1_508' title='bbox 3258 3790 3363 3834; x_wconf 84' lang='lat' dir='ltr'><strong>tam</strong></span> <span class='ocrx_word' id='word_1_509' title='bbox 3383 3781 3684 3843; x_wconf 83' lang='lat' dir='ltr'><strong>obsidione,</strong></span> <span class='ocrx_word' id='word_1_510' title='bbox 3716 3798 3890 3851; x_wconf 85' lang='lat' dir='ltr'><strong>quam</strong></span> <span class='ocrx_word' id='word_1_511' title='bbox 3918 3799 4012 3838; x_wconf 84' lang='lat' dir='ltr'><strong>oc-</strong></span> 
     </span>
    </p>
   </div>
   <div class='ocr_carea' id='block_1_82' title="bbox 2420 3869 4012 3942">
    <p class='ocr_par' dir='ltr' id='par_1_82' title="bbox 2420 3869 4012 3942">
     <span class='ocr_line' id='line_1_82' title="bbox 2420 3869 4012 3942; baseline 0.005 -21"><span class='ocrx_word' id='word_1_512' title='bbox 2420 3869 2731 3938; x_wconf 84' lang='lat' dir='ltr'><strong>cupatione,</strong></span> <span class='ocrx_word' id='word_1_513' title='bbox 2757 3870 2877 3925; x_wconf 84' lang='lat' dir='ltr'><strong>licet</strong></span> <span class='ocrx_word' id='word_1_514' title='bbox 2908 3874 3096 3940; x_wconf 89' lang='lat' dir='ltr'><strong>paucis</strong></span> <span class='ocrx_word' id='word_1_515' title='bbox 3111 3875 3356 3942; x_wconf 78' lang='lat' dir='ltr'><strong>exposita</strong></span> <span class='ocrx_word' id='word_1_516' title='bbox 3386 3874 3495 3929; x_wconf 91' lang='lat' dir='ltr'><strong>sint</strong></span> <span class='ocrx_word' id='word_1_517' title='bbox 3517 3876 3717 3938; x_wconf 81' lang='lat' dir='ltr'><strong>verbis,</strong></span> <span class='ocrx_word' id='word_1_518' title='bbox 3737 3877 3872 3930; x_wconf 90' lang='lat' dir='ltr'><strong>utin</strong></span> <span class='ocrx_word' id='word_1_519' title='bbox 3902 3879 4012 3931; x_wconf 82' lang='lat' dir='ltr'><strong>An-</strong></span> 
     </span>
    </p>
   </div>
   <div class='ocr_carea' id='block_1_83' title="bbox 2422 3963 4012 4041">
    <p class='ocr_par' dir='ltr' id='par_1_83' title="bbox 2422 3963 4012 4041">
     <span class='ocr_line' id='line_1_83' title="bbox 2422 3963 4012 4041; baseline 0.007 -29"><span class='ocrx_word' id='word_1_520' title='bbox 2422 3963 2639 4016; x_wconf 85' lang='lat' dir='ltr'><strong>nalibus</strong></span> <span class='ocrx_word' id='word_1_521' title='bbox 2656 3963 2768 4017; x_wconf 82' lang='lat' dir='ltr'><strong>ﬁeri</strong></span> <span class='ocrx_word' id='word_1_522' title='bbox 2810 3966 2966 4030; x_wconf 80' lang='lat' dir='ltr'><strong>solet,</strong></span> <span class='ocrx_word' id='word_1_523' title='bbox 2990 3965 3056 4019; x_wconf 91' lang='lat' dir='ltr'><strong>iis</strong></span> <span class='ocrx_word' id='word_1_524' title='bbox 3087 3974 3269 4019; x_wconf 89' lang='lat' dir='ltr'><strong>tamen</strong></span> <span class='ocrx_word' id='word_1_525' title='bbox 3305 3978 3671 4021; x_wconf 88' lang='lat' dir='ltr'><strong>consentanea</strong></span> <span class='ocrx_word' id='word_1_526' title='bbox 3708 3982 3867 4032; x_wconf 90' lang='lat' dir='ltr'><strong>sunt,</strong></span> <span class='ocrx_word' id='word_1_527' title='bbox 3890 3985 4012 4041; x_wconf 70' lang='lat' dir='ltr'><strong>qua:</strong></span> 
     </span>
    </p>
   </div>
   <div class='ocr_carea' id='block_1_84' title="bbox 2421 4057 4011 4129">
    <p class='ocr_par' dir='ltr' id='par_1_84' title="bbox 2421 4057 4011 4129">
     <span class='ocr_line' id='line_1_84' title="bbox 2421 4057 4011 4129; baseline 0.002 -17"><span class='ocrx_word' id='word_1_528' title='bbox 2421 4057 2890 4128; x_wconf 87' lang='lat' dir='ltr'><strong>Chalcoeondyles</strong></span> <span class='ocrx_word' id='word_1_529' title='bbox 2928 4059 3223 4129; x_wconf 77' lang='lat' dir='ltr'><strong>prolixius,</strong></span> <span class='ocrx_word' id='word_1_530' title='bbox 3262 4068 3319 4113; x_wconf 93' lang='lat' dir='ltr'><strong>ut</strong></span> <span class='ocrx_word' id='word_1_531' title='bbox 3349 4060 3405 4114; x_wconf 91' lang='lat' dir='ltr'><strong>in</strong></span> <span class='ocrx_word' id='word_1_532' title='bbox 3432 4059 3683 4124; x_wconf 85' lang='lat' dir='ltr'><strong>historia,</strong></span> <span class='ocrx_word' id='word_1_533' title='bbox 3724 4063 4011 4115; x_wconf 76' lang='lat' dir='ltr'><strong>memoria:</strong></span> 
     </span>
    </p>
   </div>
   <div class='ocr_carea' id='block_1_85' title="bbox 2425 4150 2685 4219">
    <p class='ocr_par' dir='ltr' id='par_1_85' title="bbox 2425 4150 2685 4219">
     <span class='ocr_line' id='line_1_85' title="bbox 2425 4150 2685 4219; baseline 0.012 -19"><span class='ocrx_word' id='word_1_534' title='bbox 2425 4150 2685 4219; x_wconf 81' lang='lat' dir='ltr'><strong>prodidit.</strong></span> 
     </span>
    </p>
   </div>
   <div class='ocr_carea' id='block_1_86' title="bbox 2462 4243 3982 4315">
    <p class='ocr_par' dir='ltr' id='par_1_86' title="bbox 2462 4243 3982 4315">
     <span class='ocr_line' id='line_1_86' title="bbox 2462 4243 3982 4315; baseline 0.005 -20"><span class='ocrx_word' id='word_1_535' title='bbox 2462 4243 2584 4296; x_wconf 79' lang='grc'><strong>150.</strong></span> <span class='ocrx_word' id='word_1_536' title='bbox 2620 4243 2942 4307; x_wconf 83' lang='lat' dir='ltr'><strong>Atmt&#39;ndan,</strong></span> <span class='ocrx_word' id='word_1_537' title='bbox 2992 4244 3237 4298; x_wconf 83' lang='lat' dir='ltr'><strong>co!umna</strong></span> <span class='ocrx_word' id='word_1_538' title='bbox 3283 4250 3608 4315; x_wconf 76' lang='lat' dir='ltr'><strong>serpentino,</strong></span> <span class='ocrx_word' id='word_1_539' title='bbox 3666 4258 3982 4303; x_wconf 72' lang='lat' dir='ltr'><strong>statuarum</strong></span> 
     </span>
    </p>
   </div>
   <div class='ocr_carea' id='block_1_87' title="bbox 3066 4319 3354 4369">
    <p class='ocr_par' dir='ltr' id='par_1_87' title="bbox 3066 4319 3354 4369">
     <span class='ocr_line' id='line_1_87' title="bbox 3066 4319 3354 4369; baseline 0.007 -2"><span class='ocrx_word' id='word_1_540' title='bbox 3066 4319 3354 4369; x_wconf 78' lang='lat' dir='ltr'><strong>sticttioses.</strong></span> 
     </span>
    </p>
   </div>
   <div class='ocr_carea' id='block_1_88' title="bbox 2498 4406 4009 4481">
    <p class='ocr_par' dir='ltr' id='par_1_88' title="bbox 2498 4406 4009 4481">
     <span class='ocr_line' id='line_1_88' title="bbox 2498 4406 4009 4481; baseline 0.001 -20"><span class='ocrx_word' id='word_1_541' title='bbox 2498 4408 2791 4461; x_wconf 79' lang='lat' dir='ltr'><strong>Atmindan</strong></span> <span class='ocrx_word' id='word_1_542' title='bbox 2822 4406 3093 4475; x_wconf 85' lang='lat' dir='ltr'><strong>signiﬁcat</strong></span> <span class='ocrx_word' id='word_1_543' title='bbox 3130 4407 3329 4462; x_wconf 89' lang='lat' dir='ltr'><strong>Turcis</strong></span> <span class='ocrx_word' id='word_1_544' title='bbox 3357 4425 3485 4463; x_wconf 93' lang='lat' dir='ltr'><strong>eum</strong></span> <span class='ocrx_word' id='word_1_545' title='bbox 3521 4409 4009 4481; x_wconf 78' lang='lat' dir='ltr'><strong>Constantinopoli</strong></span> 
     </span>
    </p>
   </div>
   <div class='ocr_carea' id='block_1_89' title="bbox 2426 4500 4013 4569">
    <p class='ocr_par' dir='ltr' id='par_1_89' title="bbox 2426 4500 4013 4569">
     <span class='ocr_line' id='line_1_89' title="bbox 2426 4500 4013 4569; baseline 0.001 -16"><span class='ocrx_word' id='word_1_546' title='bbox 2426 4500 2628 4565; x_wconf 88' lang='lat' dir='ltr'><strong>locum,</strong></span> <span class='ocrx_word' id='word_1_547' title='bbox 2669 4517 2827 4569; x_wconf 81' lang='lat' dir='ltr'><strong>quem</strong></span> <span class='ocrx_word' id='word_1_548' title='bbox 2863 4503 2931 4553; x_wconf 91' lang='lat' dir='ltr'><strong>ab</strong></span> <span class='ocrx_word' id='word_1_549' title='bbox 2967 4516 3237 4569; x_wconf 88' lang='lat' dir='ltr'><strong>equorum</strong></span> <span class='ocrx_word' id='word_1_550' title='bbox 3292 4517 3461 4555; x_wconf 88' lang='lat' dir='ltr'><strong>cursu</strong></span> <span class='ocrx_word' id='word_1_551' title='bbox 3517 4501 3694 4556; x_wconf 65' lang='lat' dir='ltr'><strong>Graeci</strong></span> <span class='ocrx_word' id='word_1_552' title='bbox 3747 4504 4013 4557; x_wconf 87' lang='lat' dir='ltr'><strong>dixerunt</strong></span> 
     </span>
    </p>
   </div>
   <div class='ocr_carea' id='block_1_90' title="bbox 2427 4591 4017 4662">
    <p class='ocr_par' dir='ltr' id='par_1_90' title="bbox 2427 4591 4017 4662">
     <span class='ocr_line' id='line_1_90' title="bbox 2427 4591 4017 4662; baseline 0.003 -17"><span class='ocrx_word' id='word_1_553' title='bbox 2427 4591 2880 4660; x_wconf 87' lang='lat' dir='ltr'><strong>llippodroutum.</strong></span> <span class='ocrx_word' id='word_1_554' title='bbox 2934 4591 3071 4646; x_wconf 89' lang='lat' dir='ltr'><strong>Nam</strong></span> <span class='ocrx_word' id='word_1_555' title='bbox 3109 4595 3152 4648; x_wconf 91' lang='lat' dir='ltr'><strong>si</strong></span> <span class='ocrx_word' id='word_1_556' title='bbox 3193 4596 3417 4648; x_wconf 80' lang='lat' dir='ltr'><strong>verbum</strong></span> <span class='ocrx_word' id='word_1_557' title='bbox 3454 4596 3619 4649; x_wconf 87' lang='lat' dir='ltr'><strong>verbo</strong></span> <span class='ocrx_word' id='word_1_558' title='bbox 3658 4596 3892 4662; x_wconf 74' lang='lat' dir='ltr'><strong>red-las,</strong></span> <span class='ocrx_word' id='word_1_559' title='bbox 3948 4600 4017 4651; x_wconf 78' lang='lat' dir='ltr'><strong>At</strong></span> 
     </span>
    </p>
   </div>
   <div class='ocr_carea' id='block_1_91' title="bbox 761 4681 4017 4758">
    <p class='ocr_par' dir='ltr' id='par_1_91' title="bbox 761 4681 4017 4758">
     <span class='ocr_line' id='line_1_91' title="bbox 761 4681 4017 4758; baseline 0 -17"><span class='ocrx_word' id='word_1_560' title='bbox 761 4691 831 4741; x_wconf 83' lang='lat' dir='ltr'><strong>ita</strong></span> <span class='ocrx_word' id='word_1_561' title='bbox 858 4686 1026 4746; x_wconf 89' lang='lat' dir='ltr'><strong>coire,</strong></span> <span class='ocrx_word' id='word_1_562' title='bbox 1053 4684 1321 4738; x_wconf 78' lang='lat' dir='ltr'><strong>duntaxat</strong></span> <span class='ocrx_word' id='word_1_563' title='bbox 1366 4698 1510 4735; x_wconf 86' lang='lat' dir='ltr'><strong>unus</strong></span> <span class='ocrx_word' id='word_1_564' title='bbox 1558 4691 1617 4735; x_wconf 92' lang='lat' dir='ltr'><strong>ut</strong></span> <span class='ocrx_word' id='word_1_565' title='bbox 1658 4696 1781 4734; x_wconf 89' lang='lat' dir='ltr'><strong>esse</strong></span> <span class='ocrx_word' id='word_1_566' title='bbox 1824 4681 2103 4747; x_wconf 85' lang='lat' dir='ltr'><strong>scopulus,</strong></span> <span class='ocrx_word' id='word_1_567' title='bbox 2156 4696 2322 4732; x_wconf 91' lang='lat' dir='ltr'><strong>unum</strong></span> <span class='ocrx_word' id='word_1_568' title='bbox 2360 4703 2402 4758; x_wconf 76' lang='grc' dir='ltr'><strong>ι)</strong></span> <span class='ocrx_word' id='word_1_569' title='bbox 2433 4696 2485 4737; x_wconf 92' lang='lat' dir='ltr'><strong>et</strong></span> <span class='ocrx_word' id='word_1_570' title='bbox 2525 4683 2741 4739; x_wconf 82' lang='lat' dir='ltr'><strong>Mindan</strong></span> <span class='ocrx_word' id='word_1_571' title='bbox 2800 4684 3113 4754; x_wconf 83' lang='lat' dir='ltr'><strong>signiﬁcant</strong></span> <span class='ocrx_word' id='word_1_572' title='bbox 3141 4701 3406 4755; x_wconf 90' lang='lat' dir='ltr'><strong>equorum</strong></span> <span class='ocrx_word' id='word_1_573' title='bbox 3453 4686 3631 4740; x_wconf 89' lang='lat' dir='ltr'><strong>locum</strong></span> <span class='ocrx_word' id='word_1_574' title='bbox 3664 4702 3935 4757; x_wconf 71' lang='lat' dir='ltr'><strong>capacem</strong></span> <span class='ocrx_word' id='word_1_575' title='bbox 3963 4700 4017 4741; x_wconf 87' lang='lat' dir='ltr'><strong>et</strong></span> 
     </span>
    </p>
   </div>
   <div class='ocr_carea' id='block_1_92' title="bbox 761 4772 2326 4844">
    <p class='ocr_par' dir='ltr' id='par_1_92' title="bbox 761 4772 2326 4844">
     <span class='ocr_line' id='line_1_92' title="bbox 761 4772 2326 4844; baseline -0.005 -9"><span class='ocrx_word' id='word_1_576' title='bbox 761 4779 1024 4842; x_wconf 86' lang='lat' dir='ltr'><strong>nisidion,</strong></span> <span class='ocrx_word' id='word_1_577' title='bbox 1071 4777 1385 4831; x_wconf 81' lang='lat' dir='ltr'><strong>videantur.</strong></span> <span class='ocrx_word' id='word_1_578' title='bbox 1415 4774 1568 4830; x_wconf 86' lang='lat' dir='ltr'><strong>Hanc</strong></span> <span class='ocrx_word' id='word_1_579' title='bbox 1621 4775 1935 4844; x_wconf 84' lang='lat' dir='ltr'><strong>opinionem</strong></span> <span class='ocrx_word' id='word_1_580' title='bbox 1969 4778 2034 4827; x_wconf 74' lang='lat' dir='ltr'><strong>tle</strong></span> <span class='ocrx_word' id='word_1_581' title='bbox 2093 4772 2326 4843; x_wconf 79' lang='lat' dir='ltr'><strong>Cyaneis</strong></span> 
     </span>
    </p>
   </div>
   <div class='ocr_carea' id='block_1_93' title="bbox 761 4869 2323 4940">
    <p class='ocr_par' dir='ltr' id='par_1_93' title="bbox 761 4869 2323 4940">
     <span class='ocr_line' id='line_1_93' title="bbox 761 4869 2323 4940; baseline -0.007 -12"><span class='ocrx_word' id='word_1_582' title='bbox 761 4889 937 4928; x_wconf 87' lang='lat' dir='ltr'><strong>meatu</strong></span> <span class='ocrx_word' id='word_1_583' title='bbox 969 4870 1223 4940; x_wconf 72' lang='lat' dir='ltr'><strong>Gregora:</strong></span> <span class='ocrx_word' id='word_1_584' title='bbox 1242 4869 1402 4924; x_wconf 88' lang='lat' dir='ltr'><strong>verba</strong></span> <span class='ocrx_word' id='word_1_585' title='bbox 1428 4870 1562 4935; x_wconf 70' lang='lat' dir='ltr'><strong>hmc,</strong></span> <span class='ocrx_word' id='word_1_586' title='bbox 1600 4884 1631 4923; x_wconf 90' lang='lat' dir='ltr'><strong>e</strong></span> <span class='ocrx_word' id='word_1_587' title='bbox 1660 4869 1798 4921; x_wconf 90' lang='lat' dir='ltr'><strong>libro</strong></span> <span class='ocrx_word' id='word_1_588' title='bbox 1828 4869 2192 4923; x_wconf 84' lang='lat' dir='ltr'><strong>Historiarum</strong></span> <span class='ocrx_word' id='word_1_589' title='bbox 2250 4884 2323 4926; x_wconf 85' lang='lat' dir='ltr'><strong>tv,</strong></span> 
     </span>
    </p>
   </div>
   <div class='ocr_carea' id='block_1_94' title="bbox 760 4962 2328 5031">
    <p class='ocr_par' dir='ltr' id='par_1_94' title="bbox 760 4962 2328 5031">
     <span class='ocr_line' id='line_1_94' title="bbox 760 4962 2328 5031; baseline -0.006 -8"><span class='ocrx_word' id='word_1_590' title='bbox 760 4969 1128 5023; x_wconf 87' lang='lat' dir='ltr'><strong>conﬁrmant:</strong></span> <span class='ocrx_word' id='word_1_591' title='bbox 1158 4982 1175 5016; x_wconf 82' lang='grc' dir='ltr'><strong>ι</strong></span> <span class='ocrx_word' id='word_1_592' title='bbox 1208 4963 1676 5026; x_wconf 88' lang='lat' dir='ltr'><strong>Promontorium,</strong></span> <span class='ocrx_word' id='word_1_593' title='bbox 1712 4964 1909 5031; x_wconf 87' lang='lat' dir='ltr'><strong>inquit,</strong></span> <span class='ocrx_word' id='word_1_594' title='bbox 1939 4962 2122 5029; x_wconf 87' lang='lat' dir='ltr'><strong>templi</strong></span> <span class='ocrx_word' id='word_1_595' title='bbox 2156 4963 2328 5029; x_wconf 82' lang='lat' dir='ltr'><strong>Argo-</strong></span> 
     </span>
    </p>
   </div>
   <div class='ocr_carea' id='block_1_95' title="bbox 759 5034 2327 5124">
    <p class='ocr_par' dir='ltr' id='par_1_95' title="bbox 759 5034 2327 5124">
     <span class='ocr_line' id='line_1_95' title="bbox 759 5034 2327 5124; baseline -0.006 -9"><span class='ocrx_word' id='word_1_596' title='bbox 759 5034 1074 5121; x_wconf 58' lang='lat' dir='ltr'><strong>nautarum,</strong></span> <span class='ocrx_word' id='word_1_597' title='bbox 1096 5057 1238 5123; x_wconf 90' lang='lat' dir='ltr'><strong>quod</strong></span> <span class='ocrx_word' id='word_1_598' title='bbox 1272 5055 1346 5110; x_wconf 90' lang='lat' dir='ltr'><strong>Os</strong></span> <span class='ocrx_word' id='word_1_599' title='bbox 1376 5055 1534 5109; x_wconf 90' lang='lat' dir='ltr'><strong>Ponti</strong></span> <span class='ocrx_word' id='word_1_600' title='bbox 1563 5056 1906 5124; x_wconf 87' lang='lat' dir='ltr'><strong>appellatur:</strong></span> <span class='ocrx_word' id='word_1_601' title='bbox 1943 5055 2033 5107; x_wconf 92' lang='lat' dir='ltr'><strong>ubi</strong></span> <span class='ocrx_word' id='word_1_602' title='bbox 2079 5054 2327 5123; x_wconf 77' lang='lat' dir='ltr'><strong>Cyaneas</strong></span> 
     </span>
    </p>
   </div>
   <div class='ocr_carea' id='block_1_96' title="bbox 760 5146 2329 5215">
    <p class='ocr_par' dir='ltr' id='par_1_96' title="bbox 760 5146 2329 5215">
     <span class='ocr_line' id='line_1_96' title="bbox 760 5146 2329 5215; baseline -0.006 -7"><span class='ocrx_word' id='word_1_603' title='bbox 760 5163 815 5208; x_wconf 87' lang='lat' dir='ltr'><strong>et</strong></span> <span class='ocrx_word' id='word_1_604' title='bbox 854 5153 1103 5206; x_wconf 82' lang='lat' dir='ltr'><strong>Planctas</strong></span> <span class='ocrx_word' id='word_1_605' title='bbox 1129 5163 1254 5206; x_wconf 82' lang='lat' dir='ltr'><strong>esse</strong></span> <span class='ocrx_word' id='word_1_606' title='bbox 1296 5147 1467 5202; x_wconf 66' lang='lat' dir='ltr'><strong>Graeci</strong></span> <span class='ocrx_word' id='word_1_607' title='bbox 1519 5148 1794 5215; x_wconf 88' lang='lat' dir='ltr'><strong>quondam</strong></span> <span class='ocrx_word' id='word_1_608' title='bbox 1832 5148 2125 5200; x_wconf 81' lang='lat' dir='ltr'><strong>dixerunt:</strong></span> <span class='ocrx_word' id='word_1_609' title='bbox 2166 5146 2329 5200; x_wconf 79' lang='lat' dir='ltr'><strong>nillil-</strong></span> 
     </span>
    </p>
   </div>
   <div class='ocr_carea' id='block_1_97' title="bbox 761 5238 2330 5313">
    <p class='ocr_par' dir='ltr' id='par_1_97' title="bbox 761 5238 2330 5313">
     <span class='ocr_line' id='line_1_97' title="bbox 761 5238 2330 5313; baseline -0.006 -13"><span class='ocrx_word' id='word_1_610' title='bbox 761 5262 881 5300; x_wconf 90' lang='lat' dir='ltr'><strong>rutn</strong></span> <span class='ocrx_word' id='word_1_611' title='bbox 913 5246 969 5297; x_wconf 93' lang='lat' dir='ltr'><strong>in</strong></span> <span class='ocrx_word' id='word_1_612' title='bbox 997 5244 1117 5313; x_wconf 87' lang='lat' dir='ltr'><strong>ipso</strong></span> <span class='ocrx_word' id='word_1_613' title='bbox 1153 5241 1305 5295; x_wconf 89' lang='lat' dir='ltr'><strong>Ponti</strong></span> <span class='ocrx_word' id='word_1_614' title='bbox 1338 5243 1499 5295; x_wconf 87' lang='lat' dir='ltr'><strong>ostio.</strong></span> <span class='ocrx_word' id='word_1_615' title='bbox 1520 5238 1645 5293; x_wconf 77' lang='lat' dir='ltr'><strong>Hzec</strong></span> <span class='ocrx_word' id='word_1_616' title='bbox 1666 5239 1848 5294; x_wconf 88' lang='lat' dir='ltr'><strong>omnia</strong></span> <span class='ocrx_word' id='word_1_617' title='bbox 1886 5254 2016 5293; x_wconf 88' lang='lat' dir='ltr'><strong>sane</strong></span> <span class='ocrx_word' id='word_1_618' title='bbox 2042 5239 2330 5309; x_wconf 85' lang='lat' dir='ltr'><strong>diligenter</strong></span> 
     </span>
    </p>
   </div>
   <div class='ocr_carea' id='block_1_98' title="bbox 764 5332 2333 5405">
    <p class='ocr_par' dir='ltr' id='par_1_98' title="bbox 764 5332 2333 5405">
     <span class='ocr_line' id='line_1_98' title="bbox 764 5332 2333 5405; baseline -0.006 -13"><span class='ocrx_word' id='word_1_619' title='bbox 764 5338 1035 5405; x_wconf 79' lang='lat' dir='ltr'><strong>inspicere</strong></span> <span class='ocrx_word' id='word_1_620' title='bbox 1082 5334 1168 5390; x_wconf 83' lang='lat' dir='ltr'><strong>bis</strong></span> <span class='ocrx_word' id='word_1_621' title='bbox 1196 5335 1439 5398; x_wconf 90' lang='lat' dir='ltr'><strong>memini,</strong></span> <span class='ocrx_word' id='word_1_622' title='bbox 1488 5344 1753 5400; x_wconf 68' lang='lat' dir='ltr'><strong>praesente</strong></span> <span class='ocrx_word' id='word_1_623' title='bbox 1791 5332 2126 5400; x_wconf 83' lang='lat' dir='ltr'><strong>Hieronymo</strong></span> <span class='ocrx_word' id='word_1_624' title='bbox 2160 5332 2333 5384; x_wconf 84' lang='lat' dir='ltr'><strong>Areo-</strong></span> 
     </span>
    </p>
   </div>
   <div class='ocr_carea' id='block_1_99' title="bbox 766 5422 2330 5495">
    <p class='ocr_par' dir='ltr' id='par_1_99' title="bbox 766 5422 2330 5495">
     <span class='ocr_line' id='line_1_99' title="bbox 766 5422 2330 5495; baseline -0.004 -12"><span class='ocrx_word' id='word_1_625' title='bbox 766 5439 914 5495; x_wconf 88' lang='lat' dir='ltr'><strong>natn,</strong></span> <span class='ocrx_word' id='word_1_626' title='bbox 943 5427 1243 5495; x_wconf 59' lang='lat' dir='ltr'><strong>praestantis</strong></span> <span class='ocrx_word' id='word_1_627' title='bbox 1276 5425 1479 5494; x_wconf 81' lang='lat' dir='ltr'><strong>ingenii</strong></span> <span class='ocrx_word' id='word_1_628' title='bbox 1507 5426 1658 5480; x_wconf 89' lang='lat' dir='ltr'><strong>viro:</strong></span> <span class='ocrx_word' id='word_1_629' title='bbox 1693 5423 1787 5494; x_wconf 86' lang='lat' dir='ltr'><strong>qui</strong></span> <span class='ocrx_word' id='word_1_630' title='bbox 1825 5437 1938 5476; x_wconf 92' lang='lat' dir='ltr'><strong>rem</strong></span> <span class='ocrx_word' id='word_1_631' title='bbox 1967 5422 2231 5476; x_wconf 89' lang='lat' dir='ltr'><strong>memoria</strong></span> <span class='ocrx_word' id='word_1_632' title='bbox 2249 5423 2330 5476; x_wconf 90' lang='lat' dir='ltr'><strong>di-</strong></span> 
     </span>
    </p>
   </div>
   <div class='ocr_carea' id='block_1_100' title="bbox 765 5516 2329 5592">
    <p class='ocr_par' dir='ltr' id='par_1_100' title="bbox 765 5516 2329 5592">
     <span class='ocr_line' id='line_1_100' title="bbox 765 5516 2329 5592; baseline -0.003 -18"><span class='ocrx_word' id='word_1_633' title='bbox 765 5537 926 5592; x_wconf 83' lang='lat' dir='ltr'><strong>gnam</strong></span> <span class='ocrx_word' id='word_1_634' title='bbox 966 5520 1052 5574; x_wconf 92' lang='lat' dir='ltr'><strong>hic</strong></span> <span class='ocrx_word' id='word_1_635' title='bbox 1085 5518 1216 5573; x_wconf 89' lang='lat' dir='ltr'><strong>mihi</strong></span> <span class='ocrx_word' id='word_1_636' title='bbox 1253 5519 1461 5588; x_wconf 86' lang='lat' dir='ltr'><strong>primus</strong></span> <span class='ocrx_word' id='word_1_637' title='bbox 1492 5519 1839 5588; x_wconf 82' lang='lat' dir='ltr'><strong>suggerebat.</strong></span> <span class='ocrx_word' id='word_1_638' title='bbox 1868 5517 2051 5570; x_wconf 87' lang='lat' dir='ltr'><strong>Altera</strong></span> <span class='ocrx_word' id='word_1_639' title='bbox 2083 5516 2329 5586; x_wconf 86' lang='lat' dir='ltr'><strong>Symple-</strong></span> 
     </span>
    </p>
   </div>
   <div class='ocr_carea' id='block_1_101' title="bbox 765 5608 2333 5681">
    <p class='ocr_par' dir='ltr' id='par_1_101' title="bbox 765 5608 2333 5681">
     <span class='ocr_line' id='line_1_101' title="bbox 765 5608 2333 5681; baseline -0.005 -13"><span class='ocrx_word' id='word_1_640' title='bbox 765 5615 987 5679; x_wconf 71' lang='lat' dir='ltr'><strong>gatlum,</strong></span> <span class='ocrx_word' id='word_1_641' title='bbox 1023 5626 1185 5681; x_wconf 89' lang='lat' dir='ltr'><strong>quam</strong></span> <span class='ocrx_word' id='word_1_642' title='bbox 1223 5610 1540 5679; x_wconf 81' lang='lat' dir='ltr'><strong>simpliciter</strong></span> <span class='ocrx_word' id='word_1_643' title='bbox 1599 5625 1793 5665; x_wconf 80' lang='lat' dir='ltr'><strong>saxum</strong></span> <span class='ocrx_word' id='word_1_644' title='bbox 1845 5608 2189 5679; x_wconf 88' lang='lat' dir='ltr'><strong>Busbequius</strong></span> <span class='ocrx_word' id='word_1_645' title='bbox 2233 5623 2333 5676; x_wconf 60' lang='lat' dir='ltr'><strong>ap.</strong></span> 
     </span>
    </p>
   </div>
   <div class='ocr_carea' id='block_1_102' title="bbox 767 5703 2331 5776">
    <p class='ocr_par' dir='ltr' id='par_1_102' title="bbox 767 5703 2331 5776">
     <span class='ocr_line' id='line_1_102' title="bbox 767 5703 2331 5776; baseline -0.006 -13"><span class='ocrx_word' id='word_1_646' title='bbox 767 5706 1009 5776; x_wconf 83' lang='lat' dir='ltr'><strong>pellavit,</strong></span> <span class='ocrx_word' id='word_1_647' title='bbox 1040 5704 1200 5758; x_wconf 89' lang='lat' dir='ltr'><strong>habet</strong></span> <span class='ocrx_word' id='word_1_648' title='bbox 1228 5704 1539 5757; x_wconf 85' lang='lat' dir='ltr'><strong>columnam</strong></span> <span class='ocrx_word' id='word_1_649' title='bbox 1570 5714 1810 5758; x_wconf 88' lang='lat' dir='ltr'><strong>veterem</strong></span> <span class='ocrx_word' id='word_1_650' title='bbox 1846 5718 1913 5757; x_wconf 88' lang='lat' dir='ltr'><strong>ex</strong></span> <span class='ocrx_word' id='word_1_651' title='bbox 1942 5703 2065 5755; x_wconf 90' lang='lat' dir='ltr'><strong>albo</strong></span> <span class='ocrx_word' id='word_1_652' title='bbox 2092 5716 2331 5756; x_wconf 91' lang='lat' dir='ltr'><strong>marmo-</strong></span> 
     </span>
    </p>
   </div>
   <div class='ocr_carea' id='block_1_103' title="bbox 770 5793 2333 5869">
    <p class='ocr_par' dir='ltr' id='par_1_103' title="bbox 770 5793 2333 5869">
     <span class='ocr_line' id='line_1_103' title="bbox 770 5793 2333 5869; baseline -0.007 -13"><span class='ocrx_word' id='word_1_653' title='bbox 770 5819 847 5865; x_wconf 80' lang='lat' dir='ltr'><strong>re,</strong></span> <span class='ocrx_word' id='word_1_654' title='bbox 888 5815 1050 5869; x_wconf 87' lang='lat' dir='ltr'><strong>quam</strong></span> <span class='ocrx_word' id='word_1_655' title='bbox 1086 5797 1278 5866; x_wconf 87' lang='lat' dir='ltr'><strong>vulgus</strong></span> <span class='ocrx_word' id='word_1_656' title='bbox 1301 5797 1425 5850; x_wconf 89' lang='lat' dir='ltr'><strong>istic</strong></span> <span class='ocrx_word' id='word_1_657' title='bbox 1448 5795 1688 5865; x_wconf 89' lang='lat' dir='ltr'><strong>Pompeii</strong></span> <span class='ocrx_word' id='word_1_658' title='bbox 1731 5795 2038 5850; x_wconf 90' lang='lat' dir='ltr'><strong>columnam</strong></span> <span class='ocrx_word' id='word_1_659' title='bbox 2070 5793 2206 5848; x_wconf 81' lang='lat' dir='ltr'><strong>falso</strong></span> <span class='ocrx_word' id='word_1_660' title='bbox 2240 5808 2333 5845; x_wconf 87' lang='lat' dir='ltr'><strong>v0-</strong></span> 
     </span>
    </p>
   </div>
   <div class='ocr_carea' id='block_1_104' title="bbox 769 5886 2333 5958">
    <p class='ocr_par' dir='ltr' id='par_1_104' title="bbox 769 5886 2333 5958">
     <span class='ocr_line' id='line_1_104' title="bbox 769 5886 2333 5958; baseline -0.006 -11"><span class='ocrx_word' id='word_1_661' title='bbox 769 5906 878 5947; x_wconf 81' lang='lat' dir='ltr'><strong>cat.</strong></span> <span class='ocrx_word' id='word_1_662' title='bbox 924 5892 984 5944; x_wconf 88' lang='lat' dir='ltr'><strong>In</strong></span> <span class='ocrx_word' id='word_1_663' title='bbox 1041 5890 1143 5944; x_wconf 91' lang='lat' dir='ltr'><strong>hac</strong></span> <span class='ocrx_word' id='word_1_664' title='bbox 1172 5897 1371 5957; x_wconf 69' lang='lat' dir='ltr'><strong>praeter</strong></span> <span class='ocrx_word' id='word_1_665' title='bbox 1418 5888 1545 5952; x_wconf 87' lang='lat' dir='ltr'><strong>alia,</strong></span> <span class='ocrx_word' id='word_1_666' title='bbox 1607 5902 1728 5956; x_wconf 68' lang='lat' dir='ltr'><strong>qum</strong></span> <span class='ocrx_word' id='word_1_667' title='bbox 1762 5886 1973 5958; x_wconf 88' lang='lat' dir='ltr'><strong>Gyllius</strong></span> <span class='ocrx_word' id='word_1_668' title='bbox 2041 5887 2333 5957; x_wconf 81' lang='lat' dir='ltr'><strong>diligenter</strong></span> 
     </span>
    </p>
   </div>
   <div class='ocr_carea' id='block_1_105' title="bbox 770 5979 2328 6051">
    <p class='ocr_par' dir='ltr' id='par_1_105' title="bbox 770 5979 2328 6051">
     <span class='ocr_line' id='line_1_105' title="bbox 770 5979 2328 6051; baseline -0.008 -8"><span class='ocrx_word' id='word_1_669' title='bbox 770 5985 1012 6047; x_wconf 67' lang='lat' dir='ltr'><strong>servavit</strong></span> <span class='ocrx_word' id='word_1_670' title='bbox 1074 5991 1129 6037; x_wconf 91' lang='lat' dir='ltr'><strong>ct</strong></span> <span class='ocrx_word' id='word_1_671' title='bbox 1168 5980 1497 6051; x_wconf 78' lang='lat' dir='ltr'><strong>descripsit,</strong></span> <span class='ocrx_word' id='word_1_672' title='bbox 1551 5981 1782 6051; x_wconf 80' lang='lat' dir='ltr'><strong>Augusti</strong></span> <span class='ocrx_word' id='word_1_673' title='bbox 1842 5980 2139 6051; x_wconf 76' lang='lat' dir='ltr'><strong>Sphingem</strong></span> <span class='ocrx_word' id='word_1_674' title='bbox 2198 5979 2328 6033; x_wconf 89' lang='lat' dir='ltr'><strong>mihi</strong></span> 
     </span>
    </p>
   </div>
   <div class='ocr_carea' id='block_1_106' title="bbox 2432 4776 4019 4851">
    <p class='ocr_par' dir='ltr' id='par_1_106' title="bbox 2432 4776 4019 4851">
     <span class='ocr_line' id='line_1_106' title="bbox 2432 4776 4019 4851; baseline 0.003 -21"><span class='ocrx_word' id='word_1_675' title='bbox 2432 4777 2694 4846; x_wconf 72' lang='lat' dir='ltr'><strong>amplum.</strong></span> <span class='ocrx_word' id='word_1_676' title='bbox 2719 4776 2988 4830; x_wconf 87' lang='lat' dir='ltr'><strong>Columna</strong></span> <span class='ocrx_word' id='word_1_677' title='bbox 3012 4780 3330 4847; x_wconf 79' lang='lat' dir='ltr'><strong>serpentino</strong></span> <span class='ocrx_word' id='word_1_678' title='bbox 3366 4796 3513 4835; x_wconf 90' lang='lat' dir='ltr'><strong>nunc</strong></span> <span class='ocrx_word' id='word_1_679' title='bbox 3543 4782 3709 4834; x_wconf 88' lang='lat' dir='ltr'><strong>etiam</strong></span> <span class='ocrx_word' id='word_1_680' title='bbox 3731 4792 4019 4851; x_wconf 80' lang='lat' dir='ltr'><strong>superest.</strong></span> 
     </span>
    </p>
   </div>
   <div class='ocr_carea' id='block_1_107' title="bbox 2429 4866 4025 4941">
    <p class='ocr_par' dir='ltr' id='par_1_107' title="bbox 2429 4866 4025 4941">
     <span class='ocr_line' id='line_1_107' title="bbox 2429 4866 4025 4941; baseline 0.003 -20"><span class='ocrx_word' id='word_1_681' title='bbox 2429 4883 2496 4921; x_wconf 85' lang='lat' dir='ltr'><strong>ex</strong></span> <span class='ocrx_word' id='word_1_682' title='bbox 2534 4882 2641 4922; x_wconf 61' lang='lat' dir='ltr'><strong>aere</strong></span> <span class='ocrx_word' id='word_1_683' title='bbox 2670 4866 2835 4929; x_wconf 79' lang='lat' dir='ltr'><strong>facta,</strong></span> <span class='ocrx_word' id='word_1_684' title='bbox 2877 4869 2956 4921; x_wconf 91' lang='lat' dir='ltr'><strong>sic</strong></span> <span class='ocrx_word' id='word_1_685' title='bbox 2984 4869 3052 4921; x_wconf 90' lang='lat' dir='ltr'><strong>ab</strong></span> <span class='ocrx_word' id='word_1_686' title='bbox 3081 4870 3192 4923; x_wconf 90' lang='lat' dir='ltr'><strong>imo</strong></span> <span class='ocrx_word' id='word_1_687' title='bbox 3219 4871 3525 4925; x_wconf 84' lang='lat' dir='ltr'><strong>cenvolutis</strong></span> <span class='ocrx_word' id='word_1_688' title='bbox 3559 4874 3701 4925; x_wconf 86' lang='lat' dir='ltr'><strong>inter</strong></span> <span class='ocrx_word' id='word_1_689' title='bbox 3742 4887 3808 4926; x_wconf 87' lang='lat' dir='ltr'><strong>se</strong></span> <span class='ocrx_word' id='word_1_690' title='bbox 3847 4874 4025 4941; x_wconf 83' lang='lat' dir='ltr'><strong>spiris</strong></span> 
     </span>
    </p>
   </div>
   <div class='ocr_carea' id='block_1_108' title="bbox 2432 4958 4024 5029">
    <p class='ocr_par' dir='ltr' id='par_1_108' title="bbox 2432 4958 4024 5029">
     <span class='ocr_line' id='line_1_108' title="bbox 2432 4958 4024 5029; baseline 0.003 -19"><span class='ocrx_word' id='word_1_691' title='bbox 2432 4959 2703 5027; x_wconf 70' lang='lat' dir='ltr'><strong>serpentis</strong></span> <span class='ocrx_word' id='word_1_692' title='bbox 2737 4958 2989 5028; x_wconf 87' lang='lat' dir='ltr'><strong>triplicis,</strong></span> <span class='ocrx_word' id='word_1_693' title='bbox 3050 4968 3110 5012; x_wconf 92' lang='lat' dir='ltr'><strong>ut</strong></span> <span class='ocrx_word' id='word_1_694' title='bbox 3158 4959 3211 5012; x_wconf 92' lang='lat' dir='ltr'><strong>iu</strong></span> <span class='ocrx_word' id='word_1_695' title='bbox 3263 4968 3416 5029; x_wconf 86' lang='lat' dir='ltr'><strong>parte</strong></span> <span class='ocrx_word' id='word_1_696' title='bbox 3467 4961 3739 5029; x_wconf 88' lang='lat' dir='ltr'><strong>superiori</strong></span> <span class='ocrx_word' id='word_1_697' title='bbox 3786 4964 4024 5017; x_wconf 83' lang='lat' dir='ltr'><strong>tandem</strong></span> 
     </span>
    </p>
   </div>
   <div class='ocr_carea' id='block_1_109' title="bbox 2432 5051 4031 5122">
    <p class='ocr_par' dir='ltr' id='par_1_109' title="bbox 2432 5051 4031 5122">
     <span class='ocr_line' id='line_1_109' title="bbox 2432 5051 4031 5122; baseline 0.001 -18"><span class='ocrx_word' id='word_1_698' title='bbox 2432 5066 2553 5104; x_wconf 89' lang='lat' dir='ltr'><strong>sese</strong></span> <span class='ocrx_word' id='word_1_699' title='bbox 2595 5060 2701 5104; x_wconf 86' lang='lat' dir='ltr'><strong>tres</strong></span> <span class='ocrx_word' id='word_1_700' title='bbox 2730 5052 2999 5113; x_wconf 87' lang='lat' dir='ltr'><strong>cervices,</strong></span> <span class='ocrx_word' id='word_1_701' title='bbox 3030 5051 3241 5117; x_wconf 90' lang='lat' dir='ltr'><strong>triaque</strong></span> <span class='ocrx_word' id='word_1_702' title='bbox 3290 5055 3601 5122; x_wconf 80' lang='lat' dir='ltr'><strong>serpentina</strong></span> <span class='ocrx_word' id='word_1_703' title='bbox 3632 5054 3839 5121; x_wconf 76' lang='lat' dir='ltr'><strong>capita,</strong></span> <span class='ocrx_word' id='word_1_704' title='bbox 3871 5056 4031 5108; x_wconf 73' lang='lat' dir='ltr'><strong>divi-</strong></span> 
     </span>
    </p>
   </div>
   <div class='ocr_carea' id='block_1_110' title="bbox 2434 5143 4035 5214">
    <p class='ocr_par' dir='ltr' id='par_1_110' title="bbox 2434 5143 4035 5214">
     <span class='ocr_line' id='line_1_110' title="bbox 2434 5143 4035 5214; baseline 0.003 -19"><span class='ocrx_word' id='word_1_705' title='bbox 2434 5144 2567 5195; x_wconf 89' lang='lat' dir='ltr'><strong>dant</strong></span> <span class='ocrx_word' id='word_1_706' title='bbox 2606 5157 2670 5199; x_wconf 87' lang='lat' dir='ltr'><strong>ac</strong></span> <span class='ocrx_word' id='word_1_707' title='bbox 2724 5153 2977 5211; x_wconf 85' lang='lat' dir='ltr'><strong>separent</strong></span> <span class='ocrx_word' id='word_1_708' title='bbox 3010 5143 3063 5196; x_wconf 90' lang='lat' dir='ltr'><strong>in</strong></span> <span class='ocrx_word' id='word_1_709' title='bbox 3120 5143 3349 5197; x_wconf 80' lang='lat' dir='ltr'><strong>fortnam</strong></span> <span class='ocrx_word' id='word_1_710' title='bbox 3410 5146 3769 5213; x_wconf 87' lang='lat' dir='ltr'><strong>triquetram:</strong></span> <span class='ocrx_word' id='word_1_711' title='bbox 3811 5148 4035 5214; x_wconf 85' lang='lat' dir='ltr'><strong>quibus</strong></span> 
     </span>
    </p>
   </div>
   <div class='ocr_carea' id='block_1_111' title="bbox 2435 5237 4039 5307">
    <p class='ocr_par' dir='ltr' id='par_1_111' title="bbox 2435 5237 4039 5307">
     <span class='ocr_line' id='line_1_111' title="bbox 2435 5237 4039 5307; baseline 0.003 -18"><span class='ocrx_word' id='word_1_712' title='bbox 2435 5238 2711 5305; x_wconf 87' lang='lat' dir='ltr'><strong>quondam</strong></span> <span class='ocrx_word' id='word_1_713' title='bbox 2745 5237 3059 5305; x_wconf 79' lang='lat' dir='ltr'><strong>accepimus</strong></span> <span class='ocrx_word' id='word_1_714' title='bbox 3091 5237 3409 5307; x_wconf 87' lang='lat' dir='ltr'><strong>impositum</strong></span> <span class='ocrx_word' id='word_1_715' title='bbox 3442 5239 3511 5292; x_wconf 90' lang='lat' dir='ltr'><strong>ab</strong></span> <span class='ocrx_word' id='word_1_716' title='bbox 3546 5239 3696 5292; x_wconf 83' lang='lat' dir='ltr'><strong>urbis</strong></span> <span class='ocrx_word' id='word_1_717' title='bbox 3718 5242 4039 5295; x_wconf 78' lang='lat' dir='ltr'><strong>conditore</strong></span> 
     </span>
    </p>
   </div>
   <div class='ocr_carea' id='block_1_112' title="bbox 2439 5329 4041 5400">
    <p class='ocr_par' dir='ltr' id='par_1_112' title="bbox 2439 5329 4041 5400">
     <span class='ocr_line' id='line_1_112' title="bbox 2439 5329 4041 5400; baseline 0.004 -17"><span class='ocrx_word' id='word_1_718' title='bbox 2439 5329 2803 5384; x_wconf 89' lang='lat' dir='ltr'><strong>Constantino</strong></span> <span class='ocrx_word' id='word_1_719' title='bbox 2848 5329 3043 5398; x_wconf 80' lang='lat' dir='ltr'><strong>Magno</strong></span> <span class='ocrx_word' id='word_1_720' title='bbox 3080 5330 3247 5384; x_wconf 78' lang='lat' dir='ltr'><strong>fuisse</strong></span> <span class='ocrx_word' id='word_1_721' title='bbox 3280 5331 3581 5399; x_wconf 88' lang='lat' dir='ltr'><strong>plurimum</strong></span> <span class='ocrx_word' id='word_1_722' title='bbox 3620 5332 3854 5400; x_wconf 86' lang='lat' dir='ltr'><strong>scriptis</strong></span> <span class='ocrx_word' id='word_1_723' title='bbox 3876 5336 4041 5388; x_wconf 68' lang='lat' dir='ltr'><strong>cele—</strong></span> 
     </span>
    </p>
   </div>
   <div class='ocr_carea' id='block_1_113' title="bbox 2441 5422 4037 5493">
    <p class='ocr_par' dir='ltr' id='par_1_113' title="bbox 2441 5422 4037 5493">
     <span class='ocr_line' id='line_1_113' title="bbox 2441 5422 4037 5493; baseline 0.003 -17"><span class='ocrx_word' id='word_1_724' title='bbox 2441 5423 2655 5476; x_wconf 90' lang='lat' dir='ltr'><strong>bratum</strong></span> <span class='ocrx_word' id='word_1_725' title='bbox 2698 5423 2849 5476; x_wconf 91' lang='lat' dir='ltr'><strong>illum</strong></span> <span class='ocrx_word' id='word_1_726' title='bbox 2882 5423 3149 5489; x_wconf 89' lang='lat' dir='ltr'><strong>tripodem</strong></span> <span class='ocrx_word' id='word_1_727' title='bbox 3176 5422 3444 5492; x_wconf 85' lang='lat' dir='ltr'><strong>Apollinis</strong></span> <span class='ocrx_word' id='word_1_728' title='bbox 3466 5423 3823 5492; x_wconf 84' lang='lat' dir='ltr'><strong>Delphicum.</strong></span> <span class='ocrx_word' id='word_1_729' title='bbox 3862 5426 4037 5493; x_wconf 69' lang='lat' dir='ltr'><strong>Quod</strong></span> 
     </span>
    </p>
   </div>
   <div class='ocr_carea' id='block_1_114' title="bbox 2439 5513 4047 5582">
    <p class='ocr_par' dir='ltr' id='par_1_114' title="bbox 2439 5513 4047 5582">
     <span class='ocr_line' id='line_1_114' title="bbox 2439 5513 4047 5582; baseline 0.004 -14"><span class='ocrx_word' id='word_1_730' title='bbox 2439 5516 2535 5576; x_wconf 89' lang='lat' dir='ltr'><strong>ait,</strong></span> <span class='ocrx_word' id='word_1_731' title='bbox 2571 5513 2823 5567; x_wconf 71' lang='lat' dir='ltr'><strong>t-ll‘ectum</strong></span> <span class='ocrx_word' id='word_1_732' title='bbox 2845 5513 3014 5568; x_wconf 80' lang='lat' dir='ltr'><strong>fuisse</strong></span> <span class='ocrx_word' id='word_1_733' title='bbox 3045 5529 3144 5582; x_wconf 90' lang='lat' dir='ltr'><strong>per</strong></span> <span class='ocrx_word' id='word_1_734' title='bbox 3173 5515 3277 5568; x_wconf 84' lang='lat' dir='ltr'><strong>hoc</strong></span> <span class='ocrx_word' id='word_1_735' title='bbox 3304 5514 3680 5580; x_wconf 85' lang='lat' dir='ltr'><strong>simulacrum,</strong></span> <span class='ocrx_word' id='word_1_736' title='bbox 3709 5527 3777 5569; x_wconf 84' lang='lat' dir='ltr'><strong>ut</strong></span> <span class='ocrx_word' id='word_1_737' title='bbox 3799 5535 3871 5574; x_wconf 76' lang='lat' dir='ltr'><strong>eo</strong></span> <span class='ocrx_word' id='word_1_738' title='bbox 3925 5524 4047 5575; x_wconf 69' lang='lat' dir='ltr'><strong>dn—</strong></span> 
     </span>
    </p>
   </div>
   <div class='ocr_carea' id='block_1_115' title="bbox 2444 5606 4051 5676">
    <p class='ocr_par' dir='ltr' id='par_1_115' title="bbox 2444 5606 4051 5676">
     <span class='ocr_line' id='line_1_115' title="bbox 2444 5606 4051 5676; baseline 0.006 -18"><span class='ocrx_word' id='word_1_739' title='bbox 2444 5616 2595 5666; x_wconf 82' lang='lat' dir='ltr'><strong>rantc</strong></span> <span class='ocrx_word' id='word_1_740' title='bbox 2617 5606 2796 5659; x_wconf 90' lang='lat' dir='ltr'><strong>nullus</strong></span> <span class='ocrx_word' id='word_1_741' title='bbox 2817 5617 2959 5660; x_wconf 89' lang='lat' dir='ltr'><strong>esset</strong></span> <span class='ocrx_word' id='word_1_742' title='bbox 3010 5606 3064 5659; x_wconf 91' lang='lat' dir='ltr'><strong>in</strong></span> <span class='ocrx_word' id='word_1_743' title='bbox 3097 5606 3231 5661; x_wconf 88' lang='lat' dir='ltr'><strong>urbe</strong></span> <span class='ocrx_word' id='word_1_744' title='bbox 3252 5621 3514 5676; x_wconf 81' lang='lat' dir='ltr'><strong>serpens:</strong></span> <span class='ocrx_word' id='word_1_745' title='bbox 3564 5622 3627 5661; x_wconf 83' lang='lat' dir='ltr'><strong>ex</strong></span> <span class='ocrx_word' id='word_1_746' title='bbox 3659 5612 4051 5676; x_wconf 73' lang='lat' dir='ltr'><strong>opinionibus</strong></span> 
     </span>
    </p>
   </div>
   <div class='ocr_carea' id='block_1_116' title="bbox 2442 5696 4055 5768">
    <p class='ocr_par' dir='ltr' id='par_1_116' title="bbox 2442 5696 4055 5768">
     <span class='ocr_line' id='line_1_116' title="bbox 2442 5696 4055 5768; baseline 0.005 -18"><span class='ocrx_word' id='word_1_747' title='bbox 2442 5697 2755 5751; x_wconf 67' lang='grc' dir='ltr'><strong>Οιπτεεοιιιιιι</strong></span> <span class='ocrx_word' id='word_1_748' title='bbox 2784 5696 3108 5750; x_wconf 85' lang='lat' dir='ltr'><strong>Mucbemeti</strong></span> <span class='ocrx_word' id='word_1_749' title='bbox 3144 5698 3373 5751; x_wconf 90' lang='lat' dir='ltr'><strong>relatum</strong></span> <span class='ocrx_word' id='word_1_750' title='bbox 3421 5698 3562 5753; x_wconf 81' lang='lat' dir='ltr'><strong>fuit:</strong></span> <span class='ocrx_word' id='word_1_751' title='bbox 3601 5714 3848 5768; x_wconf 87' lang='lat' dir='ltr'><strong>quorum</strong></span> <span class='ocrx_word' id='word_1_752' title='bbox 3874 5704 3929 5758; x_wconf 93' lang='lat' dir='ltr'><strong>in</strong></span> <span class='ocrx_word' id='word_1_753' title='bbox 3959 5704 4055 5757; x_wconf 69' lang='lat' dir='ltr'><strong>li-</strong></span> 
     </span>
    </p>
   </div>
   <div class='ocr_carea' id='block_1_117' title="bbox 2437 5789 4045 5861">
    <p class='ocr_par' dir='ltr' id='par_1_117' title="bbox 2437 5789 4045 5861">
     <span class='ocr_line' id='line_1_117' title="bbox 2437 5789 4045 5861; baseline 0.004 -18"><span class='ocrx_word' id='word_1_754' title='bbox 2437 5789 2534 5843; x_wconf 88' lang='lat' dir='ltr'><strong>bro</strong></span> <span class='ocrx_word' id='word_1_755' title='bbox 2566 5792 2937 5856; x_wconf 88' lang='lat' dir='ltr'><strong>manuscripto</strong></span> <span class='ocrx_word' id='word_1_756' title='bbox 2956 5791 3024 5844; x_wconf 85' lang='lat' dir='ltr'><strong>de</strong></span> <span class='ocrx_word' id='word_1_757' title='bbox 3057 5790 3207 5844; x_wconf 89' lang='lat' dir='ltr'><strong>urbis</strong></span> <span class='ocrx_word' id='word_1_758' title='bbox 3228 5791 3494 5855; x_wconf 69' lang='lat' dir='ltr'><strong>aediliciis,</strong></span> <span class='ocrx_word' id='word_1_759' title='bbox 3519 5808 3680 5861; x_wconf 87' lang='lat' dir='ltr'><strong>quem</strong></span> <span class='ocrx_word' id='word_1_760' title='bbox 3723 5794 4045 5861; x_wconf 64' lang='lat' dir='ltr'><strong>habemus,</strong></span> 
     </span>
    </p>
   </div>
   <div class='ocr_carea' id='block_1_118' title="bbox 2442 5883 4052 5956">
    <p class='ocr_par' dir='ltr' id='par_1_118' title="bbox 2442 5883 4052 5956">
     <span class='ocr_line' id='line_1_118' title="bbox 2442 5883 4052 5956; baseline -0.001 -19"><span class='ocrx_word' id='word_1_761' title='bbox 2442 5883 2747 5939; x_wconf 88' lang='lat' dir='ltr'><strong>Stichioses</strong></span> <span class='ocrx_word' id='word_1_762' title='bbox 2796 5884 3063 5951; x_wconf 84' lang='lat' dir='ltr'><strong>ejusmodi</strong></span> <span class='ocrx_word' id='word_1_763' title='bbox 3116 5886 3220 5951; x_wconf 92' lang='lat' dir='ltr'><strong>(sic</strong></span> <span class='ocrx_word' id='word_1_764' title='bbox 3273 5887 3418 5939; x_wconf 91' lang='lat' dir='ltr'><strong>enim</strong></span> <span class='ocrx_word' id='word_1_765' title='bbox 3462 5887 3761 5956; x_wconf 81' lang='lat' dir='ltr'><strong>appellant)</strong></span> <span class='ocrx_word' id='word_1_766' title='bbox 3816 5903 4052 5946; x_wconf 63' lang='grc' dir='ltr'><strong>ειδιιιε-</strong></span> 
     </span>
    </p>
   </div>
   <div class='ocr_carea' id='block_1_119' title="bbox 2444 5977 4047 6049">
    <p class='ocr_par' dir='ltr' id='par_1_119' title="bbox 2444 5977 4047 6049">
     <span class='ocr_line' id='line_1_119' title="bbox 2444 5977 4047 6049; baseline 0.005 -20"><span class='ocrx_word' id='word_1_767' title='bbox 2444 5993 2562 6030; x_wconf 86' lang='lat' dir='ltr'><strong>rum</strong></span> <span class='ocrx_word' id='word_1_768' title='bbox 2597 5977 2759 6030; x_wconf 79' lang='lat' dir='ltr'><strong>varia:</strong></span> <span class='ocrx_word' id='word_1_769' title='bbox 2788 5977 3065 6047; x_wconf 88' lang='lat' dir='ltr'><strong>leguntur,</strong></span> <span class='ocrx_word' id='word_1_770' title='bbox 3091 5986 3146 6031; x_wconf 87' lang='lat' dir='ltr'><strong>et</strong></span> <span class='ocrx_word' id='word_1_771' title='bbox 3174 5977 3391 6047; x_wconf 85' lang='lat' dir='ltr'><strong>quidem</strong></span> <span class='ocrx_word' id='word_1_772' title='bbox 3432 5981 3501 6035; x_wconf 90' lang='lat' dir='ltr'><strong>ab</strong></span> <span class='ocrx_word' id='word_1_773' title='bbox 3547 5982 3849 6047; x_wconf 81' lang='lat' dir='ltr'><strong>Apollonio</strong></span> <span class='ocrx_word' id='word_1_774' title='bbox 3876 5981 4047 6049; x_wconf 69' lang='lat' dir='ltr'><strong>Tya—</strong></span> 
     </span>
    </p>
   </div>
  </div>
