4198 6426
203 421 298 482 821
445 424 447 426 ’
1345 403 1746 464 I’ANDEC’I‘E
1791 399 1988 462 lliST.
2027 398 2325 456 TUi’iClC.
3310 380 3414 441 829

204 553 303 588 neo
334 534 605 601 prol‘eetzc,
637 531 679 581 si
713 527 930 596 quidem
972 541 1098 578 vera
1126 533 1370 576 narrant.
1409 522 1565 574 Certe
1598 516 1743 584 quod
1778 516 1822 569 Α
1853 513 2001 575 niad,
2039 526 2220 564 comes
2259 505 2627 578 Bistriceusis,
2665 521 2714 556 xi
2748 504 2833 556 die
2873 499 3117 569 Augusti.
3157 497 3288 548 Euro
3323 496 3417 545 (ιε-

201 589 380 681 statim
402 624 644 691 sequitur
664 621 731 675 de
760 628 938 675 statua
957 618 1192 686 equestri
1215 616 1420 668 ahenea
1447 614 1747 672 destructa,
1856 604 2088 672 ploravit
2120 602 2210 654 Fr.
2248 600 2484 654 Joannes
2506 598 2572 651 dc
2597 597 2938 664 Capistrano,
2979 589 3242 643 Iluniadis
3267 603 3416 637 com-

201 733 305 776 uua
338 717 472 786 pesti
495 715 792 784 praeclusus
822 712 988 767 fuerit
1011 711 1064 764 iu
1089 711 1276 763 urbem
1313 706 1528 762 aditus:
1558 718 1748 771 super-
1857 696 2061 748 mil-10:
2092 714 2106 743 ι
2141 695 2320 756 Salve.
2346 692 2564 745 aureola
2590 690 2732 752 008“.
2757 702 2876 755 αυτε
2897 683 3163 745 οεείιιῖεῑῖ,
3187 695 3416 735 οοτοιιηο

201 811 424 864 stitiosis
457 808 625 863 videri
651 815 836 876 posset
887 805 1122 873 aliquam
1153 800 1348 865 mereri
1396 800 1576 862 tidem,
1631 813 1749 851 cum
1857 787 2022 854 Regni
2077 788 2339 842 exstincta
2382 801 2442 839 es
2476 785 2718 838 lucerna.
2778 778 2936 833 Orbis
2980 784 3297 843 corruptum
3354 787 3412 825 es

201 904 424 970 singulis
447 902 605 956 annis
622 917 686 954 ea
713 915 858 954 nunc
891 897 1034 954 {cede
1074 896 1356 950 mensibus
1385 892 1588 947 mstivis
1620 890 1750 944 cali-
1856 879 2158 945 Spt‘CUlum.
2181 879 2364 946 inquo
2389 891 2485 930 ηοε
2513 874 2716 928 (“illius
2741 871 3011 938 inspicere
3041 865 3413 935 sperabamus.

200 995 442 1049 dim-Ibus
463 1001 760 1062 grasseluf.
796 990 913 1056 qua
946 1005 1046 1043 nos
1075 989 1218 1043 ismc
1273 994 1447 1040 astate
1481 983 1750 1044 venimus,
1856 972 2047 1024 (213111.
2079 970 2230 1024 Nune
2269 981 2322 1023 111
2364 969 2580 1023 devicto
2624 964 2848 1020 inimico
2888 961 3197 1026 triumphas
3233 970 3414 1010 coram

202 1089 572 1155 absumpsisse
603 1087 924 1139 credebatur
955 1085 1099 1138 inter
1130 1091 1365 1150 quatuor
1399 1082 1615 1131 menses’
1650 1073 1747 1126 ho-
1858 1063 2324 1132 Donctangelism
2346 1061 2482 1114 bone
2508 1059 2795 1113 Ιοθῐιῐιθδοι
2823 1054 2966 1108 sane
2987 1067 3148 1121 quam
3182 1051 3414 1112 Γυνιίῑθτ,

203 1149 411 1232 minum-
434 1181 499 1234 ad
566 1170 798 1235 450000_
835 1173 944 1232 Nec
987 1149 1417 1244 ειηηοίεείιυειηί
1469 1170 1754 1240 pauciores
1857 1167 1907 1208 ct
1946 1155 2234 1206 bomorlali
2267 1167 2388 1205 cum
2421 1151 2580 1204 laude
2610 1164 2731 1213 sua,
2781 1149 2832 1200 bi
2879 1149 2985 1199 duo
3017 1161 3074 1200 se
3110 1153 3416 1213 gesserunt,

202 1271 547 1325 interici-um,
1004 1303 1009 1308 .
1249 1234 1264 1244 ’
1471 1234 1484 1240 ”
1862 1249 1960 1299 hoc
1999 1245 2399 1314 propugnaculo
2431 1243 2864 1296 Christianorum
2916 1237 3274 1296 defendendo,
3309 1234 3420 1286 llu-

1862 1338 2047 1391 uiazlcs
2075 1345 2128 1390 et
2157 1335 2537 1404 Capistranus,
2568 1333 2873 1385 monachus
2905 1327 3117 1381 ordinis
3152 1325 3424 1378 Przrdiea-

1860 1442 2061 1484 torum.
2093 1429 2273 1482 clarus
2314 1429 2367 1480 in
2401 1425 2652 1479 historiis
2686 1422 2954 1475 Volonum
2987 1435 3150 1472 Cruce
3180 1419 3419 1484 signato-

1863 1538 1980 1573 rum
2026 1522 2158 1581 dux,
2223 1520 2312 1586 qui
2369 1527 2646 1571 mortuum
2683 1514 2987 1569 Huniadem
3051 1525 3254 1580 paucos
3284 1508 3420 1559 intra

217 1599 576 1698 ῖώἶθηϋῗῗθω
629 1599 838 1698 befumf
895 1599 1009 1696 si“?
1071 1599 1358 1698 Gneorgi‘m‘
1405 1599 1755 1644 “summm
1862 1614 1979 1667 dies
2004 1622 2223 1667 secutus
2252 1609 2762 1666 fuit.Muchemetes
2793 1608 2844 1658 in
2877 1602 3279 1672 oppugnatione
3339 1599 3424 1650 die

203 1686 416 1755 Siurig“
443 1685 624 1750 “"3”
677 1685 904 1738 Tum”
952 1683 1222 1751 Signina“
1281 1698 1459 1736 arcem
1521 1695 1756 1736 acuum“
1861 1707 1920 1759 2|
1955 1704 2106 1766 Julii,
2131 1705 2286 1772 cujus
2314 1700 2654 1756 Ebendorius
2690 1698 2962 1759 meminit,
2993 1695 3174 1748 lethali
3201 1700 3426 1759 accepto

199 1778 371 1832 Grmci
432 1780 673 1833 dicerent
725 1779 1091 1850 Oxypyrgion.
1147 1778 1417 1830 Laonicus
1475 1775 1756 1845 Sphetiam

1865 1798 2107 1857 vulnere,
2141 1794 2224 1847 vix
2281 1793 2568 1848 incolumis
2598 1790 2789 1845 evasit.
2849 1786 3074 1842 Obsidio
3113 1786 3289 1838 soluta
3326 1784 3424 1835 fuit

205 1882 359 1926 vorat
404 1874 722 1942 appellatam
752 1889 780 1927 a
824 1873 1063 1926 Barletio
1097 1871 1539 1942 Sphetigradum,
1572 1870 1753 1938 lingua
1791 1876 1832 1930 Β
1861 1913 1863 1931 .

1791 1876 1832 1930 Β
1861 1888 1947 1941 die
1998 1888 2030 1938 (ἰ
2067 1886 2511 1953 Augusti,~quem
2548 1881 2792 1936 Calixtus
2826 1877 2890 1932 Ill
2931 1876 3169 1945 pontifex
3235 1875 3422 1928 haberi

406 1387 524 1440 151.
562 1385 771 1452 Siurige
822 1383 1247 1452 Splietigradnm,
1282 1380 1518 1448 Sphetia.

274 1503 432 1555 Duxit
465 1503 516 1553 iu
549 1502 824 1555 Albaniam
878 1501 1062 1568 copias
1090 1499 1454 1552 Muchemetes
1491 1500 1755 1549 adversus

201 1594 576 1648 lsi-benderem
629 1596 838 1661 begun),
895 1595 1009 1647 sive
1071 1591 1358 1662 Georgium
1405 1589 1755 1644 Castriotem.

201 1967 512 2032 Slavouica,
548 1982 708 2035 quam
742 1966 883 2020 idem
916 1981 944 2020 a
971 1965 1130 2036 Croja
1162 1964 1368 2018 distare
1411 1963 1478 2018 58
1514 1963 1760 2016 milliari-

201 2059 305 2111 lms
339 2059 436 2111 ait.

201 2178 328 2231 152.
368 2178 531 2242 Nare,
580 2177 751 2240 Nova,
784 2174 1086 2245 Nuvograd.
1141 2171 1321 2226 Novus
1356 2170 1766 2232 mom.Rascia:,

767 2246 1145 2316 Neopyrgium.

271 2361 424 2416 Nave
453 2359 662 2415 Croatis
685 2372 734 2415 et
769 2360 1293 2422 Serviauisdieitur,
1327 2369 1453 2426 qua:
1479 2358 1566 2411 hic
1613 2357 1762 2412 Nova

200 2457 539 2520 nominatur,
600 2457 856 2523 oppidum
913 2454 1113 2507 Servia:
1159 2455 1316 2520 cujus
1367 2462 1496 2504 tunc
1539 2452 1764 2516 deSpota

197 2548 470 2618 Georgius
499 2549 675 2602 adhuc
709 2559 988 2616 superstes
1017 2557 1161 2600 erat:
1196 2547 1288 2599 sed
1313 2561 1421 2598 non
1450 2547 1619 2597 multo
1644 2555 1764 2611 post

196 2645 462 2707 moritur,
487 2643 769 2711 impetrata
802 2657 932 2709 pace
961 2656 989 2693 a
1012 2641 1227 2695 sultano
1252 2639 1610 2696 Mucbemete.
1632 2637 1767 2691 lilio-

195 2751 311 2805 que
350 2736 572 2788 minimo
589 2745 716 2788 natu
737 2733 963 2796 Lazaro,
989 2747 1306 2788 successore
1329 2742 1451 2800 post
1468 2748 1524 2784 se
1554 2730 1765 2783 relicto.

197 2827 530 2883 Notavimus
582 2840 745 2892 supra
811 2839 933 2892 cap.
1004 2823 1126 2886 till,
1199 2821 1574 2890 Novogradum
1625 2834 1769 2873 nunc

194 2925 370 2993 vulgo
399 2922 524 2986 dici,
559 2921 702 2990 quod
747 2935 926 2972 arcem
981 2933 1173 2995 novam
1205 2915 1493 2984 signiticet,
1529 2931 1634 2968 non
1665 2929 1767 2968 no-

194 3033 336 3071 vum
365 3025 623 3074 montem.
655 3021 714 3066 ut
746 3014 1027 3065 Bonﬁnius
1057 3012 1470 3079 interpretatur,
1511 3009 1636 3060 dum
1671 3024 1767 3086 no_-

194 3125 336 3174 xum
380 3117 614 3160 montem
650 3106 857 3159 Rascia:
901 3113 1080 3158 vocat.
1135 3103 1289 3171 Apud
1337 3102 1630 3156 Laonicum
1663 3099 1768 3154 No-

195 3214 506 3272 vdpyrgum
529 3199 780 3268 legimus,
799 3213 898 3266 pro
912 3209 1021 3265 quo
1049 3194 1389 3264 Neopyrguin
1413 3208 1766 3261 reponemus,

195 3309 407 3349 nomen
441 3293 493 3347 id
521 3292 722 3347 Graecis
739 3307 966 3355 sonans,
991 3292 1136 3360 quod
1162 3289 1397 3343 Venedis
1456 3287 1769 3357 Novograd.

192 3389 413 3446 Ibidem
441 3387 665 3457 margini
688 3387 981 3452 ascriptum
1007 3383 1385 3438 Novobardum
1441 3383 1775 3437 mutabimus

191 3486 251 3536 in
310 3479 719 3548 Novogradum,
764 3478 848 3532 vel
886 3477 1067 3547 potius
1111 3475 1515 3544 Novogradum.
1571 3475 1658 3528 Ait
1690 3475 1775 3528 hic

194 3576 481 3634 Laouicus
536 3588 789 3640 magnum
817 3584 936 3627 esse
987 3571 1182 3624 metalli
1217 3579 1560 3634 proventum,
1615 3577 1668 3622 et
1699 3569 1775 3621 al-

191 3672 452 3720 Iucntem
505 3666 762 3736 Oppidum
803 3664 1099 3726 Moravam,
1141 3663 1281 3715 Istro
1336 3661 1575 3717 misceri.
1637 3660 1774 3715 San-

115 3747 118 3750 Α
189 3762 349 3827 ᾳίςιεί
381 3774 529 3813 nunc
558 3761 713 3812 sedes
743 3766 846 3823 est,
870 3757 1038 3810 Budte.
1060 3749 1383 3824 begle'rbego
1411 3753 1637 3808 subditi.

261 3899 399 3954 155.
441 3895 690 3966 Belgradi
720 3894 795 3949 vel
825 3894 970 3948 Alba:
1003 3891 1194 3947 Gram:
1228 3893 1455 3947 secunda
1482 3891 1703 3945 obsidio.

277 4016 363 4066 De
395 4012 658 4080 Belgi-allo
683 4019 736 4063 et
785 4009 1012 4063 Muratis
1044 4007 1325 4060 obsidione
1378 4004 1583 4058 dictum
1619 4010 1775 4066 antea

184 4121 449 4165 numero
477 4104 605 4158 100;
633 4104 783 4156 Nnnc
806 4097 1002 4156 iterum
1023 4103 1245 4154 obsessa
1283 4099 1383 4151 fuit
1417 4114 1444 4150 a
1470 4097 1776 4149 Mucheme-

187 4215 245 4258 te
300 4199 540 4255 Muralis
572 4197 704 4258 lilio,
749 4196 840 4264 qui
869 4210 988 4248 eam
1024 4194 1297 4256 repetebat
1336 4192 1402 4243 ab
1433 4188 1690 4256 Ungaris,
1723 4196 1782 4241 ut

186 4297 524 4350 membrum
543 4290 744 4348 Set-viae
775 4303 917 4342 nunc
933 4289 1015 4341 sui
1041 4289 1175 4347 iuris
1196 4285 1421 4338 eﬂ‘ectaa.
1449 4283 1515 4334 de
1537 4296 1782 4350 quopro-

1868 1982 2066 2034 festum
2090 1995 2152 2032 ex
2181 1994 2245 2032 eo
2304 1987 2550 2046 tempore
2576 1975 2747 2030 voluit
2785 1974 2888 2028 sub
2925 1973 3142 2026 nomine
3186 1972 3426 2024 Transti-

1869 2072 2172 2142 gurationis
2223 2069 2426 2124 Christi
2472 2088 2484 2122 :
2523 2068 2668 2132 quod
2717 2075 2895 2120 tamen
2944 2065 3141 2119 festum
3200 2063 3291 2116 illo
3345 2063 3430 2116 die

1869 2167 2052 2220 Inultis
2081 2173 2204 2219 ante
2230 2165 2445 2219 saeculis
2501 2162 2674 2217 Grmci
2702 2160 2980 2216 celebrare
3007 2167 3428 2220 consueverant,

1867 2259 2202 2328 appellantes
2273 2258 2325 2311 id
2394 2270 2606 2309 sacram
2668 2263 2911 2310 sanctam
2972 2251 3428 2318 metamorphosio

1871 2351 2083 2404 Domini
2106 2361 2160 2406 et
2193 2350 2307 2413 Dei,
2341 2347 2758 2417 Servatorisque
2807 2346 3003 2408 nostri,
3044 2343 3170 2398 Jesu
3204 2342 3427 2397 Christi.

1867 2467 1989 2520 151.
2023 2466 2119 2517 Dai
2140 2464 2365 2519 Caratze
2387 2464 2574 2527 Bassa,
2603 2461 2878 2526 Bonﬁnius
2909 2469 2955 2512 et
2988 2456 3433 2526 Chalcocondylca

2514 2533 2800 2586 emendati.

1941 2627 2035 2681 llic
2063 2628 2230 2684 Bassa
2258 2624 2747 2680 BouﬁnioCaracia
2787 2637 3030 2683 vocatur,
3094 2621 3433 2675 Chalcncmiv

1869 2720 2295 2789 dyliCaratzies.
2333 2721 2561 2786 Europa:
2598 2732 2662 2769 ne
2692 2717 2980 2785 beglerbus
3001 2715 3184 2774 fuerit,
3210 2713 3435 2765 anAnav

1871 2812 2032 2874 tuli-1‘.
2068 2827 2173 2864 non
2198 2811 2516 2878 exprimitur
2541 2811 2591 2861 in
2618 2810 2938 2862 Annalibus.
2968 2807 3232 2860 Laonicus
3259 2815 3435 2858 tamen

1870 2905 2069 2957 diserte
2101 2907 2292 2957 ducem
2332 2901 2561 2968 Europae
2593 2901 2861 2963 nominat,
2919 2917 2981 2953 ex
3018 2913 3127 2967 quo
3157 2899 3436 2964 corrigen-

1871 2995 1972 3048 dus
2001 2995 2301 3055 Bonlinius,
2335 2994 2425 3060 qui
2450 2994 2589 3046 Asiae
2610 2994 2799 3045 ducem
2830 2990 2957 3043 fecit
2991 3008 3004 3054 ;
3032 3004 3214 3042 errore
3250 2988 3436 3041 consi-

1872 3091 1984 3142 mili
2019 3105 2140 3145 cum
2170 3105 2257 3151 eo,
2289 3105 2448 3156 quem
2489 3104 2650 3155 supra
2677 3101 2903 3139 numero
2965 3084 3062 3138 106
3094 3085 3160 3136 de
3189 3085 3438 3135 Cbasano

1875 3183 2032 3236 bassa
2059 3184 2382 3236 notavimus.
2426 3180 2598 3233 Verba
2624 3178 2840 3231 Laonici
2877 3180 2987 3230 haec
3019 3187 3176 3230 sunt:
3211 3175 3437 3241 Europae

1877 3277 1981 3328 dux
2003 3275 2298 3338 Caratzies,
2330 3274 2420 3341 qui
2445 3272 2608 3340 gloria
2629 3283 2679 3326 et
2704 3273 2898 3325 virtute
2926 3269 3222 3324 excellebat
3249 3284 3439 3320 omnes

1877 3371 1964 3438 qui
2002 3370 2162 3438 regiis
2188 3369 2236 3422 in
2273 3369 2455 3438 januis
2491 3368 2818 3429 militabant,
2852 3366 2918 3418 ab
2962 3363 3249 3432 Oppidanis
3280 3363 3438 3414 bom-

1877 3464 2057 3516 δατ-«ιω
2095 3462 2249 3529 globo
2276 3463 2415 3515 ictus
2449 3463 2723 3515 occubuit.
2751 3459 2883 3512 lium
2907 3474 3000 3511 rex
3030 3457 3438 3526 (iluchemctrs)

1879 3555 2104 3608 multum
2131 3555 2365 3623 lugebat.
2401 3554 2493 3606 llis
2521 3553 2701 3605 verbis
2731 3551 2892 3604 etiam
2934 3549 3124 3602 mortis
3157 3563 3326 3616 genus
3362 3547 3442 3598 in-

1877 3650 2110 3713 dicatur,
2134 3663 2243 3717 quo
2273 3649 2450 3715 periit.
2486 3647 2540 3700 In
2575 3645 2858 3699 obsidione
2895 3660 3020 3695 vero
3055 3641 3444 3694 Constantino.

1881 3741 2119 3810 politana
2142 3749 2394 3808 corrupte
2441 3754 2636 3791 nomen
2710 3736 2869 3802 huius
2920 3735 3190 3787 Saratzies
3226 3733 3442 3799 legitur,

1879 3845 1978 3897 pro
2004 3846 2112 3898 quo
2141 3830 2509 3897 reponendum
2571 3827 2872 3880 Caratzics.
2913 3825 3044 3878 lluic
3081 3819 3241 3877 cti'hm
3281 3824 3443 3890 perti—

1881 3932 1971 3974 net
2004 3922 2092 3974 ille
2155 3921 2376 3974 Laonici
2406 3921 2556 3973 locus
2611 3918 2676 3970 de
2709 3920 3107 3987 oppugnatione
3169 3916 3434 3985 Belgi-adi,

1880 4020 2166 4079 exeerptus
2187 4021 2238 4064 et
2265 4011 2579 4063 emendatus
2611 4025 2794 4076 supra,
2826 4025 2940 4074 cap.
2981 4009 3068 4067 7'3,

2240 4103 2361 4156 155.
2397 4103 2504 4155 Rea:
2540 4102 2754 4154 Bozinw
2805 4100 3116 4169 Stephanus.

1955 4194 2026 4247 De
2077 4192 2394 4248 Semendria
2455 4191 2695 4245 diximus
2744 4207 2863 4258 cap.
2916 4192 3004 4251 9‘),
3052 4190 3444 4244 Boziuacorum

1882 4289 2034 4354 origo
2067 4287 2342 4340 declarata
2373 4285 2573 4350 legitur
2602 4284 2781 4352 capite
2840 4284 2930 4336 49.
2992 4283 3263 4349 Duplicem
3329 4299 3450 4335 csse

179 4394 309 4445 lixe
343 4396 640 4442 tractatum
667 4383 904 4436 indicato
935 4380 1131 4449 capite.
1166 4379 1237 4430 De
1264 4381 1360 4430 bac
1390 4375 1674 4429 obsidione
1698 4390 1779 4428 sc-
1887 4381 2162 4442 Bozinam,
2198 4377 2486 4430 docuimus
2514 4378 2689 4443 capite
2717 4375 2805 4429 95.
2830 4373 2931 4440 Qui
2990 4375 3200 4427 lioziuae
3247 4392 3332 4427 rex
3362 4375 3449 4426 hic

178 4482 394 4538 rund-a
427 4479 665 4534 Thomas
695 4473 1061 4534 Ebendorl‘us,
1122 4474 1173 4524 in
1205 4471 1507 4524 Austriacis
1560 4469 1782 4522 Annali-
1887 4479 2240 4533 memoratur,
2261 4469 2580 4535 Stephanus
2608 4476 2740 4530 erat,
2764 4467 2956 4534 dequo
2975 4467 3124 4534 plura
3154 4482 3258 4518 non
3285 4468 3450 4518 inulto

181 4577 299 4633 bus
343 4571 497 4632 suis,
527 4570 640 4622 haec
672 4567 892 4620 retulit:
928 4566 1083 4619 Anno
1125 4564 1281 4624 1455,
1322 4561 1532 4615 Turcus
1563 4561 1780 4614 Machu—
1815 4570 1856 4623 ι)
1889 4575 2026 4634 post.
2060 4563 2108 4616 Is
2138 4572 2328 4630 sponte
2371 4576 2468 4615 sua
2520 4558 2846 4612 deditionem
2903 4557 3231 4611 Semendriae
3261 4557 3452 4609 Γθοὶεςιε

177 4677 310 4723 iuet
337 4664 612 4722 secundis
638 4663 811 4717 elatus
847 4663 1100 4722 lor-tuuis,
1135 4659 1416 4725 despotain
1465 4656 1780 4725 Georgium,
1890 4667 2161 4714 narratur.
2187 4671 2350 4723 quam
2377 4670 2406 4706 a
2454 4663 2631 4706 morte
2664 4651 2840 4705 soceri
2883 4661 3263 4719 occupaverat.
3327 4652 3452 4704 Erat

175 4763 422 4816 ltatzim
454 4756 862 4826 principem..in
891 4755 1006 4809 suis
1040 4754 1200 4807 terris
1234 4751 1506 4805 IiOstiliter
1556 4748 1780 4811 invasit,
1897 4761 2075 4804 autem
2118 4763 2253 4800 uxor
2284 4747 2410 4799 huic
2475 4743 2666 4797 Lazari
2716 4742 3030 4796 Bulcovitzii
3066 4743 3194 4805 lilia,
3234 4742 3450 4810 Georgii

171 4870 233 4910 et
283 4854 475 4923 plura
499 4849 985 4903 hominum-millia
1011 4848 1304 4902 crudeliter
1345 4844 1615 4898 abduxit.
1645 4840 1783 4895 Hinc
1885 4845 2120 4908 despotae
2151 4840 2348 4906 neptis,
2387 4834 2845 4903 quemadmodum
2880 4835 2930 4886 in
2965 4834 3291 4903 genealogia'
3321 4833 3450 4884 Dul-

170 4963 234 5005 τι
283 4922 551 5013 idespota
591 4958 782 4998 versus
814 4941 1132 5009 ngariam,
1191 4943 1255 4994 ad
1293 4940 1482 4992 Albam
1517 4939 1782 4999 Graecam,
1883 4935 2238 5003 covitziorum
2269 4930 2444 4997 capite
2470 4926 2536 4980 54
2591 4925 2970 4978 indicavimus.
2997 4922 3301 4991 Etapparet
3330 4924 3453 4976 hinc

170 5063 323 5102 cum
363 5039 732 5096 suisseeretis
753 5051 813 5090 se
837 5032 1597 5104 contulit,“9terramque
1631 5046 1781 5084 suam
1887 5029 2149 5080 Lazarum
2176 5023 2378 5077 Servia:
2405 5021 2684 5087 deSpotain
2745 5016 2975 5086 Georgio
3011 5019 3172 5085 patri,
3206 5021 3297 5085 qui
3335 5016 3454 5069 diu-

171 5133 627 5207 gubernandam
649 5129 846 5183 Joanni
875 5131 938 5182 de
964 5128 1197 5190 Huniad,
1230 5125 1478 5193 Ungariae
1517 5126 1785 5193 guberna-
1885 5122 2092 5175 tissime
2123 5116 2385 5184 regnavit,
2424 5128 2527 5164 non
2561 5111 2651 5163 diu
2676 5109 3020 5178 superstitem
3055 5109 3244 5163 fuisse.

170 5234 316 5291 tori.
352 5229 503 5282 dum
537 5224 795 5277 Viennam
815 5222 902 5292 (ad
929 5221 1262 5275 Fridericuin
1289 5218 1354 5271 ιν
1377 5218 1782 5286 imperator-cu.)

167 5331 489 5397 pergeret,
515 5316 942 5372 commendavit.
981 5314 1108 5366 lude
1136 5312 1507 5372 Nandoralba,
1535 5312 1698 5378 janua
1732 5322 1785 5363 et

166 5421 475 5473 clausura
529 5408 679 5478 regni
737 5405 1006 5476 Ungaria',
1037 5405 1319 5458 obsidetur
1376 5419 1405 5456 a
1452 5402 1784 5463 Mahumeto,

166 5519 344 5564 anno
408 5499 577 5565 1456,
631 5499 1038 5567 oppugnatione
1095 5496 1361 5549 acerrima
1399 5494 1540 5547 facta
1598 5496 1682 5547 die
1714 5495 1777 5545 21

161 5599 350 5664 Julii,
388 5610 527 5651 cum
561 5593 712 5662 prius
738 5592 841 5646 hoc
869 5594 922 5644 in
974 5591 1166 5645 ilinere
1191 5598 1430 5642 castrum
1463 5587 1519 5640 S.
1553 5587 1786 5640 Audreu:

164 5695 354 5763 (Nota
390 5684 633 5753 margini
664 5682 959 5751 ascriptqu
992 5697 1187 5735 nomen
1214 5679 1606 5743 Sendcrovtaei,
1641 5679 1784 5744 quod

161 5797 308 5844 erat
369 5777 609 5846 Georgii
648 5777 911 5845 despotm,
971 5789 1262 5844 aggressus
1310 5775 1582 5826 incassmn
1648 5771 1784 5823 luis-

162 5889 284 5936 set.
365 5869 574 5926 Saluta
633 5867 942 5928 obsidione,
1005 5872 1254 5920 mortuus
1285 5865 1526 5920 Joannes
1578 5865 1642 5918 de
1673 5863 1777 5918 Hu-

1889 5234 2016 5288 156.
2045 5229 2399 5285 Tarabosanis
2438 5228 2720 5305 imperator
2747 5243 2779 5278 a
2846 5223 3167 5277 Mur/tentate
3229 5224 3453 5276 secundo

2582 5305 2769 5348 victus.

1959 5394 2030 5446 De
2063 5393 2626 5447 Castamone'dictum
2663 5388 2838 5456 capite
2869 5386 2958 5440 66.
3016 5387 3245 5455 Sinopes
3291 5387 3453 5438 etiam

1887 5488 2141 5556 fthuetts
2171 5487 2432 5540 hactenus
2497 5482 2637 5536 facta
2682 5480 2908 5532 mentio.
2971 5478 3191 5532 Novella
3259 5477 3456 5532 Leonis

1889 5580 2253 5646 imperatoris,
2313 5575 2636 5644 Cognmnine
2708 5572 2997 5640 Sapientis,
3083 5569 3453 5639 episcopatum

1891 5677 2244 5742 Sinopensem
2283 5671 2588 5724 Amasiana:
2623 5665 2905 5733 metropoli
2971 5663 3190 5733 subjicit
3222 5664 3274 5715 in
3303 5661 3455 5715 llelcr

1894 5753 2153 5834 nop‘onto.
2183 5763 2481 5830 Pordapam
2527 5759 2630 5812 dici
2666 5759 2826 5811 tradit
2867 5755 3155 5822 Laonicus,
3193 5771 3332 5807 nom
3361 5770 3457 5808 vo.-

1894 5860 2104 5916 cabulo.
2135 5858 2256 5910 licet
2286 5856 2370 5908 hic
2396 5855 2446 5906 in
2478 5850 2776 5906 Annalibus
2803 5866 2989 5914 parum
3020 5860 3229 5904 mutato
3265 5851 3448 5901 veteri.
