4198 6426
763 379 866 441 8:23

1967 379 2213 440 JOANN
2226 380 2294 439 IS
2331 381 2796 447 LEUNCLAVII

3901 376 4018 440 824

760 498 929 565 Sinap
960 495 1250 548 scribatur.
1284 493 1598 548 Tarabosan
1631 494 1825 548 Turcis
1877 503 1961 548 est
2023 493 2322 563 Trapezus,
2355 510 2399 557 Α
2430 498 2604 564 capite
2629 507 2881 554 notarum
2917 499 3007 554 52.
3043 497 3188 553 ldcin
3241 494 3711 565 Chalcocondyles
3740 493 4017 547 Dominici

760 599 886 643 nota
959 589 1113 641 sedes
1163 586 1564 641 Comnenorum
1611 587 1934 656 principum,
1989 587 2080 654 qui
2144 586 2332 639 audire

758 681 1014 734 volebant
1041 680 1415 748 imperatores.
1455 677 1688 732 Ultimus
1703 679 1822 747 ejus
1841 679 2036 750 gentis.
2064 694 2092 732 a
2113 677 2332 732 Muche-

760 781 904 826 mete
932 773 1130 835 victus,
1163 771 1260 824 fuit
1284 771 1516 826 Davides
1568 771 1904 824 Comnenus.

760 888 883 941 157.
935 885 1134 940 Draco!
1164 883 1376 948 Weida,
1408 883 1630 967 Blrrdns,
1707 882 1896 945 Vlada,
1937 882 2186 936 Matt/tias
2219 879 2328 935 Uno

1393 972 1558 1024 garttz
1588 971 1698 1009 rex.

837 1049 929 1104 llic
967 1049 1240 1105 Valachim
1274 1049 1538 1108 Vaivoda.
1571 1049 1662 1118 qui
1692 1046 1887 1100 Turcis
1940 1046 2127 1098 Dracol
2158 1047 2331 1096 ιιοιιῑίν

760 1150 945 1208 natur,
979 1141 1215 1196 Laonico
1248 1141 1448 1196 Bladus
1487 1141 1707 1202 dicitur,
1762 1137 2006 1190 Dracula:
2064 1135 2226 1199 ﬁlius,
2262 1149 2327 1186 ex

758 1236 1100 1288 immanitate
1129 1234 1384 1298 ce!ebris,
1411 1235 1477 1288 de
1506 1249 1614 1301 quo
1633 1234 1865 1302 plurima
1895 1244 2329 1283 commemoran-

759 1340 864 1389 tur,
896 1327 1003 1381 huc
1035 1343 1146 1383 non
1177 1327 1529 1397 pertinentia.
1565 1326 1710 1380 Bladi
1750 1340 1946 1378 nemen
1998 1339 2064 1377 ex
2120 1323 2330 1375 ratione

755 1422 1143 1488 pronuntiandi
1171 1421 1375 1475 Graecis
1400 1421 1655 1474 familiari
1684 1419 1910 1472 Vladnm
1941 1417 2183 1472 scribere
2236 1417 2326 1467 de-

756 1513 947 1566 buerat
978 1513 1266 1580 interpres.
1297 1511 1520 1565 Vladam
1551 1511 1830 1566 Boniinius
1853 1511 2108 1578 appellat,
2133 1517 2186 1560 et
2207 1516 2328 1575 post

754 1606 919 1657 etiam
953 1605 1238 1659 Draculam
1275 1617 1502 1675 paterno
1543 1605 1784 1659 nomine.
1843 1602 2214 1658 Callimachus
2245 1601 2327 1651 iu-

757 1712 902 1768 tegre
944 1698 1279 1753 Vladislaum
1335 1700 1627 1754 Draculam
1693 1697 1935 1764 scripsit.
2005 1695 2161 1747 llunc
2227 1691 2319 1761 qui

754 1792 1057 1863 conjecisse
1072 1793 1340 1846 diciturin
1369 1807 1642 1847 carcerem
1670 1807 1758 1846 rex
1782 1790 2056 1859 Ungarus,
2075 1784 2326 1840 Matthias

2434 586 2657 642 fratrem
2695 590 2826 644 facit
2854 590 3104 654 Lucium,
3139 604 3300 659 quem
3360 590 3564 642 rectius
3613 603 3644 640 a
3701 585 4018 639 Sansovino

2433 681 2682 736 Turcicis
2708 683 2761 736 in
2794 682 3100 737 Annalibus
3123 681 3390 734 Dominici
3436 680 3600 751 hujus
3632 679 4009 750 propinquum

2432 775 2513 828 vel
2550 787 2807 845 agnatum
2837 776 3102 830 nominari
3150 775 3405 828 arbitror.

2433 891 2556 945 159.
2593 890 2932 945 Mur/temeti:
2960 891 3181 958 a‘dificia
3221 885 4020 955 Conriantinopolitana,Gmi—

2821 962 2995 1024 παγαί,
3031 959 3304 1014 Eskisarai
3333 959 3600 1013 Jedicula.

2500 1052 2616 1106 Non
2647 1052 2958 1119 exprimunt
2982 1050 3218 1104 Annales
3264 1065 3515 1118 quzenam
3585 1048 3813 1103 aedificia
3868 1047 4016 1101 Con-

2430 1142 2782 1209 Stantinopoli
2823 1141 3190 1194 Muchemetes
3248 1141 3604 1195 exstruxerit.
3671 1140 3798 1192 Ideo
3857 1139 4014 1192 lubet

2433 1235 2544 1285 haec
2578 1234 2643 1286 de
2683 1231 2922 1286 Laooico
2951 1244 3004 1285 et
3035 1234 3156 1286 aliis
3189 1247 3458 1302 promere.
3500 1233 3696 1286 Statim
3719 1231 3866 1284 enim
3885 1245 4015 1299 pro-

2430 1330 2573 1382 xima
2607 1339 2723 1396 post
2745 1329 2977 1382 Lesbum
3001 1339 3213 1397 captam
3247 1330 3446 1392 hieme,
3477 1336 3665 1382 narrat
3693 1344 3817 1382 eum
3853 1329 4013 1396 quie-

2429 1424 2568 1475 ViSSt‘.
2595 1421 2884 1484 LaonicnS,
2913 1424 3186 1475 intentum
3221 1420 3466 1474 mdiliciis
3490 1419 3739 1479 urbanis.
3761 1419 4008 1488 templis,

2429 1515 2629 1578 navali,
2666 1514 2776 1567 arci
2807 1513 3138 1584 Byzantium,
3180 1527 3347 1582 quam
3389 1512 3631 1567 condidit
3685 1512 4008 1581 juxtaipor-

2429 1618 2540 1662 tam
2567 1624 2595 1662 a
2622 1607 2824 1662 Graecis
2853 1609 3090 1662 Auream
3127 1615 3400 1669 vocatam,
3442 1607 3536 1660 ubi
3570 1616 3622 1660 et
3676 1615 3861 1659 turres
3890 1622 4007 1658 ma-

2429 1706 2601 1758 ximas
2631 1703 2908 1766 excitavit,
2935 1709 3292 1771 spectatuque
3315 1701 3505 1771 dignas
3522 1710 3573 1752 et
3599 1701 3770 1768 ipsam
3801 1699 4008 1765 regiam

2431 1797 2662 1851 interius
2697 1798 2971 1863 eleganter
3002 1795 3241 1849 ornavit.
3284 1792 3559 1847 Hactenus
3591 1792 4008 1860 Chalcocondy-

753 1885 1032 1939 lluuiades
1053 1886 1172 1948 fuit.
1194 1885 1421 1941 Joannis
1448 1885 1610 1948 filius,
1629 1885 1896 1938 Austriaci
1923 1881 2173 1943 Ladislai,
2197 1880 2323 1930 Pra-
2359 1864 2398 1919 Β
2433 1891 2509 1944 [es
2543 1889 2706 1960 paulo
2735 1888 3079 1943 Commodius
3103 1887 3367 1952 redditus,
3417 1887 3471 1939 in
3493 1885 3647 1953 cujus
3697 1885 3884 1938 verbis
3913 1901 4006 1938 no-

750 1994 829 2045 επ
852 1978 1029 2032 subito
1057 1979 1335 2044 exstincti,
1391 1978 1730 2048 Ungaricoin
1797 1992 1959 2044 regno
2015 1986 2317 2026 successor.

754 2073 1145 2141 Muchemetes,
1178 2075 1277 2128 hoe
1308 2075 1373 2127 ab
1395 2073 1627 2142 Ungaris
1660 2070 2164 2140 capto,Valacbiam
2190 2067 2318 2119 sub-

747 2169 946 2232 jecisse
1011 2179 1283 2222 narratur.
1326 2168 1380 2220 Id
1439 2184 1568 2220 vero
1626 2151 1829 2219 factum
1894 2165 2074 2234 potius
2129 2162 2317 2215 existi—

754 2264 1010 2316 mandum
1040 2279 1066 2314 a
1099 2261 1588 2328 Draculajuniore,
1645 2259 1903 2313 Vladislai
1968 2258 2136 2309 fratre
2176 2272 2190 2307 :
2224 2255 2314 2322 qui

753 2366 932 2408 tamen
967 2368 1150 2423 postea
1187 2370 1266 2419 se,
1317 2369 1438 2408 cum
1484 2355 1596 2421 ipsa
1662 2352 1902 2419 regione,
1959 2348 2317 2402 Muchemetis

751 2446 978 2514 imperio
1001 2445 1277 2506 submisit.
1329 2452 1548 2512 accepta
1612 2443 1854 2497 solvendi
1906 2440 2068 2494 annui
2129 2439 2314 2492 tributi

749 2540 1095 2594 conditione:
1130 2541 1412 2609 nihiloque
1441 2539 1618 2591 minus
1662 2550 1690 2587 a
1757 2535 1979 2588 Matthia
2033 2548 2158 2601 rege
2181 2547 2316 2583 cou-

751 2637 1000 2689 tirmatus
1019 2635 1071 2687 in
1093 2634 1415 2704 principatu,
1441 2643 1576 2686 teste
1605 2630 1876 2691 Bonlinio,
1898 2629 2030 2690 fuit;
2057 2639 2314 2693 tanquam

751 2729 818 2781 ab
843 2727 1096 2796 Ungaria:
1119 2742 1263 2795 rege,
1282 2725 1490 2780 directo
1505 2724 1808 2779 Valachicae
1833 2723 2053 2776 ditionis
2071 2722 2314 2774 domino.

754 2824 842 2876 Sic
877 2822 1133 2876 nimirum
1165 2820 1316 2889 prius
1339 2819 1501 2872 etiam
1525 2825 1852 2871 convenerat
1885 2817 2024 2868 inter
2052 2813 2313 2866 Moralem

750 2917 792 2969 ll
831 2925 885 2970 et
903 2913 1243 2969 Vladislaum
1277 2927 1457 2980 regem
1492 2926 1632 2964 anno
1655 2909 1972 2964 Christiano
2005 2907 2163 2971 1441,
2195 2916 2318 2973 post

753 3007 927 3060 victos
956 3005 1021 3058 ad
1048 3002 1314 3058 lsladinas
1340 3003 1524 3056 fauces
1573 2999 1802 3066 Turcos,
1837 3010 1892 3053 ut
1923 2998 2140 3051 Valachi
2178 2996 2317 3049 Tur-

750 3113 938 3152 corum
966 3095 1185 3166 quidem
1226 3101 1409 3150 essent
1440 3093 1739 3153 tributarii,
1799 3091 1892 3145 sed
1954 3091 2318 3145 nihilominus

746 3193 813 3244 ad
845 3185 1098 3258 Ungaria:
1129 3203 1377 3256 regnum,
1408 3187 1555 3241 velut
1585 3195 1761 3250 antea,
1793 3185 2145 3254 pertinerent.

2431 1982 2677 2045 tandum,
2703 1981 2927 2050 intelligi
2954 1981 3277 2048 templorum
3301 1987 3656 2039 structuram,
3679 1979 3746 2031 de
3761 1992 4010 2033 COHIIIHI-

2422 2077 2757 2130 tatoChristi
2806 2077 2897 2129 Dei
2941 2076 3234 2143 Sapientia:
3289 2075 3488 2142 templo
3543 2071 3894 2126 Justinianeo
3951 2073 4000 2124 in

2424 2171 2701 2224 utessitam
2733 2168 3195 2234 Mahumetanam,
3218 2169 3394 2236 deque
3413 2166 3595 2220 diruto
3619 2165 4009 2233 antiquissimo

2419 2263 2861 2319 Christianorum
2894 2263 3119 2329 templo,
3148 2262 3290 2329 quod
3328 2259 3655 2314 aediﬁcatum
3685 2259 4006 2312 aConstau-

2423 2355 2537 2409 tino
2565 2355 2758 2424 Magno
2781 2354 3106 2408 Sanctorum
3127 2352 3508 2420 Apostolorum
3529 2367 3722 2404 nomen
3750 2349 4006 2413 habebat,

2420 2450 2576 2515 cujus
2607 2449 2724 2516 ipse
2749 2449 2868 2500 loco
2889 2462 3043 2501 suam
3071 2446 3270 2499 struxit
3290 2461 3411 2500 eum
3436 2445 3668 2497 imareto
3698 2443 4005 2505 messitam,

2422 2541 2780 2595 Turcicarum
2813 2538 3059 2591 omnium
3115 2539 3170 2590 in
3219 2538 3354 2589 urbe
3403 2537 3661 2604 primam,
3722 2543 3780 2586 et
3825 2533 4008 2601 operis

2422 2634 2722 2702 magniﬁci,
2784 2633 3243 2702 quemadmodum
3308 2630 3580 2698 hodieque
3638 2629 4007 2698 conspicitur.

2421 2725 2625 2779 Navale
2650 2724 2980 2778 Christianis
3009 2725 3076 2777 ab
3107 2722 3533 2792 imperatoribus
3563 2722 3873 2788 neglectum
3923 2722 4006 2773 in-

2421 2819 2705 2881 stauravit,
2739 2828 2992 2870 ornatum
3018 2825 3072 2870 et
3098 2829 3386 2869 extensum
3420 2830 3448 2867 a
3471 2816 3707 2882 posteris
3761 2829 3824 2867 ea
3877 2829 4008 2879 cura

2421 2927 2567 2964 nunc.
2600 2922 2660 2963 ut
2698 2910 3101 2978 amplissimum
3141 2909 3233 2962 sit.
3299 2907 3472 2976 Supra
3521 2907 3772 2960 Galatam
3839 2908 4004 2961 situm

2421 3015 2504 3058 est
2537 3007 2589 3057 in
2621 3005 2742 3058 sinu
2780 3004 3043 3066 Cornuto,
3081 3018 3268 3056 versus
3300 3002 3702 3071 aquasdulces,
3735 3002 3827 3055 ubi
3850 3001 4008 3055 nimi-

2423 3113 2543 3150 rum
2577 3097 2835 3150 celebrati
2869 3111 2897 3148 a
2941 3097 3135 3164 priscis
3165 3095 3395 3158 ﬂuvioli,
3443 3095 3688 3164 Cydarus
3719 3110 3870 3147 nunc
3896 3091 4007 3146 Ma-

2421 3191 2632 3254 chleva,
2653 3201 2706 3244 et
2731 3191 3022 3261 Barbyses.
3049 3206 3192 3243 nunc
3223 3190 3606 3251 Cltartaricon,
3634 3200 3687 3240 et
3719 3205 3746 3238 τι
3780 3189 3906 3241 vico
3934 3189 4010 3240 vi-

773 3309 936 3382 450
970 3308 1089 3362 158.
1135 3304 1367 3386 .llityiin,
1399 3303 1794 3386 Cato/.ttsiiz‘vel
1822 3303 2099 3366 Catelusii,
2132 3302 2282 3356 Lesbi

2427 3285 2542 3337 cino
2575 3282 3024 3338 Pectinachorion
3048 3284 3248 3344 dictus,
3286 3283 3339 3334 in
3373 3283 3553 3334 sinum
3584 3279 4007 3333 huncinﬂuunt.

1112 3378 1398 3445 principes,
1426 3378 1627 3445 origine
1655 3376 1972 3430 Genuenscs.

817 3473 1053 3542 Mityliu,
1118 3470 1568 3541 pronuntiatione
1631 3468 1840 3532 Graeca,
1896 3484 2021 3537 quae
2070 3469 2322 3540 Mitylene

748 3567 952 3622 nostris
975 3575 1078 3624 est.
1110 3574 1337 3618 voratur
1369 3582 1396 3615 a
1441 3563 1636 3616 Turcis
1696 3561 1868 3616 insula
1918 3561 2154 3623 Lesbus,
2190 3563 2320 3630 ipsis

747 3657 910 3712 ctiam
939 3655 1144 3710 Graecis
1170 3660 1310 3708 hanc
1338 3653 1410 3706 ita
1428 3653 1858 3706 nontinautibus.
1878 3650 2146 3704 Cedrinus
2175 3658 2321 3702 certe

746 3748 980 3803 Lesbum
1014 3747 1212 3800 alicubi
1275 3745 1564 3813 Mitylenen
1629 3743 1787 3801 dixit,
1844 3741 1912 3794 ab
1968 3743 2099 3793 urbe
2157 3741 2323 3792 totius

751 3841 940 3894 iuSola:
970 3814 1250 3909 primaria.
1281 3836 1484 3904 Vulgus
1541 3836 1850 3889 Italicorum
1891 3843 2179 3886 nautarum
2214 3833 2324 3887 Me-

749 3934 934 3989 tellino
967 3947 1112 3986 nunc
1146 3931 1394 4000 appellat.
1440 3929 1682 3983 Habebat
1727 3928 1920 3991 insula,
1972 3942 2094 3979 cum
2149 3941 2320 3993 oppu-

749 4035 1007 4095 gnaretur
1042 4040 1073 4079 a
1112 4023 1471 4084 Muchemrte.
1509 4021 1809 4091 principem
1839 4019 2186 4072 Dominirum
2215 4017 2320 4072 Ca-

752 4119 1005 4172 talusium
1040 4117 1122 4170 vel
1173 4116 1528 4176 Catelusium,
1588 4129 1749 4180 quem
1816 4113 1987 4166 Graeci
2048 4111 2319 4182 Kyriacou

749 4212 1041 4265 vocabant.
1085 4191 1358 4277 lhterpres
1389 4207 1604 4260 Laonici
1637 4205 1918 4261 Nicolaum
1980 4201 2320 4259 Catclusium

752 4321 849 4374 pro
881 4303 1180 4369 Dominico,
1201 4303 1342 4356 haud
1378 4303 1492 4355 scio
1524 4302 1683 4368 cujus
1701 4302 2029 4353 auctoritate
2058 4298 2231 4351 fretus
2256 4314 2320 4350 ex

755 4395 1035 4450 historicis
1080 4393 1506 4463 antiquioribus,
1557 4393 1785 4461 margini
1846 4392 2124 4458 ast‘ripsit.
2184 4388 2319 4442 Nam

751 4488 1056 4550 tieuirzeus,
1087 4488 1180 4556 qui
1222 4501 1418 4539 nomen
1470 4485 1612 4538 idem
1673 4484 1859 4546 habet,
1909 4486 2184 4536 recentior
2214 4492 2317 4546 est,

752 4591 804 4632 et
835 4580 974 4633 alios
1007 4594 1240 4647 sequens
1258 4577 1365 4631 falli
1397 4580 1593 4647 potuit.
1622 4578 1739 4646 Ipsa
1760 4576 2161 4630 Catelusiorum
2188 4593 2319 4644 gens

752 4674 962 4742 origine
984 4671 1286 4726 Genuensis
1314 4683 1447 4724 erat.
1482 4671 1755 4723 Oriundus
1790 4685 1856 4722 ex
1889 4685 1951 4722 ea
1995 4666 2322 4722 Franciscus

751 4767 1086 4827 (latelusius,
1124 4781 1245 4820 cum
1282 4761 1546 4818 Joannem
1596 4758 1958 4832 Palmologum
2029 4763 2320 4830 imperato-

755 4878 891 4925 rem,
930 4876 956 4912 a
989 4859 1628 4928 bonitateCalojoaunem
1650 4858 1810 4926 vulgo
1838 4859 2074 4918 dictum,
2108 4859 2323 4910 Andro-

754 4954 861 5009 nici
902 4953 946 5008 ll
979 4939 1171 5015 lilium,
1224 4951 1503 5005 Michaelis
1554 4951 1595 5002 ll
1636 4961 1908 5019 nepotem,
1967 4951 2258 5004 Andronici
2302 4951 2323 5004 1

754 5055 1127 5114 pronepotem,
1153 5043 1428 5099 Michaelis
1465 5045 1647 5113 primi,
1672 5045 1760 5110 qui
1788 5041 2034 5096 Flanrlris
2058 5043 2326 5096 Constan-

755 5141 1038 5209 tinopolim
1060 5140 1278 5208 eripuit,
1305 5139 1649 5207 abnepotem.
1681 5137 1822 5191 bello
1846 5147 2032 5191 contra
2061 5136 2321 5190 iomncm

753 5240 1214 5294 (:antacuzeuum,
1248 5240 1485 5286 tutorem
1505 5241 1558 5284 et
1574 5247 1850 5294 socerum,
1869 5241 1922 5285 et
1941 5242 2320 5300 usui-patorem

755 5326 992 5396 imperii,
1024 5325 1309 5394 juvisset:
1369 5325 1543 5378 insula
1613 5323 1789 5377 Lesbo
1841 5325 2104 5401 donatus,
2158 5324 2321 5376 etiam

753 5417 1103 5484 (Zalojoannis
1140 5430 1381 5469 sororem
1419 5414 1473 5467 iu
1502 5401 1907 5466 matrimonium
1932 5413 2176 5481 accipere
2200 5429 2325 5480 pro-

753 5509 972 5562 meruit.
1020 5509 1345 5562 Acciderunt
1377 5508 1488 5558 lure
1513 5522 1655 5559 anno
1684 5506 1842 5559 1555.
1873 5507 1943 5558 lle
2008 5522 2118 5574 quo
2174 5505 2325 5558 colli-

751 5603 918 5666 gitur,
956 5616 1060 5652 non
1099 5608 1238 5653 totos
1293 5597 1394 5654 100
1455 5615 1628 5650 annos
1691 5599 1742 5650 in
1803 5613 1992 5650 eorum
2063 5606 2323 5664 potestate

754 5691 992 5743 Lesbum
1033 5687 1218 5743 fuisse.
1254 5689 1403 5742 Lucii
1445 5687 1732 5747 Catelusii.
1772 5689 1865 5757 qui
1903 5687 2031 5740 IEni
2065 5689 2320 5756 princrps

755 5786 808 5838 in
851 5783 1079 5837 Thracia
1122 5786 1302 5846 inerit,
1332 5784 1471 5852 apud
1513 5782 1808 5834 Laouicqu
1847 5781 1903 5833 ﬁt
1932 5781 2137 5832 mentio
2173 5797 2186 5832 :
2218 5783 2324 5832 sic-

754 5887 814 5932 ut
850 5877 1024 5933 obiter
1057 5878 1219 5933 etiam
1270 5878 1544 5940 principes
1576 5874 1702 5930 .‘Eni
1747 5888 1914 5949 supra
1947 5882 2324 5929 memorantur

2424 3375 2680 3428 Continet
2709 3375 2820 3442 jam
2857 3375 3046 3427 navale
3076 3376 3190 3426 loca
3218 3380 3602 3425 concamerata
3641 3371 3768 3435 187,
3807 3386 4006 3438 expor-

2426 3476 2571 3520 recta
2603 3466 2759 3536 longa
2787 3466 2948 3528 serie,
2983 3467 3273 3533 magnique
3297 3465 3603 3517 triremium
3655 3462 3878 3515 numeri
3916 3476 4008 3514 ca-

2423 3574 2527 3627 pax
2560 3569 2644 3612 est
2679 3577 2691 3611 :
2727 3560 2854 3614 licet
2883 3559 3026 3611 aliud
3070 3559 3414 3611 Sansorinus
3443 3573 3506 3609 ex
3569 3557 3802 3623 antiqua
3863 3556 4008 3608 rela-

2428 3651 2572 3704 tione
2595 3651 2825 3717 quadam
2854 3649 3056 3702 Veneta
3103 3665 3295 3717 parum
3320 3649 3574 3718 praesenti
3603 3663 3790 3700 rerum
3816 3645 4008 3699 forma:

2424 3752 2854 3795 consentaneum
2889 3744 3084 3794 tradat.
3128 3739 3254 3793 Fuit
3311 3750 3367 3794 et
3431 3740 3523 3792 illo
3568 3739 3843 3807 quondam
3892 3740 4008 3791 loco

2426 3838 2593 3903 regia,
2625 3851 2734 3904 quo
2765 3835 2888 3888 loco
2907 3835 3036 3887 dicit
3066 3833 3338 3887 Laonicus
3363 3848 3487 3885 eum
3505 3833 3775 3886 struxisse
3798 3831 4008 3901 Byzan-

2427 3933 2816 3989 tiuamareezn,
2859 3940 3076 3999 propter
3144 3931 3378 3983 Auream
3443 3939 3683 3998 portam,
3740 3944 3867 3996 qua!
3933 3927 4000 3979 ab

2427 4040 2530 4076 una
2557 4035 2709 4092 parte
2735 4025 3015 4078 meridiem
3052 4039 3116 4076 ac
3158 4023 3570 4090 PrOpontidem,
3603 4022 3670 4075 ab
3713 4022 3887 4074 altera
3916 4036 4008 4074 so-

2426 4117 2531 4167 lem
2555 4117 2895 4170 occidentem
2929 4117 3168 4184 respicit.
3203 4114 3328 4169 Hice
3353 4115 3578 4169 aedilicia
3605 4113 4006 4167 Muchemetem

2425 4209 2762 4273 condidisse,
2799 4208 3070 4264 Laouicus
3117 4210 3358 4278 scripsit.
3417 4208 3737 4262 Menavinus
3793 4221 4005 4271 autem,

2425 4300 2569 4354 sicut
2590 4310 2643 4355 et
2669 4301 2783 4364 alii,
2821 4310 2933 4357 tres
2954 4303 3028 4356 ait
3056 4318 3212 4356 arces
3232 4319 3261 4356 a
3298 4302 3694 4355 Muchetemete
3727 4300 4009 4354 Constan-

2426 4396 2649 4463 tinopoli
2686 4407 2965 4450 structas:
3019 4394 3424 4461 Geuisaraium,
3484 4395 3892 4457 Eskisaraium,
3956 4407 4009 4448 et

2423 4484 2750 4541 Jadiculam.
2789 4486 2869 4540 Ad
2902 4488 3170 4541 orientem
3192 4487 3362 4540 solem
3401 4502 3431 4539 θ
3472 4489 3695 4555 regione
3763 4485 4007 4540 Scutarii

2427 4584 2543 4636 sive
2607 4579 2868 4634 Damalici
2901 4579 3261 4649 promunturii
3294 4581 3458 4632 sitmn
3491 4591 3576 4634 est
3617 4579 4008 4634 Genisaraiuiu

2430 4675 2532 4740 (sic
2558 4674 2763 4728 dictum
2797 4673 2940 4741 quod
2982 4688 3181 4726 novum
3214 4673 3304 4730 siti
3341 4673 3394 4723 in
3453 4681 3702 4724 extremo
3722 4673 3881 4724 urbis
3913 4688 4009 4724 an-

2429 4767 2553 4835 gulo
2584 4767 2674 4835 qui
2703 4782 2734 4819 a
2767 4767 2970 4834 templo
3001 4762 3392 4832 vicin0.Sancti
3435 4763 3697 4817 Demetrii
3731 4775 3968 4816 vocatur
3995 4780 4007 4814 :

2431 4860 2520 4912 .thi
2553 4859 2826 4927 Bosporus
2890 4859 3093 4927 impetu
3129 4859 3368 4910 maximo
3430 4859 3498 4911 ad
3532 4856 3704 4923 ipsam
3763 4857 4013 4923 crepidi-

2431 4967 2552 5005 nem
2594 4951 2750 5006 collis
2785 4952 2838 5004 in
2870 4967 2980 5019 quo
3014 4951 3252 5004 saraium
3287 4951 3366 5002 vel
3401 4965 3497 5002 arx
3555 4949 3729 5018 posita
3794 4958 3915 5010 est,
3963 4950 4012 5002 in

2429 5047 2813 5114 Propontidem
2843 5046 3024 5098 irruit.
3064 5045 3204 5098 Olim
3235 5043 3502 5098 Palatium
3566 5042 3937 5113 Byzantinum
3967 5054 4018 5095 et

2428 5140 2711 5207 Acropolis
2761 5137 3057 5208 Byzantina
3086 5137 3389 5199 dicebatur,
3439 5137 3587 5189 velut
3639 5151 3733 5188 arx
3783 5151 3846 5189 In
3905 5153 4016 5190 uno

2429 5235 2495 5285 de
2528 5233 2700 5285 tribus
2740 5234 3004 5285 extremis
3031 5230 3244 5299 angulis
3265 5229 3420 5283 urbis
3455 5230 3581 5291 sita,
3615 5244 3724 5297 quo
3756 5229 3889 5283 loco
3923 5230 4020 5300 By-

2429 5337 2522 5376 zas
2547 5323 2702 5375 initio
2735 5322 3049 5392 Byzantium
3080 5321 3314 5376 condere
3341 5322 3593 5389 coeperit.
3657 5320 3779 5374 Haec
3836 5323 4019 5376 sulta—

2429 5431 2623 5468 norum
2665 5415 3083 5490 Osinanidarutn
3107 5416 3284 5476 sedes,
3309 5413 3409 5467 hoc
3434 5415 3767 5468 domicilium
3792 5426 3855 5468 et
3891 5419 4017 5468 aula

2429 5519 2537 5573 est,
2565 5525 2728 5578 quam
2759 5507 2889 5576 Capi
2924 5510 3039 5561 sive
3104 5507 3320 5560 Portam
3370 5507 3717 5561 Osmanieam
3779 5519 4016 5562 vocant.

2436 5602 2684 5670 Undique
2711 5603 2880 5653 muris
2913 5601 3001 5666 (de
3039 5600 3242 5670 quibus
3277 5599 3440 5665 inira,
3463 5615 3587 5666 cap.
3651 5600 3770 5667 H9)
3803 5616 3877 5654 ae
3909 5585 4020 5654 iur-

2433 5694 2584 5748 ribus
2611 5694 2841 5757 inclusa,
2867 5693 3037 5745 tribus
3064 5692 3118 5744 iu
3143 5693 3432 5745 circuitum
3455 5692 3775 5744 milliarihns
3801 5691 4018 5747 Cmcis

2432 5795 2597 5856 patet.
2627 5785 2804 5838 Voluit
2827 5784 2991 5851 hujus
3035 5785 3198 5839 saraii
3226 5785 3349 5839 nevi
3378 5787 3598 5838 nomine
3633 5784 4016 5840 Muchemetes

2431 5890 2679 5945 posteros
2711 5887 2763 5932 et
2802 5892 3148 5933 successores
3179 5877 3234 5931 in
3277 5878 3505 5947 imperio
3572 5893 3700 5932 suos
3732 5877 4019 5949 obligatos
