4198 6426
252 421 360 483 8ἳὸ

1403 422 1548 481 ΡΑΝ
1564 420 1801 480 DEC’I‘E
1839 420 2041 483 lllST.
2085 424 2391 485 TURCIC.

3394 418 3501 479 826

251 555 371 591 esse
403 538 673 590 solvenlis
704 539 935 590 messitae
958 554 1071 591 suae
1112 554 1287 602 novaa,
1319 540 1567 607 singulos
1592 541 1643 593 in
1672 540 1809 600 dies,
1843 543 1887 595 Α
1916 552 2042 604 que,
2072 552 2131 594 ut
2174 552 2348 595 nostri
2388 557 2646 596 numeros
2684 554 2951 595 annorum
2987 540 3052 591 all
3118 537 3271 590 initia
3330 536 3495 594 bello-

246 634 425 699 aspris
459 630 603 682 mille
633 647 647 684 :
679 647 797 698 quae
818 648 1054 695 summa,
1083 634 1408 698 computatis
1438 647 1535 701 pro
1598 647 1707 699 uno
1734 641 1812 683 ta-

247 725 362 779 lcro
393 722 718 777 Germanico
740 727 915 791 aspris
936 726 1023 787 60,
1081 726 1323 792 quotidie
1380 726 1443 777 ad
1491 724 1558 777 25
1612 726 1810 777 taleros

245 818 511 871 excrescit
541 835 554 871 :
585 818 637 868 in
671 832 845 870 annos
901 834 1030 869 vero
1079 819 1343 887 singulos,
1406 834 1568 886 supra
1626 817 1813 870 novies

248 912 413 972 inille,
439 921 659 963 centum
693 913 895 965 talet'os
931 912 1093 963 eﬂieit
1129 911 1368 979 :quibus
1412 910 1548 963 alios
1600 926 1815 963 annuos

249 1004 453 1057 reditus
512 1003 577 1055 ad
614 1019 882 1056 summam
938 1003 1170 1067 150,000
1217 1006 1539 1056 ducatorum
1599 1003 1814 1070 adjecit.

247 1096 612 1150 Eskisaraiuin
634 1097 1127 1163 vocd’signilicante
1146 1098 1385 1149 sarainm
1406 1107 1575 1157 vetus,
1594 1096 1645 1148 in
1667 1094 1819 1147 urbis

247 1190 545 1243 meditullio
565 1191 726 1244 silum
747 1200 861 1246 est:
886 1194 1022 1244 sicut
1041 1194 1231 1245 etoliin
1250 1192 1443 1244 ibidem
1466 1193 1517 1243 in
1541 1191 1687 1243 urbis
1704 1208 1819 1241 oni-

245 1283 496 1347 plialovel
518 1284 771 1336 umbilico
787 1286 1083 1352 priscorum
1108 1296 1221 1337 erat
1245 1287 1627 1352 imperatorum
1648 1286 1819 1347 regia.

246 1374 445 1429 Vas-ilia
469 1386 521 1428 ta
548 1378 749 1445 megala
770 1377 939 1431 Grzeci
970 1378 1241 1444 quondam
1270 1377 1641 1431 nominabant.
1665 1374 1819 1429 Nunc

248 1469 335 1519 illa
386 1468 761 1536 gyim-i-onitidi
805 1468 1090 1520 sultanime
1128 1468 1396 1535 prwcipue
1439 1468 1624 1529 servit,
1647 1468 1822 1535 spatio

244 1560 431 1622 saraii,
452 1558 957 1623 rationecircuitus,
978 1563 1041 1612 ad
1065 1560 1173 1611 duo
1204 1575 1457 1627 passuum
1511 1559 1674 1611 millia
1725 1574 1817 1612 ex-

246 1664 515 1718 porrecto.
539 1651 777 1705 .Iadicula
803 1652 1039 1719 denique
1058 1651 1397 1718 Propontidis
1421 1650 1470 1703 in
1494 1651 1671 1702 littore
1691 1666 1820 1702 con—

245 1747 360 1797 i‘iita
377 1755 479 1808 est,
499 1734 995 1797 ad‘meridionalem
1014 1752 1067 1797 et
1088 1744 1480 1796 occidentalem
1507 1743 1702 1811 partim
1726 1757 1818 1792 nr—

245 1837 330 1889 bis
346 1836 629 1904 angulum.
658 1851 846 1889 versus
865 1837 1098 1889 Auream
1127 1846 1356 1902 portam,
1426 1849 1568 1888 nunc
1598 1834 1813 1901 quidem

244 1931 612 1998 superstitem,
647 1930 737 1983 sed
763 1932 1097 1985 obstruetam
1127 1942 1328 1993 tamen,
1353 1944 1415 1982 ac
1451 1943 1641 1982 versus
1666 1928 1814 1980 urbis

244 2034 535 2093 terrestres
553 2022 707 2093 451
737 2038 921 2077 muros
963 2040 976 2075 :
1011 2039 1116 2091 qua
1149 2022 1202 2075 in
1228 2022 1540 2085 Thraciam,
1569 2021 1813 2074 Macula-

245 2116 421 2179 niam,
453 2115 762 2167 universam
794 2115 1029 2180 denique
1061 2112 1322 2167 Gneciam
1357 2115 1480 2167 itur.
1513 2112 1603 2167 Sic
1635 2125 1811 2167 autem

241 2208 513 2276 appellata
548 2207 738 2260 Turcis
764 2216 845 2260 est
874 2223 901 2259 a
936 2207 1038 2259 ledi
1067 2218 1116 2259 et
1173 2206 1330 2271 Cuia,
1387 2224 1615 2274 quorum
1681 2208 1809 2259 illud

240 2311 328 2356 est
345 2310 569 2368 septem,
604 2302 703 2354 hoc
721 2301 950 2353 turrium
969 2300 1416 2369 significationem
1439 2300 1616 2353 habet.
1643 2299 1812 2353 Grmci

241 2410 393 2448 nunc
429 2394 827 2464 Heptapyrgion
864 2394 1073 2456 (licunt,
1104 2404 1195 2446 aut
1237 2391 1642 2465 Heptapyrgon,
1677 2408 1814 2461 puro

242 2495 376 2557 puto
402 2487 663 2541 vocabulo
693 2485 884 2540 Grmco
908 2502 921 2549 ;
949 2487 1322 2545 semiturcico.
1353 2487 1435 2539 vel
1458 2486 1684 2556 hybride
1717 2501 1812 2551 po-

242 2582 376 2644 tius,
411 2579 579 2648 Hepla
606 2580 827 2647 gulades
861 2596 873 2632 :
910 2593 975 2629 ex
1009 2594 1116 2644 quo
1144 2580 1305 2633 etiam
1333 2581 1519 2632 obiter
1581 2578 1808 2646 intelligi

241 2682 439 2735 potest,
466 2670 607 2739 quod
626 2672 895 2726 Africanae
926 2672 1214 2727 Gnletzesit
1243 2682 1459 2741 etymon
1494 2671 1607 2724 sive
1638 2670 1807 2723 notio.

238 2764 364 2831 ipsa
395 2764 609 2832 quidem
647 2780 742 2817 arx
800 2765 1062 2818 custodiae
1116 2765 1384 2823 regiorum
1417 2765 1803 2816 thesaurorum

238 2873 324 2913 est
355 2861 655 2928 adsignata,
693 2871 1087 2927 perpetuasque
1136 2860 1365 2911 militum
1396 2859 1652 2911 excubias
1704 2858 1805 2909 lia-

242 2953 358 3016 In-t,
393 2953 482 3020 qui
519 2952 763 3005 feruntur
794 2967 910 3006 esse
934 2968 1159 3004 numero
1183 2953 1489 3021 quingenti,
1515 2953 1579 3005 de
1610 2950 1807 3020 quibus

234 3045 352 3097 alio
404 3043 540 3097 loco.

277 3182 403 3234 HO.
438 3180 705 3233 Mccfmmt
736 3180 917 3245 bassa‘,
940 3179 1090 3235 varia
1124 3182 1378 3249 scriptura
1412 3181 1545 3232 vocis
1594 3184 1771 3236 unius.

311 3292 388 3345 De
424 3293 527 3345 hoc
586 3291 927 3345 Machumete
961 3291 1233 3345 Laonicus
1294 3292 1445 3346 lue:
1495 3291 1807 3346 Mechume-

237 3396 348 3441 tes.
386 3384 581 3452 inquit,
618 3383 747 3451 regii
800 3383 984 3449 palatii
1016 3384 1122 3435 dux
1162 3390 1366 3451 (postea
1399 3384 1590 3436 ducem
1619 3383 1806 3451 janua-

236 3492 361 3529 rum
382 3477 555 3534 vocat)
570 3488 621 3529 et
642 3476 866 3542 Europa:
881 3476 1190 3543 praefectus,
1211 3477 1353 3529 filius
1372 3476 1812 3539 Michaelis,er-

234 3584 365 3621 eus.
398 3570 459 3620 lit
481 3568 629 3619 addit
665 3567 883 3621 Graecos
905 3582 1099 3633 pueros
1119 3568 1451 3636 (Grteciirnm
1478 3569 1612 3621 filios
1632 3570 1810 3623 dicere

232 3662 431 3714 debuit
461 3659 750 3727 interpres,
785 3659 834 3711 id
857 3660 1213 3726 est,Graecos)
1234 3661 1325 3728 qui
1353 3661 1571 3714 abducti
1600 3662 1808 3732 Byzan-

235 3754 345 3811 tio,
380 3765 503 3803 cum
534 3765 662 3818 rege
691 3751 1195 3813 commorabantur,
1231 3769 1479 3821 magnam
1509 3756 1807 3822 potentiam

232 3843 346 3896 sibi
387 3842 684 3911 peperisse.
756 3826 1004 3897 Nominis
1065 3845 1414 3912 scripturam,
1449 3855 1559 3899 tam
1609 3847 1660 3899 in
1688 3849 1807 3911 hoc,

233 3951 405 4005 quam
424 3935 545 3989 aliis
566 3934 720 3997 locis,
738 3934 808 3988 ab
836 3935 1131 4003 interprete
1149 3938 1375 3991 Caesaris
1393 3950 1664 4005 acceptam
1687 3937 1809 3989 Cul-

227 4029 418 4095 derio,
438 4027 952 4095 retinui.'l‘rip|jcem
976 4043 1105 4081 sane
1127 4030 1320 4095 reperi,
1345 4031 1543 4083 nostris
1564 4031 1613 4082 in
1632 4030 1811 4082 Anna-

230 4123 416 4176 libus:
446 4122 732 4181 Muchmet,
767 4120 1065 4174 Mechemet
1083 4120 1371 4173 Machmut.
1394 4122 1641 4175 lltstorize
1662 4122 1811 4174 Gne-

228 4230 430 4267 c-orum
465 4224 519 4266 et
550 4224 859 4265 nostrorum
900 4213 1180 4265 hominum
1220 4224 1477 4279 praeterea
1528 4214 1810 4266 diversita-

225 4317 321 4359 tes
353 4305 489 4360 alias
525 4306 744 4365 habent,
780 4316 836 4356 ut
868 4303 1200 4362 Muchumet.
1233 4303 1525 4367 Mahumet,
1584 4304 1807 4357 Maelio-

229 4398 695 4465 niet.Mahomet,
728 4398 1038 4458 Mobamed,
1094 4398 1239 4466 quod
1306 4398 1550 4451 Moamcd
1604 4398 1808 4453 Grtecis

222 4502 344 4553 est,
383 4492 587 4559 absque
613 4492 966 4564 aspiratione.
1006 4488 1321 4557 Stephanus
1372 4489 1638 4558 Ungarus,
1678 4507 1808 4545 sane

220 4585 449 4656 peritus
508 4585 781 4651 interpres
843 4583 1151 4651 linguarum
1216 4582 1478 4651 plurium.
1541 4582 1805 4648 Turcicm,

220 4678 504 4739 Arabicae,
537 4676 796 4738 Persicae,
836 4690 999 4745 quem
1031 4675 1189 4729 nobis
1237 4674 1564 4743 impetrante
1598 4674 1807 4744 magni.

223 4774 343 4823 tico
376 4770 595 4823 domino
629 4766 961 4836 Hieronymo
994 4765 1133 4819 Beck
1164 4782 1194 4820 a
1218 4765 1619 4835 Leopoldstorl,
1676 4782 1807 4819 con-

220 4862 419 4913 sulere
456 4859 521 4913 de
551 4859 737 4912 multis
792 4856 962 4920 licuit,
1021 4865 1166 4911 recte
1232 4857 1457 4923 putabat
1522 4856 1574 4908 in
1611 4871 1807 4925 genere

216 4965 350 5006 tum
381 4950 567 5013 scribi,
604 4960 717 5005 tum
742 4949 1039 5010 enuntiari,
1091 4948 1442 5001 Moliamtnet.

220 5092 250 5145 1
276 5089 363 5143 li.
404 5085 551 5138 Finis
581 5086 725 5151 regni
757 5084 1059 5137 Boziueusis
1081 5098 1099 5135 :
1140 5080 1459 5135 observanda
1490 5080 1808 5136 diversitalis

306 5173 567 5210 annomm
592 5158 763 5207 ratio:
789 5155 1039 5215 Stephani
1063 5157 1194 5221 regis
1216 5152 1473 5205 excoriati
1496 5154 1807 5207 calamitas:

304 5228 564 5283 Matthiae
600 5224 847 5295 Ungariw
880 5241 969 5277 rex
994 5226 1247 5295 Bozinam
1276 5221 1493 5288 recipit:
1520 5234 1568 5275 et
1598 5226 1807 5277 illucue-

304 5310 491 5355 meum
519 5299 661 5369 fama
685 5294 800 5351 sola
835 5295 1001 5363 fugat.
1035 5294 1303 5349 Covadza.

301 5435 513 5490 Bellum
543 5434 670 5496 hoc,
706 5431 848 5500 quod
898 5429 1183 5483 Bozinensi
1248 5439 1354 5482 tam
1413 5445 1602 5495 regno,
1637 5445 1799 5500 quam

209 5522 641 5582 ducatuifiuetn
696 5520 896 5582 attulit,
946 5518 1229 5573 Bonflnius
1259 5521 1423 5573 refert
1478 5522 1543 5574 ad
1599 5538 1799 5576 annum

207 5616 607 5676 Christianum
642 5612 798 5667 1465.
829 5612 989 5664 'l‘urci
1026 5626 1151 5663 vero
1192 5612 1431 5673 tradunt.
1472 5613 1575 5668 hoc
1641 5617 1801 5671 annis

208 5729 276 5769 ιι
308 5717 438 5778 post
467 5716 684 5774 captam
739 5703 1273 5772 Constantinopolim
1340 5705 1509 5761 fuisse
1563 5720 1797 5776 gestum.

212 5806 301 5858 De
374 5816 485 5868 quo
545 5799 791 5869 sequitur
848 5799 913 5851 ad
958 5812 1161 5851 annum
1217 5797 1585 5853 Christianum
1658 5800 1796 5856 1661

206 5892 574 5954 referendum
626 5907 767 5947 esse.
824 5892 974 5945 Solet
1014 5891 1179 5945 etiam
1215 5893 1507 5947 usuvenire
1551 5895 1790 5957 plerum.

1917 643 2035 680 rum
2070 628 2331 684 referant.
2379 632 2616 685 Annales
2642 648 2769 685 vero
2829 629 3045 683 'l‘urcici
3101 630 3258 681 finem
3316 644 3493 682 rerum

1921 730 2197 788 gestarum
2228 724 2546 791 respiciunt,
2583 724 2814 791 ideoque
2874 724 2985 776 fere
3031 722 3143 789 jam
3173 720 3337 773 rebus
3367 722 3497 788 ipsis

1918 815 2183 880 expositis
2241 831 2504 870 annorum
2564 833 2824 870 numeros
2884 816 3171 882 adjiciunt.
3222 812 3336 868 Hoc
3375 814 3497 866 dili-

1924 914 2113 973 genter
2176 910 2468 962 observare
2536 910 2792 963 lectorem
2862 910 3045 972 velim,
3101 924 3167 962 ne
3224 924 3307 960 me
3347 917 3499 975 putet

1922 998 2120 1051 alicubi
2153 1009 2353 1053 temere
2385 1014 2622 1056 mutasse
2678 1018 2936 1055 numeros
2973 1002 3040 1055 ab
3098 1002 3218 1053 aliis
3266 1003 3494 1067 pasitos.

1928 1092 2332 1162 llertzegovinze
2368 1096 2470 1147 sub
2529 1098 2713 1163 jngiom
2780 1097 2960 1149 missa:
2995 1096 3216 1148 nomine
3263 1094 3495 1147 ducatus

1926 1184 2241 1241 llozinensis
2266 1188 2603 1257 intelligitur,
2637 1190 2777 1242 alius
2811 1206 2835 1239 ει
2873 1204 3075 1256 regno:
3113 1189 3270 1255 cujus
3312 1187 3497 1239 interi-

1926 1288 2039 1330 tum
2090 1279 2345 1349 deinceps
2392 1298 2618 1333 numero
2668 1292 2913 1336 notarum
2975 1281 3073 1334 162
3134 1294 3490 1348 exponemus.

1928 1370 2079 1437 Quod
2106 1385 2283 1424 autem
2335 1375 2557 1435 dicitur,
2600 1375 2989 1427 Mnehemetem
3048 1375 3260 1428 Bozinte
3311 1389 3488 1442 regem

1924 1480 2141 1531 Captum
2185 1466 2473 1529 occidisse,
2542 1469 2703 1536 paulo
2757 1468 3140 1534 explicandum
3191 1468 3373 1528 latius,
3438 1477 3496 1518 ttt

1925 1559 2140 1623 plenum
2188 1569 2293 1611 tam
2328 1560 2568 1613 barbarae
2612 1560 2847 1629 perfidia:
2902 1560 3276 1624 Muchemetis,
3326 1575 3488 1625 quam

1924 1651 2281 1703 immanitatis
2316 1652 2872 1706 horrendie~faeinus
2929 1662 3312 1719 cognoscatur.
3369 1652 3491 1704 Ste-

1924 1743 2137 1805 phanus
2167 1759 2298 1811 ergo
2335 1760 2427 1796 rex
2464 1744 2798 1804 Bozinensis,
2852 1751 2905 1796 et
2953 1744 3142 1796 uxorio
3196 1744 3317 1811 jure
3367 1743 3489 1811 (ceu

1919 1834 2126 1887 dictum
2158 1837 2316 1903 paulo
2347 1837 2494 1900 ante)
2534 1835 2735 1889 Servize
2768 1836 3042 1889 Rasciatve
3068 1828 3319 1904 despota,
3348 1835 3491 1889 bello

1920 1929 2120 1996 petitus
2155 1944 2181 1980 a
2214 1929 2431 1981 sultano
2460 1929 2800 1983 Mnehemete
2844 1930 2907 1991 ll,
2935 1939 2990 1983 et
3041 1931 3300 1983 obsessus
3353 1928 3492 1982 .lait-

1920 2037 2016 2080 ne.
2058 2020 2337 2074 blanditiis
2374 2024 2588 2091 tyranni
2629 2039 2722 2089 per
2777 2023 3039 2092 quosdam
3101 2025 3166 2076 ile
3218 2022 3490 2077 industria

1917 2114 2248 2167 subornatos
2275 2130 2303 2166 e
2330 2116 2556 2167 castello
2589 2114 2839 2168 Jaitzano
2878 2127 3159 2175 evocatur.
3186 2126 3238 2168 et
3276 2117 3341 2169 ad
3376 2115 3491 2169 cul-

1920 2204 2164 2273 loquium
2216 2208 2535 2260 arcessitur.
2594 2207 2730 2261 Cum
2794 2209 3032 2262 barbaro
3067 2219 3269 2263 temere
3332 2209 3489 2262 fidem

1918 2296 2212 2358 habuisset,
2250 2314 2520 2365 manuque
2543 2301 2718 2364 capita
2749 2302 2896 2368 pacis
2931 2303 3073 2353 inter
3096 2319 3150 2354 se
3175 2318 3237 2355 ac
3274 2302 3494 2356 Muche-

1917 2401 2111 2441 nietem
2148 2390 2296 2443 initte
2326 2402 2567 2459 gestans.
2602 2393 2653 2443 iu
2719 2406 2897 2446 castra
2938 2396 3200 2454 venisset,
3240 2396 3488 2461 capitur:

1914 2495 2057 2544 cute,
2092 2488 2245 2546 jussu
2274 2484 2648 2548 Muchemetis,
2683 2487 2841 2539 vivus
2876 2488 3134 2540 exuitur:
3166 2488 3314 2554 justo
3341 2489 3493 2540 deni-

1912 2588 2018 2641 que
2051 2572 2140 2625 Dei
2174 2572 2379 2641 judicio
2412 2589 2534 2625 cum
2575 2575 2681 2627 vita
2731 2590 2980 2643 regnum,
3016 2591 3126 2642 quo
3162 2574 3349 2628 fraude
3397 2591 3491 2642 pa-

1912 2676 2047 2719 trem
2074 2665 2215 2718 tilius
2250 2666 2548 2719 sceleratus
2570 2676 2910 2729 excusserat,
2950 2668 3173 2721 amittit.
3229 2666 3343 2720 lloc
3373 2683 3492 2720 nio-

1911 2759 1981 2812 do
2012 2768 2121 2811 tum
2155 2758 2354 2812 Bozina
2382 2757 2601 2821 Rascia,
2628 2760 2831 2814 Serviat
2865 2776 3058 2829 magna
3097 2776 3242 2827 pars.
3279 2760 3488 2812 Turco-

1912 2867 2029 2904 rum
2091 2852 2144 2903 in
2201 2861 2525 2920 potestatem
2577 2853 2744 2905 venit.
2812 2851 3067 2905 Matthias
3130 2864 3311 2905 tamen
3393 2868 3485 2907 rex

1912 2942 2167 3010 Ungarus
2214 2942 2440 2997 Jaitzam
2474 2960 2598 2997 cum
2630 2945 2699 2999 27
2747 2946 2960 3000 Bozioaa
2985 2947 3198 3014 oppidis
3253 2945 3486 3012 recepit:

1908 3056 2070 3107 quam
2098 3040 2330 3093 militum
2370 3054 2568 3093 corona
2602 3040 2799 3093 deinde
2826 3050 3053 3094 rursum
3115 3041 3489 3093 Mueheinetes

1908 3132 2294 3198 circumdedit,
2335 3142 2389 3185 et
2414 3134 2787 3201 oppugnavit:
2815 3135 3315 3202 irritoqueconatn,
3347 3131 3489 3184 fama

1836 3253 1882 3313 ε
1916 3226 2178 3277 duntaxat
2203 3224 2548 3278 adventantis
2580 3226 2818 3279 Matthiae
2852 3226 3073 3279 territus
3127 3225 3194 3277 ab
3248 3222 3487 3277 obsidio-

1917 3334 2001 3373 ne.
2035 3318 2357 3384 Boziuzeque
2388 3317 2610 3379 finibus,
2644 3319 2921 3372 discessit.
2979 3318 3054 3370 De
3089 3318 3289 3386 oppido
3336 3315 3491 3370 Hert-

1914 3410 2168 3475 zi-govina
2230 3410 2432 3462 dictum
2470 3410 2744 3477 Superius,
2808 3410 2983 3477 capite
3040 3410 3128 3464 95.
3181 3409 3486 3463 Covadzam

1913 3502 2074 3554 Turci
2121 3518 2243 3555 cum
2306 3502 2588 3555 Bozinacis
2652 3510 2708 3554 et
2764 3502 2980 3554 Creatis
3032 3503 3316 3570 appellant
3369 3518 3490 3570 qua:

1912 3597 2081 3649 Jaitza
2116 3595 2404 3653 Bouillnio,
2475 3594 2895 3665 Chalcocondyli
2954 3593 3154 3656 Gaitia,
3216 3597 3490 3664 pauloque

1914 3691 2115 3742 rei-tius
2139 3687 2325 3741 Gaitza
2363 3688 2697 3742 nominatur.

1873 3838 1879 3847 .
1914 3801 2034 3854 142.
2060 3800 2245 3855 Plures
2264 3801 2316 3853 in
2331 3800 2555 3854 Albania
2572 3802 2863 3865 principum
2884 3800 3142 3854 ditiones:
3168 3798 3486 3866 Giolclu'sar,

2581 3870 2822 3938 Egripns.

1983 3963 2151 4018 Erant
2186 3965 2237 4017 in
2274 3964 2503 4017 Albania
2534 3964 2717 4031 plures
2742 3964 2936 4031 reguli,
2966 3965 3056 4031 qui
3126 3979 3256 4018 snas
3292 3964 3488 4033 singuli

1913 4052 2148 4109 ditiones
2216 4057 2509 4108 habebant.
2560 4055 2705 4108 Inter
2768 4056 2863 4108 has
2922 4064 3039 4107 crat
3096 4055 3302 4116 Ibanis,
3375 4056 3490 4107 sive

1911 4145 2137 4200 Joannis
2162 4164 2176 4210 ;
2201 4146 2485 4201 Castriotte
2518 4148 2688 4215 regio,
2723 4148 2788 4201 de
2838 4164 2943 4216 qua
2975 4150 3228 4217 superius
3279 4149 3487 4201 dictum

1912 4244 2088 4311 Capite
2110 4242 2230 4296 121.
2267 4242 2415 4295 llanc
2448 4243 2617 4295 armis
2647 4258 2789 4294 nunc
2841 4243 3072 4310 imperio
3132 4242 3489 4297 Muchemetis

1912 4336 2143 4389 cessisse
2169 4334 2412 4388 referunt
2447 4334 2706 4397 Annales,
2736 4334 2880 4403 quod
2930 4334 3019 4386 alii
3067 4333 3272 4387 factum
3333 4334 3490 4388 dedi-

1913 4429 2058 4482 tione
2095 4436 2341 4479 narrant.
2376 4424 2643 4478 Laonieus
2678 4426 2777 4478 hac
2812 4427 2951 4477 serie
3000 4426 3237 4479 ditioues
3266 4442 3488 4480 enume-

1913 4529 2014 4574 rat.
2073 4515 2315 4569 Prinmm
2382 4516 2455 4568 ait
2504 4514 2755 4567 Sandalis
2806 4516 2857 4567 in
2892 4516 3035 4584 Epiri
3071 4517 3267 4569 vicinia
3328 4518 3486 4572 sitam

1842 4592 2033 4662 I)esse
2055 4610 2351 4676 regionem.
2410 4607 2499 4660 cui
2570 4609 2812 4661 ﬁnitimae
2875 4609 2983 4662 sint
3012 4607 3336 4662 Venetorum
3384 4612 3489 4665 ali-

1913 4714 2045 4772 quot
2081 4704 2265 4765 urbes,
2296 4702 2538 4755 Albaniae
2571 4702 2851 4771 proximae.
2906 4699 3134 4755 Joannis
3170 4704 3294 4756 inde
3349 4702 3487 4758 Cas-

1915 4797 2094 4851 triotis
2125 4810 2313 4861 agrum
2348 4795 2661 4858 succedere,
2696 4794 2781 4847 cui
2809 4793 2879 4846 sit
2900 4793 3107 4845 adnexa
3141 4796 3289 4863 regio
3321 4796 3488 4851 Com-

1914 4883 2299 4937 neniadarum.
2340 4880 2477 4935 Hinc
2516 4882 2675 4935 sitam
2724 4883 2955 4935 ulterius
2990 4882 3270 4946 Arianitte,
3324 4886 3488 4938 Com-

1919 4976 2040 5029 neni
2072 4974 2188 5036 filii,
2226 4973 2484 5027 ditionem
2511 4988 2757 5040 asperam
2806 4982 2860 5025 et
2923 4986 3294 5029 inontnosain.
3357 4978 3488 5045 ltjus

1917 5065 2412 5135 regiamvocabulo
2447 5080 2589 5117 nunc
2634 5066 2796 5116 etiam
2832 5075 2982 5124 noto.
3038 5064 3282 5119 Cannina
3335 5067 3486 5122 diee-

1916 5158 2068 5218 bant,
2102 5173 2327 5209 numero
2361 5157 2754 5209 multitudinis:
2811 5172 2932 5224 qua:
2997 5172 3162 5225 supra
3221 5157 3483 5213 Valonam

1914 5251 1997 5303 vel
2037 5249 2329 5301 Auloniam
2393 5248 2445 5300 in
2482 5249 2699 5301 sublimi
2752 5249 2926 5315 posita
2983 5250 3339 5318 conspicitur.
3375 5252 3481 5305 Arx

1913 5344 2248 5397 Caramania:
2280 5342 2607 5403 Giolchisar,
2636 5342 2794 5410 cnjns
2828 5344 2988 5410 paulo
3018 5356 3141 5413 post
3168 5345 3374 5397 mentio
3398 5346 3479 5401 fit.

1912 5432 2445 5487 in'Anatoliaatabula
2472 5433 2937 5499 cbronographica
2972 5432 3234 5486 scribitur
3268 5433 3487 5486 Culchi-

1908 5540 2018 5577 sar.
2051 5524 2278 5592 Egripos
2307 5525 2479 5577 insula
2511 5522 2703 5577 Turcis
2728 5524 2944 5587 dicitur,
2979 5540 3143 5594 quam
3176 5526 3338 5595 vulgo
3364 5526 3475 5594 jam

1906 5615 2310 5686 Negropontuin
2344 5618 2638 5685 appellant,
2674 5620 2813 5671 sicut
2840 5630 2892 5671 et
2920 5618 3233 5686 primariam
3286 5619 3478 5672 insulae

1905 5708 2221 5762 civitatem:
2274 5724 2391 5776 quis
2447 5718 2633 5775 ponte,
2677 5711 2762 5760 cui
2821 5708 3104 5761 castellum
3162 5708 3477 5776 adjunctqu

1905 5810 2007 5862 cst,
2044 5814 2167 5854 cum
2202 5799 2415 5852 Achaia:
2442 5801 2741 5853 continenti
2794 5800 3048 5853 cohaeret.
3084 5797 3215 5853 Urbi
3275 5815 3474 5851 nomen

1904 5894 2045 5956 apud
2081 5894 2290 5957 priscos
2333 5902 2451 5949 erat
2496 5892 2737 5957 Chalcis,
2795 5894 2986 5948 insulae
3019 5908 3167 5958 vero,
3226 5892 3470 5948 Eubma.
