4198 6426
738 373 846 440 897

1945 399 2264 457 JHANNIS
2301 400 2761 460 LEUNCLAVII

3860 403 3968 471 @8

739 507 901 550 quam
928 481 1108 562 Eutipi
1143 497 1316 552 ﬂuxus
1349 503 1674 569 nobilitavit,
1737 519 1791 561 tit
1849 509 2104 576 Euripum
2150 514 2294 580 prin-.-
2325 515 2368 568 Λ
2401 522 2500 566 ret.
2543 513 2608 566 Ει
2646 515 2772 581 quia
2796 516 2980 570 deesse
3017 533 3121 570 nou
3162 518 3358 571 soleret
3393 518 3586 576 oﬁicio.
3617 520 3665 568 iu
3706 517 3967 569 oliseiva-

739 602 866 652 ceps
893 588 981 640 ille
1008 590 1451 661 philosophorum
1484 599 1820 656 Aristoteles.
1889 605 2016 658 Nam
2071 611 2114 662 si
2173 627 2296 664 vera

738 689 884 736 sunt,
919 696 1036 744 qute
1075 684 1140 733 de.
1173 684 1306 751 ipso,
1337 703 1530 744 causas
1584 706 1757 746 motus
1809 695 1988 766 iiiiiipi
2043 705 2301 768 pervesti-

737 782 912 831 gante.
952 775 1300 830 reteruutur:
1347 779 1507 849 452
1559 801 1677 836 cum
1716 793 1928 842 tandem
1981 793 2301 850 Aristoteles

738 856 997 925 Euripum
1027 880 1219 925 capere
1235 884 1339 922 non
1379 887 1580 939 posset,
1618 881 1756 944 cepit
1785 880 2016 948 Euripus
2036 886 2301 942 Aristote-

737 958 858 1002 lem.
888 953 1014 1005 Erat
1040 955 1263 1022 Enhtra,
1284 975 1403 1014 cum
1426 980 1454 1017 a
1490 967 1818 1024 Muchemete
1841 975 1976 1028 bello
2009 989 2294 1047 peteretur,

739 1040 1452 1117 Venetoruminpotestate.
1508 1059 1878 1119 Βυῖυηάειωιη
1928 1085 2044 1122 eam
2111 1083 2319 1125 contra-

736 1134 942 1190 Turcos
974 1143 1174 1193 acriter
1197 1148 1414 1200 nomine
1462 1151 1778 1218 reipublicae
1835 1158 2143 1216 Ludovicus
2177 1165 2300 1218 Cal-

737 1229 856 1292 bus,
889 1240 940 1284 et
971 1233 1166 1288 Paulus
1203 1237 1448 1306 Erizzus,
1479 1246 1559 1296 vel
1593 1246 1856 1311 Ericcius,
1886 1262 2084 1319 prmtor
2139 1257 2300 1312 Chal-

735 1321 894 1387 cidis,
933 1340 1091 1392 quem
1125 1339 1448 1394 potestatum
1477 1335 1663 1390 Veneti
1696 1343 1997 1399 nominant.
2025 1345 2128 1401 Sed
2162 1352 2300 1404 clas—

735 1429 791 1472 se
816 1416 1011 1469 Veneta
1050 1421 1163 1475 suis
1185 1439 1508 1482 succurrere
1543 1448 1646 1486 non
1684 1452 1840 1498 ausa,
1873 1443 2090 1495 tandem
2154 1447 2302 1513 uppi-

735 1509 922 1602 doppr
945 1511 1046 1563 vim
1068 1515 1221 1580 potiti
1254 1517 1403 1574 fuere
1432 1523 1615 1578 Turci.
1654 1527 1789 1583 Filia
1811 1530 1962 1586 Pauli
2027 1509 2298 1602 praete—ris,

737 1599 870 1650 urbe
904 1615 1079 1668 capta,
1128 1620 1346 1677 propter
1408 1615 1674 1686 insignem
1731 1622 1918 1678 fortine
1958 1640 2295 1684 venustatem

735 1691 799 1740 ad
859 1694 1137 1750 sultanum
1207 1700 1600 1761 Muchemetem
1655 1713 1906 1779 deducta,
1961 1724 2294 1778 memorabili

734 1787 982 1852 «ιχριιψιη
1012 1791 1282 1856 pudicitiae
1310 1800 1446 1852 mori
1480 1804 1691 1868 maluit,
1721 1823 1883 1875 quam
1930 1813 2048 1877 ejus
2075 1831 2133 1869 se
2177 1817 2296 1870 libi-

736 1874 844 1926 dini
883 1882 1223 1944 prostituere.

737 1989 859 2044 “3.
896 1993 1303 2093 LISUM‘GA/ltl'ﬁil",
1328 2006 1559 2093 Δ,ΙηειζῙῖῑε
1594 2014 1703 2093 beg,
1739 2017 2079 2093 Mitslap/tam
2124 2027 2293 2093 ﬁlium

1045 2069 1393 2130 illuc/temet“
1425 2069 1754 2151 strangulari

807 2154 876 2208 De
902 2158 1056 2228 hujus
1089 2164 1356 2224 Chasanis
1396 2174 1602 2243 origine
1651 2179 1972 2239 Reincecius
2031 2191 2293 2258 exquisite

731 2245 970 2303 disserit.
1006 2253 1157 2308 Usun
1185 2275 1213 2312 a
1256 2259 1448 2320 Turcis
1477 2269 1546 2319 ob
1576 2279 1842 2327 staturam
1878 2245 2128 2347 corporis
2176 2283 2291 2335 exi-

734 2353 895 2392 miam
930 2345 1231 2404 dicebatur.
1259 2352 1392 2409 Nam
1447 2358 1590 2414 Usun
1618 2367 1698 2417 eis
1747 2367 2017 2433 signiﬁcat
2072 2375 2289 2446 longum

731 2445 844 2522 §'"‘
865 2449 1170 2503 Pl‘OCL‘I'I'III.
1203 2447 1291 2512 Qui
1330 2445 1546 2505 Persica
1588 2455 1765 2522 lingua
1812 2459 1966 2516 Diras
1997 2463 2290 2522 diceretur.

732 2520 1000 2622 Laonicns
1030 2547 1249 2622 quoque
1274 2537 1572 2597 Chasanem
1605 2520 1846 2614 Longum
1881 2556 2133 2622 appellat.
2168 2520 2294 2612 Joa;

727 2617 944 2672 rhnuus
1013 2621 1243 2691 Cureus,
1297 2629 1611 2688 Silesiorum
1677 2640 1990 2714 historicus,
2047 2650 2293 2706 nominat

731 2705 768 2756 l;
783 2725 1167 2778 ussancanmn,
1195 2720 1273 2773 vel
1293 2736 1544 2794 corrupta
1567 2746 1714 2794 voce,
1735 2735 1817 2788 vel
1839 2736 1890 2789 in
1913 2735 2120 2794 Hassan
2139 2741 2290 2796 Chan

733 2803 1008 2866 litulzllttla,
1036 2810 1182 2874 quod
1223 2824 1368 2869 esset
1396 2817 1681 2886 Hispanico
1729 2841 1898 2891 more,
1950 2829 2064 2884 Don
2109 2833 2290 2889 Hasan

730 2891 1204 2956 velChasan.Sed
1260 2906 1401 2973 ipsos
1459 2910 1704 2970 Persicos
1765 2935 1918 2988 reges
1965 2939 2032 2976 co
2076 2929 2294 2982 nomine

733 2997 860 3036 usos
886 3001 991 3040 non
1018 2994 1238 3048 tuemini
1259 2999 1341 3051 vel
1365 3001 1559 3069 legere,
1584 3008 1664 3059 vel
1693 3010 1912 3066 audire:
1943 3017 2084 3082 quod
2115 3027 2289 3070 tamen

732 3080 1047 3141 proceribus
1078 3086 1250 3141 eidem
1283 3093 1393 3160 regi
1422 3095 1655 3153 subditis
1691 3103 1852 3156 tribui
1885 3080 2017 3168 scio.
2050 3121 2100 3161 et
2131 3119 2288 3164 antea

731 3177 947 3223 notasse
985 3177 1269 3232 recordor.
1309 3179 1538 3238 Jusul‘ze
1565 3190 1645 3242 vel
1697 3191 1921 3264 Jusul‘ge
1955 3213 2150 3254 nomen
2207 3202 2292 3254 iti-
2317 3211 2362 3269 α

728 3263 847 3312 «Ιιιηι
887 3264 1085 3318 factum
1114 3281 1196 3322 est
1229 3287 1256 3323 a
1289 3281 1520 3340 statura,
1549 3281 1718 3336 forma
1751 3263 2047 3344 deminuta.
2084 3292 2302 3363 Signiﬁ-

729 3362 813 3402 cat
845 3355 987 3406 enim
1013 3354 1390 3428 Josephnlum.
1432 3366 1620 3424 Jovius
1661 3354 2296 3452 simpliciterJosephum

733 3445 996 3501 imminut.
1038 3449 1108 3503 De
1146 3453 1344 3510 Tocata
1381 3463 1632 3528 Superius
1668 3469 1912 3534 quzedani
1953 3445 2297 3545 habes-capi-

734 3547 782 3585 te
816 3537 904 3591 75.
944 3539 1080 3595 Cum
1118 3547 1318 3601 dicitur
1349 3566 1376 3604 a
1415 3565 1568 3621 patre
1593 3557 1906 3628 Musuaphas
1966 3565 2134 3620 fuisse
2168 3585 2298 3636 pra!-

732 3627 904 3686 fectus
934 3633 1001 3689 iis
1034 3637 1189 3702 locis,
1224 3643 1543 3714 intelligitur
1567 3627 1786 3708 Amasia
1811 3673 1825 3709 :
1850 3657 1915 3710 de
1964 3674 2068 3726 qua
2095 3627 2294 3716 dictum

730 3722 886 3775 initio
916 3724 1321 3800 declarationis,
1378 3741 1557 3808 capite
1613 3755 1861 3800 notarum
1897 3748 1948 3802 6.
1984 3722 2297 3822 illustaphas

733 3815 818 3867 hic
842 3827 967 3871 ante
997 3835 1200 3887 patrem
1224 3832 1531 3887 exstinctus
1567 3833 1690 3902 fuit,
1719 3838 1841 3892 aliis
1871 3844 2140 3897 venationi
2172 3865 2298 3902 cau-

730 3926 846 3962 sam
883 3915 1075 3970 niortis
1118 3920 1668 3988 ascribentibus,aliis
1717 3929 1898 3985 nimia:
1925 3933 2136 3992 Veneri.
2190 3936 2298 3992 No-

733 4002 814 4054 bis
839 4018 902 4056 ea
940 4005 1084 4061 luhet
1115 4010 1515 4080 interpretando
1540 4019 1801 4087 adjicere,
1848 4039 1968 4093 quae
1989 4028 2146 4098 digna
2182 4048 2296 4084 me-

731 4105 942 4186 moratu
970 4096 1036 4150 de
1063 4100 1233 4167 ipsius
1265 4104 1484 4186 interitu
1510 4111 1747 4176 prodidit
1772 4096 2177 4186 Spauduginus.
2209 4127 2297 4178 Ait

728 4183 899 4247 cnim,
957 4189 1270 4246 Achmetem
1325 4183 1566 4260 bassant.
1618 4183 2290 4278 cognomentohBidicem,

728 4280 794 4329 de
830 4296 938 4349 quo
973 4284 1155 4336 statim
1177 4285 1332 4354 plura
1359 4289 1558 4345 dicturi
1586 4311 1798 4360 sumus,
1833 4299 2086 4357 habuisse
2141 4307 2296 4361 lenii-

728 4387 852 4423 nam
888 4372 1061 4427 forma
1094 4386 1465 4443 prastantem,
1504 4383 1662 4452 cujus
1687 4402 1875 4444 amore
1921 4404 2110 4461 captus
2134 4396 2295 4454 fuerit

728 4457 1045 4530 Mustaphas
1077 4465 1184 4528 hic,
1209 4466 1568 4527 Muchemetis
1592 4474 1768 4532 ﬁlius:
1821 4495 1941 4534 cum
1988 4457 2292 4555 valiQuando

2405 603 2702 672 tionejuris
2734 615 2787 658 et
2816 607 2976 673 aequi,
3015 607 3058 661 si
3091 609 3306 676 quidem
3344 610 3414 661 ita
3434 610 3640 661 libitum
3665 609 3712 661 ei
3751 609 3996 667 fuisset“

2403 693 2615 746 misisse
2652 703 2770 762 post
2798 697 3337 765 triduumquemdam
3369 713 3398 750 e
3449 699 3584 756 suis,
3618 699 3708 764 qui
3760 696 3964 748 Musta-

2403 786 2519 853 phte
2552 802 2719 838 nervo
2754 786 2951 853 injecto
2982 787 3166 842 fauces
3194 789 3349 856 jussu
3383 791 3546 858 patris
3581 789 3802 842 eliserit.
3837 789 3964 840 lla:c

2404 877 2809 948 Spanduginus.
2831 877 2960 943 Quae
2988 895 3118 933 sane
3145 880 3188 931 si
3214 895 3337 934 vera
3372 890 3520 941 sunt,
3555 881 3871 948 utplurihus
3892 897 3960 931 ex

2402 972 2581 1025 causis
2607 987 2724 1024 esse
2752 972 2999 1026 videntur
3019 1017 3032 1038 ,
3087 974 3435 1027 memorabile
3465 973 3620 1026 nobis
3652 973 3959 1037 exemplum

2401 1063 2611 1131 paterni
2663 1064 2856 1130 rigoris
2895 1079 3020 1132 erga
3052 1065 3241 1126 ﬁlium,
3272 1065 3555 1133 caateroqui
3609 1073 3958 1132 praestantem

2401 1158 2604 1214 virum.
2631 1157 2682 1207 in
2709 1171 2771 1208 ea
2807 1165 2960 1224 gente
2991 1157 3232 1224 praebent
3261 1175 3273 1208 :
3303 1157 3459 1225 cujus
3491 1157 3686 1210 sultani
3718 1171 3848 1208 suos
3904 1157 3958 1208 in

2402 1246 2665 1299 vilissima
2697 1247 2991 1314 mancipia,
3048 1263 3116 1302 ne
3172 1249 3654 1317 maximaqnidem
3693 1248 3960 1312 dignitate

2401 1337 2532 1386 viris
2579 1337 2876 1390 secundum
2937 1339 3082 1405 ipsos
3160 1340 3432 1408 principes
3505 1341 3957 1408 repugnantibus,

2400 1429 2614 1495 quidvis
2644 1430 2745 1484 sibi
2780 1431 2940 1484 licere
2963 1441 3173 1496 putant.

2702 1523 2820 1578 “4.
2858 1521 3200 1589 Carachisar,
3258 1523 3394 1577 σιω.
3445 1523 3646 1579 Muret.

2471 1614 2764 1668 Clauserus
2824 1615 2875 1666 in
2925 1613 3378 1685 Chalcocondylis
3432 1617 3787 1671 conversione
3864 1633 3960 1671 sua

2401 1723 2594 1761 nomen
2631 1707 2804 1770 urbis,
2837 1724 2998 1776 quam
3025 1708 3390 1764 Muchemetes
3419 1711 3471 1763 in
3495 1712 3760 1764 Chasanis
3779 1713 3963 1779 regio-

2401 1814 2522 1851 nem
2550 1813 2774 1867 pergens
2801 1801 3098 1866 occuparit,
3133 1816 3237 1853 non
3278 1810 3553 1868 repertum
3579 1803 3659 1868 (ut
3691 1801 3956 1870 arbitror)

2404 1891 2454 1944 in
2481 1907 2577 1942 suo
2605 1891 2812 1954 codice,
2844 1892 3046 1944 omisit.
3083 1893 3385 1961 Ascr‘iptum
3414 1902 3592 1947 tamen
3625 1904 3710 1948 est
3759 1895 3962 1963 margi-

2403 1982 2453 2033 ni
2488 1982 2552 2033 de
2603 1983 2738 2034 libro
2791 1981 3130 2036 Gundeliano
3179 1983 3371 2053 Coryci
3424 2000 3644 2048 nomen,
3698 2002 3763 2039 ac
3817 2001 3964 2040 recte

2403 2074 2639 2138 quidem.
2667 2071 2802 2126 Nam
2831 2074 3097 2142 Corycum
3124 2076 3288 2143 cepit,
3313 2090 3473 2144 quam
3509 2076 3670 2130 Turci
3700 2095 3859 2132 suam
3896 2081 3960 2132 ad

2403 2164 2637 2230 linguam
2676 2167 2920 2217 nonnihil
2947 2169 3449 2234 accommodatum,
3491 2178 3546 2223 et
3596 2169 3964 2223 Charaehisar

2402 2253 2667 2306 dixerunt.
2691 2253 3000 2308 Monuimus
3031 2256 3174 2308 enim
3227 2273 3411 2325 supra,
3451 2275 3572 2327 cap.
3631 2259 3716 2320 l5,
3769 2257 3965 2313 Turcis

2401 2362 2520 2398 esse
2548 2348 2598 2398 in
2624 2363 2794 2413 more,
2820 2351 2899 2403 sic
2930 2353 3150 2420 antiqua
3175 2363 3384 2406 mutare
3410 2355 3631 2406 nomina
3654 2354 3962 2416 civitatum,

2401 2450 3090 2511 Castrorum,magnorum,
3151 2445 3457 2510 ﬂuminum,
3519 2450 3842 2516 regionum:
3909 2459 3966 2501 ut

2402 2533 2704 2599 priscorum
2729 2533 3038 2589 aﬂinitatem
3064 2537 3372 2600 retinentia,
3399 2539 3757 2592 nihilominus
3784 2543 3835 2592 in
3865 2556 3963 2592 sua

2403 2623 2579 2692 lingua
2615 2626 2868 2692 quiddam
2917 2628 3240 2696 signiﬁcent.
3299 2628 3376 2682 lta
3409 2630 3474 2683 de
3505 2630 3710 2700 Coryco
3758 2631 3961 2685 factum

2398 2717 2743 2783 Caraehisar,
2789 2720 2930 2787 quod
2998 2720 3225 2773 Tureice
3279 2729 3437 2775 sonat
3497 2736 3673 2775 arcem
3725 2725 3961 2792 nigram.

2400 2811 2554 2877 Apud
2593 2810 2935 2866 Orteliumin
2989 2812 3318 2882 Synonymia
3376 2815 3732 2882 geographica
3783 2814 3964 2868 Curcu

2399 2900 2569 2968 Nigri,
2594 2912 2645 2954 et
2675 2903 2879 2955 Corcos
2910 2919 2973 2955 ex
3003 2904 3279 2956 itinerario
3304 2902 3656 2968 Benjaminis,
3711 2904 3962 2958 admitto.

2401 2994 2718 3048 Mercatoris
2740 3011 2865 3050 vero
2887 2994 3135 3058 Chutam,
3169 3011 3291 3050 cum
3339 2996 3545 3050 Cliuteo
3574 2993 3791 3062 Josephi
3830 2996 3961 3045 Bur-

2401 3088 2537 3149 lzari.
2583 3089 2715 3142 nihil
2767 3088 2833 3143 ad
2868 3090 3136 3160 Corycum
3194 3090 3468 3158 pertinere
3525 3098 3675 3158 puto.
3727 3087 3966 3141 Murates

2400 3179 2507 3239 ille.
2531 3179 2801 3233 Romaniae
2829 3181 2906 3234 vel
2932 3181 3156 3250 Europae
3181 3181 3554 3250 beglerbegus,
3572 3181 3731 3250 cujus
3753 3195 3952 3232 nomen
3994 3225 3998 3228 .

2404 3272 2492 3327 hic
2552 3273 2863 3343 subjicitur,
2903 3283 3323 3343 cognominatus
3360 3273 3460 3328 fuit
3506 3271 3672 3337 Chas,
3707 3273 3814 3326 hoc
3858 3282 3963 3336 est,

2400 3366 2618 3432 elegans
2640 3373 2736 3418 aut
2759 3376 3036 3420 venustus.

2429 3474 2553 3527 HS.
2596 3471 3010 3528 Usumcliasauis
3035 3475 3175 3542 ﬁlius
3202 3472 3403 3527 Zeineli
3462 3488 3628 3527 ca'sus
3659 3470 3714 3525 in
3751 3473 3941 3540 pratia

2885 3557 3069 3598 contra
3103 3546 3496 3598 Muchemctem.

2468 3635 2569 3702 Qui
2610 3638 2711 3693 hoc
2747 3638 2937 3706 prmlio
2973 3636 3075 3690 fuit
3103 3637 3420 3691 interfectus
3467 3635 3738 3690 Chasanis
3788 3634 3963 3704 Longi

2399 3733 2566 3796 ﬁlius,
2594 3733 2798 3786 nullum
2836 3732 2924 3785 hic
2969 3732 3023 3784 in
3057 3731 3358 3784 Annalibus
3418 3745 3617 3784 nomen
3640 3726 3843 3784 habet.
3873 3729 3967 3783 Se-

2399 3824 2665 3878 cretarius
2686 3833 2866 3878 autem
2897 3821 3230 3890 Sigismundi
3267 3820 3580 3880 Malatestze,
3608 3819 3782 3888 reguli
3841 3821 3967 3871 Ari-

2400 3917 2680 3976 minensis,
2709 3916 2801 3983 qui
2837 3927 2964 3969 tunc
2987 3915 3137 3978 vixit,
3180 3923 3234 3968 et
3259 3913 3530 3981 plerisque
3557 3912 3717 3966 rebus
3746 3912 3799 3964 id
3830 3923 3968 3965 tem-

2399 4007 2617 4074 porisin
2645 4005 2854 4062 Graecia
2882 4015 2935 4060 et
2980 4005 3234 4060 Anatolia
3274 4005 3446 4074 gestis.
3485 4019 3610 4058 cum
3656 4005 3790 4057 hero
3841 4019 3966 4065 suo,

2399 4114 2607 4166 magna:
2635 4099 2870 4164 virtutis,
2903 4107 2956 4152 et
2999 4099 3234 4153 nominis
3278 4098 3408 4152 clari
3459 4098 3617 4160 duce,
3669 4097 3964 4155 interfuit;

2399 4191 2669 4245 Zenialem
2696 4203 2870 4255 vocat,
2903 4193 2996 4262 qui
3035 4192 3188 4247 Jevio
3237 4191 3431 4262 Zeynal
3481 4191 3699 4244 dicitur.
3752 4189 3802 4242 ls
3837 4207 3969 4242 νυνι)

2398 4284 2592 4340 Turcis
2620 4297 2701 4342 est
2724 4285 2949 4348 Zeineli,
2975 4285 3241 4340 vocabulo
3276 4285 3621 4355 signiﬁcante
3657 4283 3966 4346 hominem,

2398 4378 2484 4432 cui
2534 4379 2723 4433 dentes
2760 4389 2854 4433 aut
2915 4379 3147 4432 maxilla:
3199 4377 3544 4447 praegrandes
3605 4386 3754 4429 sunt.
3806 4376 3966 4428 Illum

2399 4471 2571 4524 Latini
2602 4471 2881 4525 Dentatum
2903 4477 3189 4533 vocarunt,
3215 4471 3360 4524 hunc
3395 4469 3565 4523 Graeci
3590 4467 3964 4526 Gnathonem.

727 4551 780 4604 in
807 4554 1008 4617 aulam,
1035 4556 1194 4611 olﬁcii
1221 4572 1407 4623 causa,
1427 4579 1645 4619 manum
1674 4551 2290 4644 patrisexosculaturus,
2329 4565 2340 4618 Ῑ

2403 4564 2620 4631 opinor:
2648 4563 2737 4632 qui
2764 4577 2832 4616 an
2865 4562 3056 4618 Latine
3096 4562 3400 4618 Maxitlatus
3441 4562 3548 4616 dici
3603 4565 3806 4630 possit.
3873 4563 3964 4615 alii

725 4645 984 4701 venisset.
1010 4646 1140 4705 Inde
1170 4649 1396 4717 factum,
1431 4668 1485 4708 ut
1521 4657 1606 4710 illa
1633 4661 1868 4728 quodam
1890 4673 2129 4736 tempore
2177 4671 2293 4725 hal-

724 4754 887 4792 neum
921 4742 1041 4811 (pro
1069 4760 1222 4800 more
1253 4746 1484 4803 Tureico
1515 4751 1783 4822 ingressa,
1839 4757 2147 4828 blustaphas
2196 4779 2293 4816 eo.

722 4830 844 4882 dem
879 4847 937 4887 se
967 4833 1267 4902 conferret,
1297 4848 1352 4892 et
1380 4841 1580 4895 nudam
1611 4844 1694 4911 (ut
1727 4847 1865 4914 erat)
1896 4848 2038 4900 nulla
2074 4853 2293 4919 pudoris

726 4921 911 4977 habita
945 4925 1176 4990 ratione,
1210 4929 1458 4985 violaret.
1494 4933 1776 5005 Indignum
1807 4939 1907 4993 hoc
1937 4940 2148 4996 facinus
2169 4960 2290 4998 cum

721 5018 1014 5072 Achuietes
1053 5022 1119 5073 ad
1150 5023 1426 5077 sultanum
1471 5024 1864 5082 Muchemeteiu
1897 5032 2151 5099 deferret,
2212 5037 2294 5090 di-

724 5108 1084 5180 laceratisque
1167 5115 1409 5170 vestibus
1523 5132 1589 5172 ac
1673 5122 1966 5190 tulipauto,
2055 5127 2121 5179 de
2185 5138 2291 5181 tam

725 5204 872 5272 gravi
925 5219 1247 5273 quereretur
1267 5209 1488 5277 injuria.
1527 5214 1817 5267 vindictam
1877 5217 2102 5271 sceleris
2133 5233 2297 5285 expo-

724 5302 1271 5370 ceus:respondisse
1330 5303 1752 5369 Mucheinetem,
1783 5322 1882 5361 cur
1939 5307 2006 5362 iis
2058 5312 2296 5378 querelis

727 5395 1006 5448 uteretur?
1034 5411 1101 5448 an
1135 5397 1393 5463 nesciret,
1431 5399 1629 5453 sultani
1659 5416 1717 5454 se
1752 5400 2084 5469 mancipium
2131 5403 2295 5456 esse?

727 5490 784 5542 Si
828 5489 1061 5544 maxime
1085 5491 1247 5557 ﬁlius,
1279 5492 1476 5562 inquit,
1504 5509 1657 5548 meus
1681 5492 1994 5562 Mustaphas
2025 5499 2077 5548 iu
2111 5497 2298 5562 uxoris

729 5594 832 5634 tua:
862 5584 1178 5649 complexus
1206 5586 1371 5649 venit,
1435 5603 1502 5639 an
1557 5602 1663 5640 non
1709 5602 1827 5640 meo
1857 5602 1980 5640 cum
2032 5589 2298 5655 mancipio

730 5693 844 5730 rem
895 5677 1120 5731 habuit?
1181 5677 1360 5732 Nihilo
1394 5688 1572 5732 tamen
1623 5681 1805 5734 minus
1855 5690 2062 5748 patrem
2095 5681 2161 5733 de
2206 5680 2296 5731 tali

731 5782 942 5834 patrato
969 5771 1207 5824 l'aciuore
1235 5770 1403 5824 tilium
1428 5782 1640 5826 secreto
1654 5789 1816 5841 quam
1837 5773 2102 5827 acerrime
2120 5774 2299 5828 incre-

733 5880 909 5932 passc,
944 5863 1307 5933 jussisscque,
1347 5876 1523 5919 utsuo
1555 5875 1848 5937 conspectu
1871 5866 2016 5921 illico
2049 5867 2295 5921 discede-

2401 4656 2648 4708 viderint.

2398 4765 2712 4840 453146.
2744 4767 3023 4822 Moldavia:
3067 4765 3297 4840 Vaivoda
3333 4767 3530 4822 Turcos
3571 4767 3771 4838 ingenti
3812 4768 3968 4820 clade

3088 4839 3268 4907 afﬁcit.

2476 4935 2756 4988 Moldavia:
2787 4931 3081 4986 Vaivodam
3105 4947 3231 4985 cum
3265 4932 3521 4998 dicimus,
3552 4936 3785 4999 semper?
3807 4931 3970 4986 illum

2403 5028 2782 5096 intelligimus,
2809 5041 2974 5091 quem
3005 5042 3033 5078 a
3059 5025 3256 5079 Turcis
3288 5025 3585 5094 principem
3619 5025 3974 5091 Carabogda-

2403 5123 2505 5176 nize
2534 5121 2828 5183 nominari,
2863 5119 3176 5172 monuimus
3217 5133 3404 5185 supra,
3434 5132 3556 5185 cap.
3595 5116 3681 5170 7t.
3709 5115 3812 5180 Qui
3845 5133 3977 5170 vero

2403 5215 2602 5269 caulem
2646 5215 2790 5268 hanc
2811 5211 3115 5266 Turcorum
3143 5211 3412 5278 insignem
3446 5211 3635 5272 edidit,
3658 5209 3977 5277 appellatur

2403 5323 2431 5360 a
2455 5306 2700 5359 Bonﬁnio
2743 5315 2796 5360 et
2842 5303 3017 5358 Cureo
3052 5300 3383 5370 Stephanus,
3441 5317 3668 5369 magnus
3694 5315 3829 5353 sane
3864 5301 3974 5362 vir,

2403 5409 2458 5451 et
2481 5398 2620 5451 bello
2644 5397 2771 5450 telis
2797 5412 2813 5449 :
2838 5397 2927 5463 qui
2964 5411 3071 5448 non
3105 5393 3312 5447 'l‘urcos
3345 5395 3507 5448 modo
3535 5393 3744 5454 cecidit,
3768 5407 3976 5447 verum

2404 5492 2566 5544 etiam
2601 5488 2796 5544 illustri
2845 5487 2913 5542 de
2944 5486 3160 5541 'Iataris
3192 5489 3396 5556 potitus
3429 5495 3512 5540 cst
3549 5485 3792 5539 victoria.
3839 5484 3983 5550 Qua

2406 5583 2598 5637 Tui-cis
2625 5581 2881 5636 Iscodara
2912 5581 3021 5643 sit,
3056 5581 3386 5648 explicatum
3415 5587 3562 5656 ante,
3591 5591 3823 5630 numero
3849 5578 3980 5632 12L

2414 5701 2531 5753 HT.
2567 5699 2760 5760 Geduc,
2807 5695 3284 5769 AchmetisAbassw
3323 5707 3625 5769 cognomen.
3667 5691 3814 5769 varie
3862 5710 3987 5745 ων-

2517 5780 2748 5838 ruptum.
2784 5767 3042 5821 Achutetis
3077 5766 3311 5833 farina,
3346 5780 3450 5816 non
3483 5765 3650 5814 minus
3685 5765 3873 5816 uaria.

2478 5863 2652 5928 Magni
2684 5863 2920 5916 nominis
2944 5860 3024 5911 vir
3049 5860 3148 5915 fuit
3177 5857 3466 5922 Achoetes
3497 5858 3579 5910 hic
3611 5857 3764 5909 bassa
3797 5893 3811 5914 .
3875 5866 3986 5912 rant
