4198 6426
222 387 321 447 829

1371 398 1461 457 PA
1474 398 1769 457 NDECTE
1814 398 1862 456 Η
1875 396 2013 458 IST.
2045 396 2326 456 TURClC
2340 442 2352 454 .

3354 392 3465 456 830

220 505 357 566 apud
414 505 686 559 sultannm
737 504 1137 565 Mucbemetem
1193 511 1503 567 Secundum
1558 523 1789 583 patrem,
1823 524 1873 573 Α
1896 527 2015 581 qua:
2052 512 2297 580 profecto
2332 510 2733 579 limpidissima:
2758 521 2921 569 sunt.
2957 510 3048 562 sed
3083 526 3111 563 a
3142 508 3339 564 subitis
3370 507 3470 560 fre-

219 613 376 663 quam
437 599 577 667 apud
637 599 930 668 Bajasitem
991 604 1203 661 ﬁlium:
1256 606 1323 659 de
1368 607 1526 675 cujus
1575 606 1783 674 origine

219 686 494 743 Geufiseus
531 702 696 751 errat.
729 709 855 747 cum
885 696 1071 759 tradit,
1114 713 1237 749 eum
1267 697 1435 751 fuisse
1468 698 1633 751 ﬁliuni
1665 698 1784 751 Ste-

221 782 402 847 phani,
461 798 569 835 non
632 787 790 852 regis,
842 790 932 839 sel
972 789 1209 857 despota:
1256 788 1596 843 Bozinensis.
1648 789 1783 843 Natu

222 873 433 927 Bozina:
490 876 650 931 ducis
709 879 854 933 ﬁlius
908 880 1012 933 fuit
1070 882 1211 935 alius
1236 883 1439 936 abhoc
1468 884 1787 936 Aehemetes

223 967 403 1032 baSsa,
435 970 520 1021 cui
554 985 856 1037 cognomen
912 984 1030 1027 erat
1092 989 1199 1026 non
1252 974 1459 1039 Geduc,
1503 977 1593 1029 sed
1626 975 1786 1029 Cher-

222 1064 447 1123 seOgles,
484 1071 540 1113 ut
587 1077 712 1115 eum
769 1066 941 1118 nostri
1004 1078 1219 1131 vocant,
1266 1068 1332 1120 de
1364 1084 1471 1136 quo
1502 1068 1787 1127 infra,suo

226 1152 346 1209 loco
424 1153 657 1207 dicetur.
738 1154 836 1207 llic
896 1166 1076 1210 autem
1127 1158 1416 1211 Achmetes
1466 1158 1787 1213 Albanensis

220 1252 337 1296 erat
360 1244 588 1312 origine,
627 1246 709 1299 vel
749 1245 990 1315 Epirota.
1029 1246 1679 1318 SigismundiMalatestm
1701 1266 1789 1303 se-

223 1338 489 1390 eretarius
535 1340 777 1408 scripsit,
820 1356 942 1395 etim
982 1343 1154 1398 fuisse
1183 1344 1385 1398 virtute
1439 1345 1658 1397 militari
1696 1359 1788 1411 pa-

223 1444 335 1482 rem
394 1431 638 1500 antiquis
695 1434 973 1493 ducibus:
1006 1437 1143 1490 adeo
1167 1438 1409 1505 quidem,
1452 1448 1511 1490 ut
1551 1438 1661 1490 sola
1692 1454 1790 1491 no-

224 1523 389 1577 minis
432 1524 516 1577 sui
560 1525 722 1591 fama,
760 1543 1086 1597 quocunque
1121 1546 1179 1583 se
1212 1530 1509 1596 conferret,
1536 1531 1788 1586 omnibus

222 1614 567 1669 formidinem
597 1633 659 1671 ac
690 1619 1104 1689 trepidationem
1145 1621 1419 1690 injiceret.
1466 1622 1651 1683 Addit,
1699 1637 1790 1674 co-

221 1709 594 1776 gnominatum
630 1714 790 1780 vulgo
818 1712 1059 1766 Gendich
1087 1725 1396 1783 propterea,
1416 1716 1556 1783 quod
1582 1716 1629 1768 ei
1656 1714 1789 1767 dl‘llS

1887 607 2080 673 disque
2137 605 2548 673 tempestatibus
2576 645 2590 668 ,
2644 619 2762 671 qna‘.
2797 604 2944 672 prius
2979 603 3245 669 placidum
3283 617 3345 654 ae
3386 617 3475 654 se-

1889 714 2105 763 renum,
2137 700 2296 767 paulo
2324 706 2600 752 momento
2635 698 2803 765 nigris
2836 698 3069 749 tenebris
3098 695 3396 748 involvunt.
3429 694 3470 745 Ε

1888 795 2104 846 diverso
2163 794 2621 845 mmliterranenm
2701 806 2869 854 mare,
2928 806 3034 843 non
3092 790 3263 842 tantis
3295 789 3466 839 obuo-

1888 890 2034 940 xium
2071 887 2487 950 mutationibus,
2519 886 2610 938 sed
2654 884 2811 949 longe
2846 884 3119 945 sereuius,
3158 883 3261 935 illis
3295 882 3471 933 Aede-

1890 979 1995 1031 nizi
2032 979 2271 1040 dicitur,
2327 978 2410 1030 his
2466 982 2635 1043 Aspra
2696 976 2965 1036 thalassa,
3022 974 3071 1026 id
3130 982 3212 1026 est
3276 972 3469 1026 Album

1890 1087 2057 1124 mare.
2132 1070 2245 1123 ltali
2303 1069 2636 1122 dissentiunt
2696 1069 2766 1119 ah
2825 1068 3091 1134 utrisque,
3144 1080 3207 1117 ae
3256 1064 3474 1122 anobis

1889 1165 2056 1217 etiam
2084 1162 2372 1217 Germanis
2394 1203 2408 1222 ,
2436 1163 2526 1230 qni
2568 1165 2666 1215 hos
2700 1169 2990 1229 sequentes
3021 1169 3073 1210 et
3104 1158 3205 1220 ipsi
3243 1156 3471 1223 Nigrum

1892 1273 2040 1309 mare
2098 1257 2471 1309 nominamus.
2514 1256 2721 1307 Etenim
2763 1254 3036 1320 appellare
3086 1252 3266 1305 solent
3329 1266 3475 1301 mare

1892 1346 2088 1412 majus,
2105 1345 2243 1407 quod
2275 1347 2410 1397 idem
2440 1355 2523 1397 est
2552 1361 2674 1397 cum
2704 1344 2836 1395 mari
2866 1358 3084 1407 magno.
3110 1343 3161 1393 hl
3186 1330 3234 1396 ei
3276 1356 3471 1393 nomen

1893 1441 1983 1489 dat
2016 1436 2333 1488 Vincentius
2369 1436 2713 1489 lleivacensis
2735 1475 2748 1496 ,
2783 1436 2859 1488 uti
2892 1452 3055 1503 supra
3098 1444 3342 1486 notatum
3375 1448 3468 1485 ea-

1891 1532 2000 1599 pite
2036 1530 2154 1596 128.
2190 1529 2322 1583 Cofe
2353 1530 2548 1583 Turcis
2574 1530 2858 1589 scribitur.
2900 1544 3031 1597 qute'
3056 1527 3235 1594 Capba
3264 1526 3468 1578 nostris

1892 1632 1997 1678 est.
2037 1624 2088 1675 in
2123 1621 2361 1674 Taurica
2417 1622 2761 1675 Chersoneso
2816 1631 2966 1673 trans
3028 1636 3180 1673 mare
3248 1620 3471 1687 Nigrum

1893 1716 2018 1775 sita,
2071 1713 2443 1767 (ienuensium
2496 1714 2769 1780 quondam
2824 1712 3063 1766 colonia.
3116 1710 3314 1763 Notum
3366 1721 3474 1764 estv

222 1816 362 1854 unus
386 1800 622 1857 deesset.
650 1804 821 1869 Quam
849 1820 975 1857 vero
1007 1821 1034 1857 a
1063 1810 1211 1858 tenui
1248 1806 1462 1859 fortuna
1500 1807 1783 1859 maximam
1822 1824 1858 1875 Β
1889 1805 2016 1856 olim
2052 1805 2247 1856 dictam
2287 1803 2451 1858 fuisse
2508 1802 2889 1857 Theodosiam.
2950 1802 3023 1856 De
3076 1802 3333 1864 Kerimis,
3357 1802 3475 1854 Cri-

221 1891 286 1944 ad
320 1891 638 1960 dignitatem
693 1897 875 1949 subito
919 1898 1251 1964 pervenerit,
1285 1898 1668 1967 Spanduginus
1702 1900 1784 1951 his

220 1985 609 2053 propemodum
634 1988 810 2042 verbis
841 1991 1089 2055 exposuit
1116 2010 1128 2045 :
1162 1990 1308 2053 Erat,
1344 1992 1540 2059 inquit,
1570 1992 1786 2045 sultano

219 2075 538 2131 Muchemeti
563 2079 781 2134 satelles
812 2081 1051 2148 (solaeos
1080 2081 1240 2135 Turci
1268 2084 1485 2151 vorant)
1516 2084 1606 2150 qui
1638 2083 1787 2136 Bidic

218 2170 415 2222 Acmat
453 2188 516 2224 ex
561 2188 624 2223 eo
681 2174 1113 2240 nominabatur,
1166 2178 1311 2243 quod
1345 2178 1396 2228 iu
1448 2177 1559 2229 oris
1609 2178 1784 2229 antica

219 2264 462 2317 dentiqu
517 2268 657 2320 serie
717 2267 935 2321 dentem
987 2285 1155 2323 unum
1198 2271 1498 2324 amisisset.
1535 2269 1631 2323 llic
1657 2286 1780 2322 cum

218 2356 513 2425 aliquando
541 2375 663 2413 cum
696 2362 943 2431 principe
978 2379 1079 2416 suo
1110 2364 1544 2431 colloqueretur,
1578 2374 1632 2415 nt
1669 2364 1783 2415 ﬁeri

219 2466 614 2521 nonnunquam
639 2453 798 2518 solet,
827 2456 1107 2508 asserebat
1138 2456 1281 2509 inter
1306 2456 1407 2509 alia
1434 2475 1448 2514 ;
1482 2474 1588 2508 non
1624 2472 1784 2521 posse

218 2545 519 2614 principem
550 2562 739 2601 revera
769 2562 827 2601 se
859 2564 1118 2617 magnum
1156 2552 1469 2617 praedicare,
1505 2551 1549 2602 si
1582 2568 1687 2602 non
1717 2568 1780 2603 ex

216 2650 389 2704 parvo
407 2653 662 2704 magnum
693 2647 747 2694 et
773 2640 1015 2695 vicissim
1037 2657 1101 2695 ex
1124 2657 1318 2709 magno
1354 2658 1578 2707 parvum
1610 2643 1787 2695 facere

216 2738 426 2796 posset.
448 2730 570 2785 Haec
597 2731 716 2800 ejus
740 2733 900 2787 verba
917 2743 1123 2787 tantum
1148 2734 1200 2786 iu
1226 2734 1408 2786 animo
1434 2732 1786 2786 Muchvmetis

218 2824 532 2878 habuerunt
576 2825 848 2884 efﬁcaciae.
877 2836 935 2879 ut
959 2825 1530 2879 Aelimeteshactenns
1558 2826 1775 2902 Satelles

216 2916 289 2966 ab
314 2915 431 2981 ipso
458 2930 777 2984 Supremum
799 2917 863 2970 ad
883 2918 1129 2986 primarii
1156 2920 1326 2971 nassae
1350 2920 1575 2986 gradqu
1600 2933 1789 2985 prove-

218 3006 465 3057 lieretur.
514 3006 651 3069 Quid
703 3006 750 3059 ei
802 3016 926 3075 post
981 3009 1093 3060 haec
1147 3009 1410 3072 evenerit,
1455 3024 1580 3061 cum
1613 3008 1785 3075 ipsius

217 3097 383 3149 uxori
429 3113 458 3150 a
500 3096 805 3167 Mustapha,
857 3099 1211 3153 Muchemetis
1243 3101 1375 3160 ﬁlio,
1421 3110 1667 3167 stuprum
1705 3104 1785 3151 in-

1898 1899 2040 1957 nxiis,
2080 1895 2294 1951 Keraiis
2323 1898 2424 1954 (sic
2456 1897 2914 1951 diversissiisdem
2946 1895 3264 1948 nominibus
3294 1894 3476 1963 appel-

1891 1990 2094 2055 lantur)
2141 1992 2594 2057 Ueslensibusque
2640 1988 2872 2053 Tataris,
2932 1986 3135 2041 dictum
3200 1988 3476 2055 superius,

1896 2097 2127 2134 numero
2161 2092 2413 2134 notarum
2444 2082 2534 2134 45.

1963 2168 2085 2224 149.
2114 2167 2461 2223 Mue/temet“
2490 2169 2713 2224 obsessa:
2733 2170 3056 2225 Semendriw
3084 2171 3369 2223 succurrit.

1954 2264 2383 2319 Obscuriuscule
2410 2267 2657 2332 quadam
2703 2267 2790 2319 hic
2827 2265 3104 2327 dicuntur,
3136 2284 3263 2333 qua}
3283 2268 3361 2320 sic
3394 2268 3479 2320 in-

1892 2356 2198 2424 telligenda.
2250 2354 2619 2410 Muchemetes
2655 2357 2719 2409 ad
2752 2355 3026 2409 Moravam
3078 2356 3299 2410 ﬂuvium
3355 2372 3480 2425 pro‘

1889 2426 2059 2502 fectns
2103 2458 2203 2512 est,
2252 2450 2353 2503 hoc
2383 2460 2487 2510 est,
2545 2450 2595 2502 in
2653 2450 2899 2504 Serviam
2930 2454 3043 2505 sive
3071 2452 3319 2504 Rasciam
3346 2491 3359 2512 ,
3412 2453 3476 2509 ad

1892 2541 2229 2609 metmpolim
2265 2541 2385 2609 ejus
2423 2543 2657 2609 regionis
2699 2542 3074 2597 Semendriam
3101 2585 3116 2608 ,
3153 2545 3233 2598 vel
3268 2544 3477 2597 Sende-

1893 2646 2120 2694 roviam,
2178 2634 2463 2688 obsidione
2529 2635 2893 2689 liberandam.
2938 2638 3152 2705 Quippe
3226 2637 3477 2691 Matthias

1892 2722 2137 2793 Ungariaa
2162 2742 2278 2788 rex,
2308 2728 2381 2779 uti
2418 2727 2702 2783 Bonlinius
2724 2730 2910 2792 refert,
2947 2731 3125 2783 hieme
3156 2732 3282 2783 anui
3318 2731 3476 2790 N76,

1889 2818 1952 2869 ad
1994 2818 2393 2881 Semendriam,
2422 2822 2658 2889 nudique
2688 2822 2949 2877 militibus
2969 2824 3243 2888 cinctam',
3273 2826 3475 2876 exstrui

1891 2911 2109 2964 castella
2161 2912 2259 2963 tria
2321 2925 2647 2967 curaverat:
2686 2924 2744 2966 ut
2798 2916 3106 2969 arctissiine
3154 2917 3393 2969 clausam
3428 2919 3479 2968 in

1898 3013 2222 3070 potestatem
2252 3006 2533 3074 redigeret.
2562 3006 2726 3078 454
2756 3008 2823 3060 lis
2856 3024 2984 3061 vero
3015 3010 3254 3062 Castellis
3282 3010 3481 3076 potitus

1890 3093 2285 3159 llucbemetes,
2321 3098 2667 3150 obsidionem
2720 3097 2917 3149 solvit.
2967 3098 3153 3150 Obiter
3197 3098 3281 3151 hic
3314 3099 3482 3151 lector

214 3188 482 3252 ferretur,
545 3190 708 3258 paulo
735 3200 860 3244 ante
891 3201 1190 3255 narratum,
1220 3192 1395 3259 capite
1432 3191 1553 3265 115.
1590 3190 1777 3244 Mortis
1804 3199 1847 3260 ρ
1880 3187 2131 3240 observet
2158 3224 2174 3250 ,
2206 3204 2233 3239 a
2279 3188 2471 3241 Turcis
2506 3192 2667 3240 etiam
2700 3189 2927 3243 Morava:
2991 3206 3188 3244 nomen
3238 3181 3479 3244 retinerio

216 3299 418 3349 genus,
451 3292 877 3336 consentaneum
923 3282 1156 3335 fortuna:
1198 3284 1411 3347 subitze,
1440 3284 1777 3350 nimiumque

215 3374 544 3439 blandienti,
597 3390 697 3429 suo
756 3376 875 3428 loco
932 3376 1190 3443 deinceps
1231 3377 1774 3440 counnemorabitur,

216 3483 453 3520 numero
508 3477 757 3520 notarum
805 3468 927 3522 156.
979 3469 1134 3521 Nunc
1179 3470 1463 3523 diversitas
1493 3470 1778 3523 indicanda

209 3559 587 3628 οιιειιυηιίηἰε,
636 3570 688 3613 et
738 3578 927 3614 verum
992 3578 1296 3630 cognomen
1365 3564 1779 3615 ostendendum.

211 3652 469 3705 Diximus
499 3669 619 3705 eum
666 3669 694 3706 a
745 3654 1096 3723 Spandugino
1120 3657 1328 3737 ’voeari
1369 3656 1539 3720 Bidic,
1567 3668 1619 3710 et
1655 3658 1780 3711 alibi

210 3743 436 3809 Vitlicb,
469 3760 497 3797 a
531 3748 828 3799 Secretario
882 3746 1174 3801 Malatestze
1230 3748 1551 3804 Gbendieh:
1613 3768 1779 3819 quam

209 3836 549 3901 scripturam
604 3834 889 3889 Geufrteus
958 3838 1172 3891 retinet.
1222 3838 1468 3892 Nominis
1503 3840 1784 3893 notionem

210 3928 433 3996 priores
459 3925 566 3980 duo
592 3942 725 3993 pene
757 3937 959 3981 rectam
991 3930 1284 3999 attingunt,
1313 3946 1437 3983 cum
1480 3932 1553 3984 ita
1604 3930 1776 3985 fuisse

209 4027 474 4070 \‘ocatam
510 4018 580 4071 ab
626 4020 831 4072 amisso
872 4020 1033 4073 dente
1080 4021 1364 4076 referunt:
1417 4022 1703 4077 Geufrzrns
1738 4026 1788 4076 iu

206 4108 563 4174 expositione
588 4108 733 4161 vocis
760 4108 984 4173 fallitur,
1036 4126 1159 4162 cum
1186 4112 1264 4164 sic
1290 4112 1366 4166 ait
1423 4113 1594 4181 ipsum
1619 4130 1646 4165 a
1675 4130 1790 4165 ma-

207 4217 330 4267 pno
363 4201 523 4253 dente
573 4202 937 4255 nominatum.
987 4200 1267 4271 Scriptura
1319 4202 1424 4257 hoc
1470 4208 1632 4258 modo
1668 4224 1791 4256 inu-

206 4297 401 4359 lauda,
461 4305 517 4348 ut
565 4295 706 4362 apud
741 4293 1145 4363 Spanduginnin
1180 4313 1274 4364 pro
1304 4297 1451 4351 Bidic
1483 4308 1536 4351 et
1601 4298 1793 4351 Vidieh

203 4385 430 4453 legatur
479 4383 631 4439 Gidic
697 4403 709 4440 :
770 4388 909 4453 apud
961 4388 1197 4454 reliquos
1262 4390 1397 4443 duos
1471 4405 1566 4456 pro
1619 4389 1795 4441 (inmi-

200 4479 342 4531 dich
409 4476 613 4531 Gedic:
671 4481 813 4546 quod
880 4478 1019 4531 idem
1072 4490 1157 4533 est
1195 4496 1316 4534 cum
1371 4482 1588 4536 Gedue.
1648 4481 1797 4532 Perl-

1880 3294 1987 3331 non
2019 3278 2354 3332 Schitnizam
2393 3297 2515 3334 cum
2567 3282 2780 3335 Morava
2822 3282 3110 3345 confundi,
3137 3284 3202 3335 de
3249 3298 3357 3351 quo
3392 3300 3482 3335 sn-

1882 3369 2064 3437 perius
2098 3380 2301 3431 actum,
2335 3374 2510 3439 capite
2547 3372 2669 3424 124.
2697 3372 2830 3425 Cum
2868 3373 3061 3425 deinde
3093 3388 3249 3425 muro
3283 3387 3477 3425 novau

1882 3478 2060 3517 arcem
2090 3462 2327 3516 cinxisse
2379 3462 2577 3516 dicitur
2609 3504 2623 3527 ,
2672 3464 3083 3531 intelligendum
3140 3465 3266 3517 illud
3316 3463 3481 3518 Geni-

1883 3558 2143 3619 saraium,
2182 3558 2233 3610 in
2276 3558 2424 3611 urbis
2455 3559 2700 3611 orientali
2731 3558 2928 3627 angulo
2952 3559 3251 3621 conditum,
3272 3558 3337 3612 de
3372 3567 3481 3626 quo

1884 3650 2045 3717 paulo
2074 3658 2218 3707 ante,
2265 3665 2491 3702 numero
2544 3649 2665 3701 139.
2720 3649 2990 3703 Praeterea
3052 3666 3249 3703 nomen
3305 3652 3481 3703 Solei-

1888 3742 2062 3793 manis
2096 3738 2371 3793 Romaniae
2406 3742 2731 3808 beglerhegi,
2763 3744 2909 3809 quod
2940 3742 3122 3794 statim
3157 3744 3475 3809 subjicitur»

1890 3831 2172 3885 Bonlinius
2210 3832 2501 3899 ignoravit,
2534 3832 2791 3885 Basseum
2832 3833 2993 3884 modo
3029 3848 3255 3885 vocans.

2001 3925 2126 3978 150.
2167 3924 2398 3993 Insignis
2440 3924 2730 3977 Turcorum
2774 3925 2949 3977 clades
2983 3927 3036 3977 in
3075 3924 3334 3994 Βηθανία.

1965 4018 2246 4071 Bonﬁnius
2300 4034 2465 4069 unum
2521 4020 2620 4071 hac
2669 4019 3013 4086 expeditione
3045 4019 3473 4071 'l'urcorunidu-

1896 4127 2009 4162 cem
2047 4110 2344 4161 nominaiit
2376 4108 2729 4161 Hulibechum
2763 4149 2777 4166 .
2808 4108 2897 4175 qui
2936 4109 3226 4160 annalibus
3262 4121 3340 4161 est
3393 4110 3475 4160 Ali

1899 4204 1995 4271 beg
2034 4201 2338 4268 Miebalogli
2368 4218 2381 4254 :
2415 4203 2480 4253 de
2511 4202 2733 4269 reliquis
2766 4202 2979 4253 duobus
3004 4242 3016 4264 ,
3052 4198 3130 4251 lsa
3166 4200 3296 4266 bego
3331 4200 3475 4252 Chu-

1899 4294 2126 4360 seiuogli
2154 4334 2166 4355 ,
2197 4302 2249 4344 et
2279 4291 2392 4343 Bali
2426 4292 2560 4358 bego
2590 4290 2928 4360 Malcozogli,
2966 4291 3100 4344 nihil
3134 4304 3472 4357 compertum

1902 4386 2110 4440 habuit.
2142 4386 2444 4438 Turcorum
2477 4385 2775 4438 exercitum
2819 4366 3099 4453 sexaginta
3137 4385 3302 4436 millia
3332 4386 3478 4435 a-sti-

1904 4488 2034 4532 mat.
2074 4478 2411 4546 Ungarorunt
2446 4479 2611 4531 duces
2655 4481 2805 4531 luere
2857 4477 3169 4545 Stephanus
3203 4479 3474 4546 Batorius,

201 4566 415 4625 tiores}
454 4569 702 4622 Arabica:
764 4571 956 4636 lin‘gu:e
1009 4568 1186 4624 Gntuc
1255 4575 1545 4625 enimtiant
1604 4591 1698 4637 por
1734 4574 1770 4621 Υ
1812 4568 1851 4619 D
1883 4573 2117 4625 Vaivoda
2156 4570 2705 4631 Traussilvaniensis,
2749 4581 2800 4623 et
2851 4571 3053 4624 Paulus
3082 4570 3348 4629 Kinisius,
3386 4586 3478 4620 co‘

198 4662 511 4725 Gallicum,
540 4663 679 4727 quod
712 4678 901 4730 parum
937 4663 1089 4714 abest
1129 4680 1156 4715 a
1190 4663 1343 4717 Gidic
1372 4668 1483 4717 sive
1510 4666 1665 4718 Gitic.
1700 4665 1783 4716 Si—

200 4754 439 4821 gniﬁcat
471 4762 646 4805 autem
702 4754 1020 4806 vocabulum
1084 4755 1186 4806 hoc
1254 4764 1502 4808 truncum
1555 4756 1786 4823 alicujus

198 4848 288 4901 rei
328 4846 533 4909 fractas,
586 4846 650 4897 de
690 4861 799 4915 quo
847 4845 1318 4907 animadvertitur,
1354 4848 1453 4900 hoc
1501 4847 1548 4900 ei
1602 4849 1784 4900 datum

199 4940 389 4993 fuisse
415 4954 710 5005 cognomen
746 4955 772 4989 a
812 4948 1006 4990 trunco
1042 4939 1245 5004 dentis,
1274 4942 1364 5009 qui
1405 4941 1584 4995 adhuc
1615 4943 1666 4994 in
1697 4958 1789 4995 ore

197 5030 429 5085 scilicet
467 5029 712 5095 reliquus
744 5028 991 5079 ba'reret.

385 5119 505 5174 MS.
554 5119 702 5173 Mare
735 5120 983 5189 Nigrum,
1016 5133 1064 5175 et
1095 5123 1243 5175 Mare
1276 5124 1448 5192 majus
1486 5123 1632 5192 Cofe.

278 5208 491 5263 Pontus
522 5210 646 5262 olim
683 5211 889 5263 dictum
932 5213 1180 5265 Euxinus
1216 5215 1295 5267 vel
1350 5216 1667 5283 hospitalis,
1701 5234 1793 5284 per

192 5301 551 5356 contrarium
609 5316 852 5364 sensum,
900 5305 1047 5355 velut
1078 5304 1295 5358 Axenus
1327 5316 1379 5358 et
1420 5307 1792 5372 inhospitalis,

194 5408 360 5448 nunc
385 5408 413 5443 a
436 5392 630 5445 Turcis
672 5392 993 5448 Caradenizi
1029 5408 1278 5460 vocatur,
1316 5413 1342 5449 a
1380 5398 1581 5453 Graecis
1612 5400 1792 5454 Maura

195 5486 474 5545 thalassa,
512 5483 652 5537 idem
680 5495 909 5552 utroque
943 5491 1161 5541 nomine
1198 5490 1567 5558 signiﬁcante.
1607 5494 1796 5545 videli-

197 5586 297 5627 cet
330 5588 482 5625 mare
539 5571 783 5640 Nigrum.
814 5573 957 5627 Usus
1021 5588 1105 5628 est
1168 5578 1266 5629 hac
1302 5582 1664 5649 appellatione
1694 5582 1792 5634 Da-

200 5677 512 5717 ιιιεειτειιυε
556 5660 797 5716 Studites
824 5666 875 5717 in
909 5668 1168 5719 thesauro
1197 5673 1522 5723 concinnum
1551 5689 1794 5741 suarum,

192 5754 418 5821 scripto
464 5753 646 5821 lingua
696 5755 881 5809 Graeca
923 5760 1153 5827 vulgari.
1198 5760 1405 5814 Nomen
1458 5763 1559 5817 hoc
1589 5765 1639 5817 ei
1700 5768 1795 5819 da-

192 5861 324 5911 ιιιιυ
368 5843 678 5913 perhibent,
738 5862 842 5899 non
878 5849 1019 5917 quod
1086 5867 1256 5920 aquas
1324 5854 1519 5909 habeat
1582 5857 1788 5923 nigras,

1895 4683 2008 4719 mes
2039 4665 2519 4719 Temesvarensis.
2550 4664 2853 4717 Numerum
2891 4679 3155 4717 ecesoruni
3192 4664 3474 4716 Bonﬁnius

1893 4759 2033 4810 idem
2073 4759 2123 4808 in
2163 4758 2367 4809 litteras
2399 4757 2581 4809 retulit
2613 4794 2628 4817 ,
2683 4754 2990 4808 Turcorum
3054 4756 3275 4821 triginta
3312 4756 3478 4808 millia

1893 4848 2178 4899 duntaxat.
2213 4848 2429 4899 Annum
2465 4862 2680 4914 quoque
2710 4846 2892 4913 posuit
2930 4846 3082 4899 “80.
3118 4846 3271 4899 Unde
3309 4849 3478 4900 corri‘

1896 4938 2052 5006 gendi
2105 4947 2273 5004 captae
2307 4937 2575 5003 snperiori
2617 4952 2763 4988 anno
2838 4936 3055 4989 Scodrae
3091 4940 3300 4991 numeri
3334 4939 3474 5005 apud

1896 5030 2248 5084 Secretarium
2311 5029 2624 5092 Malatestae,
2684 5044 2888 5097 proque
2949 5029 3107 5089 ΜΠ,
3176 5010 3474 5098 reponondi

1900 5122 2051 5174 1179.

1925 5236 2045 5288 151.
2080 5234 2291 5287 Rhodus
2329 5255 2358 5287 α
2392 5237 2570 5289 Turcis
2605 5238 2827 5305 primunt
2870 5238 3154 5291 obsidetur.
3176 5240 3440 5292 Amadcus

2133 5318 2470 5375 cognomento
2521 5307 2708 5361 Viridis
2732 5346 2746 5369 ,
2777 5324 2944 5360 comes
2975 5308 3279 5363 Sabuudiw.

1977 5393 2357 5464 Srpenumero
2390 5398 2608 5465 quidem
2647 5407 2849 5450 tentata
2881 5397 3061 5450 fuerat
3093 5398 3377 5459 hactenus,
3418 5408 3471 5449 et

1903 5491 2123 5542 obsessa
2155 5487 2379 5540 Rhodus
2406 5506 2434 5540 a
2467 5488 2782 5550 Saracenis,
2810 5488 2970 5539 etiam
3006 5487 3073 5541 ab
3108 5488 3197 5540 illo
3231 5496 3474 5553 tempore

1905 5599 2012 5650 quo
2045 5583 2111 5634 ab
2161 5584 2438 5650 equitibus
2496 5582 3005 5650 llierosolyntitanis
3036 5582 3217 5634 Sancti
3245 5579 3475 5635 Joannis

1907 5675 2160 5741 Baptista:
2211 5674 2450 5729 (Frerios
2492 5674 2673 5726 vocari
2727 5674 2917 5726 scribit
2969 5670 3205 5733 Nicetas,
3266 5672 3475 5727 Gallica

1907 5770 2161 5822 nimirum
2194 5782 2329 5820 Voce
2391 5768 2728 5836 signiﬁcante
2769 5764 3009 5837 fratres)
3047 5768 3469 5835 possidebatnr:

1907 5872 1958 5915 et
2024 5871 2147 5914 ante
2202 5861 2341 5915 hanc
2398 5861 2679 5915 obsidione
2712 5862 2953 5923 proxima
2989 5859 3305 5914 liberaverat
3348 5875 3468 5913 eam
