4198 6426
725 369 827 433 831

1924 379 2248 439 ῙΟΑΝΝΙΞ
2291 378 2771 441 ιευςειειινιι

3884 366 3997 429 832

720 500 907 540 comes
960 482 1247 543 Sabaudus
1298 488 1597 549 Aura-less.
1658 500 2021 554 cognomento
2078 493 2299 557 Viridis,
2331 498 2374 553 Δ
2404 494 2531 546 dico
2558 490 2849 546 eharitatis
2880 488 3238 545 Christian.
3268 500 3391 554 qua
3418 483 3628 539 frustra
3651 481 3707 533 in
3736 480 3820 532 eis
3848 495 4003 545 Qu"

727 580 1019 631 immortali
1082 596 1206 634 eum
1262 581 1421 635 laude
1478 584 1560 637 sui
1620 584 2139 651 nontiuisteoque
2168 605 2292 642 eum

728 672 848 727 alba
898 688 1060 727 cruce
1088 716 1103 737 ,
1140 676 1190 727 in
1218 690 1413 743 ηιιῳυ
1435 680 1602 730 rubro
1630 679 1830 742 deﬁxa,
1854 697 1977 747 qua
2002 682 2176 751 ipsius
2200 699 2297 736 or—

723 764 869 820 dinis
898 768 1137 832 erinitum
1166 768 1501 822 Rhodiorum
1540 772 1770 835 insignia
1804 785 1953 833 sunt.
1974 785 2294 844 perpetuum

724 874 787 907 ea
819 856 1020 910 familia
1069 860 1376 927 symbolum
1428 858 1607 915 rem
1642 866 1802 931 huius
1837 867 2060 921 Amadei
2098 869 2299 921 virtute

729 950 1053 1009 promeruit.
1085 950 1218 1003 Nam
1242 969 1320 1005 me
1351 953 1547 1007 littere
1582 957 2101 1025 plettiusexplicatz
2132 960 2302 1027 signi-

728 1044 908 1099 lieant.
958 1040 1239 1098 Fortitudo
1288 1046 1409 1113 (jus
1446 1046 1684 1099 litandum
1740 1047 1949 1104 Tenuit.
1998 1051 2103 1105 Sed
2136 1052 2300 1105 Τειηοὶ

730 1136 861 1185 nihil
896 1138 963 1187 ad
1004 1137 1107 1190 huc
1152 1154 1325 1205 usque
1364 1154 1578 1203 tetnpus
1623 1143 1679 1193 in
1712 1158 1833 1195 eam
1868 1144 2049 1197 moliri
2087 1143 2305 1197 fuerant

726 1227 868 1288 ausi,
906 1230 1029 1282 licet
1056 1231 1199 1285 Asia:
1227 1231 1463 1299 quietam
1496 1248 1665 1299 prope
1697 1235 2101 1299 possessionem
2136 1236 2307 1289 inter-

728 1320 939 1375 turbari
982 1322 1051 1376 ab
1094 1324 1375 1391 equitibus
1415 1326 1524 1381 illis
1573 1324 1804 1380 libuzliis
1864 1328 2154 1393 aegerrime
2193 1328 2299 1382 ler-

728 1422 882 1463 rent.
940 1410 1098 1467 Nunc
1150 1416 1367 1470 tandem
1432 1416 1683 1471 ltbmlutn
1742 1418 1896 1487 jussu
1948 1418 2308 1473 Iluebemetis

724 1520 1018 1569 aggressus
1049 1516 1133 1562 est
1164 1508 1385 1563 Ilesites
1418 1512 1564 1565 vesir
1606 1512 1792 1578 bassa,
1818 1523 1980 1582 gente
2007 1514 2307 1582 Palmloga

728 1606 913 1653 natus.
966 1597 1095 1653 Erat
1148 1608 1281 1656 tunc
1338 1607 1592 1672 princeps
1640 1605 1874 1668 ordinis,
1931 1621 2090 1676 quem
2134 1605 2310 1660 Graeci

726 1686 972 1753 Megalon
1008 1690 1249 1748 Mastora
1282 1696 1570 1758 vocabant,
1602 1698 1774 1751 nostri
1808 1712 2064 1768 magnum
2108 1699 2315 1770 magis-

724 1792 889 1843 trum,
948 1785 1146 1841 Petrus
1200 1786 1593 1851 Albussonius.
1657 1791 1877 1847 natione
1935 1794 2167 1861 Gallus,
2217 1791 2313 1865 qui

725 1886 909 1941 postea
943 1877 1239 1934 cardinalis
1274 1878 1533 1938 Ecclesiae
1568 1884 1831 1940 Romanae
1878 1900 2100 1943 creatus
2137 1889 2306 1944 fuisse
2337 1868 2379 1923 Β

726 1970 987 2025 traditur.
1020 1971 1069 2025 Is
1094 1984 1203 2026 tam
1231 1972 1451 2028 fortiter
1488 1977 1590 2031 bac
1619 1978 1911 2035 obsidione
1941 1995 2066 2035 curn
2100 1982 2219 2038 suis
2245 1998 2307 2036 se

724 2066 913 2131 gessit,
943 2074 1002 2119 ιιι
1037 2079 1143 2119 non
1177 2068 1352 2122 solum
1384 2068 1581 2124 iniecta
1608 2087 1690 2134 re,
1724 2089 1914 2128 verum
1946 2077 2111 2129 etiam
2147 2077 2305 2130 dam-

725 2160 812 2211 nis
870 2160 1110 2229 acceptis
1167 2161 1530 2228 gravissimis,
1593 2164 1717 2219 inde
1767 2166 2055 2221 discedere
2091 2167 2307 2226 Mesites

728 2259 1034 2319 cogeretur.
1084 2250 1294 2321 Quippe
1342 2272 1448 2308 non
1500 2259 1767 2311 revocatis
1802 2258 1869 2312 ad
1902 2261 2175 2315 calculum
2211 2263 2306 2316 de-

730 2342 1003 2397 trinwntis
1036 2346 1285 2411 caeteris,
1319 2361 1456 2400 rma
1484 2349 1693 2413 periere
1726 2349 2031 2406 Turcorum
2085 2354 2305 2424 triginta

726 2435 917 2497 millia.
974 2446 1032 2491 ιιι
1091 2439 1314 2509 quidam
1341 2442 1516 2509 aiunt,
1565 2442 1816 2498 Geul’rzco
1853 2446 2009 2516 longe
2040 2448 2303 2503 tninorcm

726 2536 961 2593 ponente
994 2542 1304 2583 numerum.

726 2638 849 2694 452.
892 2638 1178 2696 Otrantum
1210 2663 1242 2699 α
1274 2645 1455 2700 Turris
1485 2662 1717 2715 raptum,
1746 2660 1794 2704 et
1823 2670 1853 2705 a
1878 2651 2198 2711 Christianis
2230 2675 2309 2712 re-

1374 2730 1597 2787 ceptum.

796 2803 1089 2861 Otrantum
1123 2809 1319 2865 Turcis
1348 2822 1401 2864 et
1436 2812 1583 2869 ltalis
1612 2815 1816 2871 dicitur
1848 2830 2095 2873 extremo
2126 2822 2179 2875 in
2213 2838 2309 2876 anc

727 2898 853 2961 pulo
899 2899 1111 2965 Apulia:
1161 2901 1265 2955 sita
1314 2904 1529 2963 civitas.
1590 2922 1619 2960 e
1681 2907 1901 2975 regione
1951 2910 2198 2967 Albaniae
2226 2915 2309 2970 vel

729 2983 912 3050 l'lpirt‘:
941 2988 1099 3057 cujus
1138 2993 1206 3045 ab
1233 2995 1435 3061 oppido
1468 2993 1667 3051 Velona
1704 2999 1820 3055 sive
1877 2998 2103 3069 Valona,
2131 3021 2306 3073 quon-

729 3080 851 3134 dam
883 3081 1149 3150 Aulunia,
1185 3087 1461 3154 sexaginta
1525 3089 1791 3146 duntaxat
1851 3093 2137 3165 interjecto
2173 3098 2308 3153 mari

2405 586 2569 649 ritur,
2624 584 2718 638 sed
2774 580 3135 635 humanitatis
3186 593 3413 633 senum
3458 576 3752 634 vide-us.
3786 573 3857 623 de
3894 572 4003 622 hac

2405 678 2513 729 vita
2544 692 2708 743 quam
2740 674 3057 728 diutissime
3090 670 3476 727 conservanda
3530 667 3829 727 sollicitos,
3866 680 4001 715 cum

2402 779 2662 823 eternal:
2714 776 2770 821 et
2813 767 3088 821 deteste-
3120 764 3325 817 nulla.
3354 770 3699 829 exspectent.
3740 756 4003 827 Hyam-

2405 869 2515 915 tetn
2549 875 2580 912 a
2616 866 2793 913 morte
2833 857 3196 912 Iube-etis
3220 897 3237 919 ,
3276 872 3448 926 quum
3490 854 3765 919 Bajasites
3818 850 4001 915 patris

2409 952 2463 1005 iu
2492 952 3042 1020 imperiosueeessor,
3092 948 3233 1004 bello
3279 956 3471 1002 contra
3520 942 3999 999 lene-fratre-

2410 1045 2742 1113 implicatus,
2794 1046 3111 1098 Achaicum
3172 1041 3452 1096 Geducem
3514 1039 3737 1092 ἣκει,
3796 1034 3868 1087 ad
3936 1048 4001 1087 se

2410 1153 2556 1191 anno
2578 1137 2826 1204 proximo
2854 1136 3023 1205 (sicut
3074 1136 3131 1189 in
3180 1133 3488 1188 Annalibus
3524 1132 3693 1201 paulo
3746 1137 3871 1197 post
3904 1141 3997 1179 se.

2411 1230 2622 1299 quitur)
2677 1238 2991 1284 revocasset
3033 1245 3049 1291 ;
3102 1225 3451 1296 Neapolitani
3502 1239 3658 1293 reges
3702 1222 3996 1275 obesus-

2411 1331 2468 1376 et
2524 1332 2891 1391 expugnatam
2969 1330 3387 1389 recuperarunt.
3446 1320 3519 1373 ab
3578 1318 3799 1387 Ungaro
3868 1334 3997 1385 rege

2415 1415 2638 1470 lattbia
2674 1415 2849 1485 copiis
2894 1415 3260 1470 auxiliaribus
3293 1413 3821 1485 impetratiszﬁss
3871 1428 3996 1480 qua

2417 1510 2614 1580 pugnis
2632 1511 2896 1565 adversus
2915 1510 3125 1563 vicinos
3141 1507 3358 1563 Tureos
3385 1509 3628 1564 adsueta:
3654 1508 3989 1574 ιιι-τόμια

2420 1603 2523 1656 hoc
2554 1603 2694 1657 bello
2716 1644 2732 1663 .
2764 1601 3093 1671 superandis
3140 1599 3401 1655 Barbaris
3433 1642 3451 1666 ,
3482 1615 3707 1669 operat-
3758 1612 3993 1652 navasse

2421 1695 2805 1764 pradicantur.

2424 1816 2545 1871 153.
2573 1816 2623 1871 11
2630 1834 2718 1871 ors
2742 1818 2940 1871 zultani
2965 1818 3017 1871 11
3023 1819 3302 1872 schematis
3320 1817 3378 1872 11
3385 1859 3399 1871 .
3419 1816 3643 1887 Teggiur
3656 1814 3784 1869 Zair
3804 1813 3997 1883 Clyt-o-

2901 1906 3047 1944 me'te
3067 1930 3083 1952 ,
3128 1888 3501 1959 Nympham.

2478 1981 2779 2035 Commode
2810 1997 2959 2037 mors
3007 1981 3241 2036 consilia
3281 1979 3640 2035 Hucbemetis
3662 1976 3989 2043 interrupit.

2409 2073 2585 2127 futura
2657 2073 2965 2141 reipublicae
3028 2072 3357 2128 Christiana:
3432 2070 3771 2142 perniciosa.
3852 2068 3987 2121 Nam

2406 2167 2635 2220 Otranto
2662 2176 2838 2236 capta,
2876 2181 3268 2237 progressurus
3295 2175 3416 2221 erat
3449 2165 3594 2219 haud
3630 2163 3797 2218 dubie
3821 2180 3837 2215 :
3858 2178 3989 2228 prx-

2409 2258 2597 2311 sertim
2648 2273 2771 2313 cum
2826 2258 2997 2313 Roma
3049 2258 3199 2313 Nova
3232 2260 3463 2329 potitus,
3511 2259 3677 2313 etiam
3722 2258 3789 2308 de
3822 2255 3991 2307 Roma

2409 2350 2579 2405 veteri
2612 2351 2952 2421 subjicienda
2986 2361 3252 2421 perpetuo
3280 2352 3467 2407 nescio
3499 2351 3631 2420 quid
3664 2350 3989 2403 somniant.

2408 2442 2465 2497 In
2496 2445 2681 2499 Asiam
2727 2444 3099 2499 transmisisse
3126 2461 3251 2500 cum
3281 2444 3524 2500 exercitu
3564 2444 3804 2502 dicitur.
3845 2443 3993 2493 inva-

2409 2554 2571 2593 surus
2599 2538 2815 2609 [Egypti
2850 2538 3153 2601 sultanum,
3186 2549 3298 2592 tum
3326 2537 3473 2607 quod
3501 2538 3709 2607 legatos
3739 2550 3894 2593 suos.
3926 2533 3992 2583 ab

2410 2630 2822 2686 Usumcltasane
2843 2630 3131 2686 Persarum
3158 2647 3285 2701 rege
3307 2647 3432 2687 cum
3459 2629 3780 2683 muneribus
3806 2641 3987 2679 rever-

2410 2734 2607 2786 tentes,
2644 2724 2919 2779 violasset:
2952 2735 3065 2778 tum
3106 2725 3271 2778 etiam
3296 2766 3312 2789 ,
3345 2725 3491 2795 quod
3527 2724 3835 2793 pedant-um
3872 2736 3994 2775 vec-

2412 2816 2539 2883 tigal
2589 2832 2619 2869 a
2668 2815 2887 2881 Turcis,
2939 2816 3209 2881 Mecltien,
3262 2831 3357 2885 per
3409 2816 3622 2881 imperii
3678 2820 3767 2868 sui
3820 2816 3993 2875 ﬁnes,

2410 2909 2690 2975 religionis
2721 2924 2850 2974 ergo
2902 2910 3398 2977 proﬁciscentibus,
3453 2909 3716 2975 exigeret.
3775 2906 3993 2958 Exstin-

2411 3012 2558 3055 ctum
2592 3002 2755 3055 tradxt
2787 3000 3066 3055 Bonlinius
3091 3017 3234 3055 anno
3267 3001 3583 3055 Christiano
3614 2998 3774 3059 1481,
3837 2999 3997 3065 quin-

2415 3102 2470 3145 to
2498 3092 2679 3147 Nonas
2732 3093 2919 3147 Maias.
2970 3093 3190 3147 Addunt
3243 3093 3505 3154 Annales,
3558 3092 3612 3143 in
3664 3088 3996 3158 Teggiurulu

732 3173 1061 3229 milliaribus
1116 3176 1321 3231 Graecis
1376 3180 1567 3236 distat.
1618 3182 1922 3254 Imperator
1957 3186 2069 3242 Leo
2102 3202 2307 3245 metro-
2339 3227 2383 3287 ε
2415 3197 2570 3247 prato
2621 3196 2919 3241 mortuum.
2971 3184 3082 3240 Hoc
3114 3187 3218 3241 loci
3271 3201 3467 3240 nomen
3520 3182 3715 3237 Turcis
3761 3181 4001 3251 Teggiur

732 3265 1047 3287 κλωπ-..
1124 3276 1156 3287 Α.
1210 3266 1324 3287 ..Α
1445 3282 1455 3287 -
1722 3282 1730 3287 .
1891 3276 1903 3287 .
2426 3278 2462 3287 -
2504 3281 2516 3287 -
2620 3279 2655 3287 ..
2854 3278 2892 3287 ..
3118 3280 3129 3287 .
3390 3279 3402 3287 .
3592 3286 3599 3287 ,

730 3265 896 3331 polim’
921 3265 1072 3331 facit,
1106 3276 1160 3321 et
1210 3266 1546 3341 llydruntem
1577 3282 1771 3339 vocat,
1794 3276 1939 3331 unde
1991 3292 2308 3349 corruptum

731 3371 926 3413 nomen
1007 3362 1243 3418 Utrattti.
1310 3360 1489 3418 Leone
1542 3367 1762 3434 quidem
1815 3382 2076 3439 regnante
2106 3387 2234 3441 pars
2262 3390 2319 3437 ιιι

733 3450 923 3506 inlitch
974 3451 1160 3519 Italiae,
1207 3470 1333 3510 cum
1385 3456 1658 3525 Calabria,
1725 3459 2025 3531 Byzantina
2092 3467 2317 3532 parebat

732 3544 1084 3614 imperatori:
1118 3547 1198 3601 slc
1231 3557 1285 3602 et
1312 3551 1639 3619 tnetropoles
1671 3552 1854 3606 [toruae
1885 3555 2050 3610 Nova:
2084 3557 2315 3650 μείρει·-

732 3641 913 3704 t‘imllt,
965 3655 1071 3694 non
1116 3642 1323 3696 veteris
1381 3659 1573 3713 papam
1601 3648 1995 3712 agnoscebant.
2036 3641 2184 3705 Inter
2209 3652 2313 3707 alia

733 3737 854 3795 post
896 3739 1111 3799 captam
1163 3729 1500 3802 llydruntetn
1533 3752 1560 3791 a
1594 3736 1853 3793 Barbarie
1889 3740 2034 3794 edita
2072 3744 2311 3798 crudeli-

738 3821 868 3876 tatis
908 3825 1179 3894 exempla,
1225 3826 1460 3881 refertur
1487 3838 1539 3882 et
1566 3829 1721 3897 illud,
1766 3835 1910 3900 quod
1956 3834 2105 3889 urbis
2135 3836 2314 3890 archi-

732 3916 1050 3986 episcopum
1083 3920 1148 3971 ad
1185 3933 1335 3974 aram
1377 3936 1530 3977 serra
1565 3924 1949 3980 tllssecuerint.
1976 3926 2087 3982 Nos
2114 3944 2143 3982 e
2177 3928 2314 3983 Cor-

733 4024 860 4080 cyra
915 4010 1225 4079 solventes,
1268 4012 1651 4071 deﬁcientibus
1694 4016 1906 4072 idoneis
1949 4021 2163 4087 ventis,
2220 4020 2311 4078 bic

734 4103 1031 4158 subsistere
1091 4104 1268 4160 coacti
1331 4105 1559 4172 fuimus,
1602 4108 1653 4161 in
1704 4124 1811 4161 non
1838 4108 2057 4179 exiguo,
2087 4123 2313 4182 propter

734 4196 1000 4252 immanes
1062 4190 1265 4269 piratas
1293 4198 1577 4268 Turcicos,
1630 4202 1943 4258 discrimine
1974 4206 2257 4260 constituti
2291 4249 2306 4272 ,

736 4291 827 4360 qttl
864 4292 935 4343 ob
995 4291 1338 4347 interfectam
1392 4309 1517 4347 cum
1583 4296 1788 4349 familia
1850 4312 1957 4350 non
1993 4298 2066 4351 ita
2103 4299 2307 4352 dudmn

736 4385 1071 4440 llamadanis
1102 4386 1275 4442 bassze
1304 4387 1629 4455 Tripolitani
1662 4390 1971 4458 emrjugem,
2007 4400 2066 4444 ut
2096 4392 2148 4444 in
2179 4407 2310 4459 sup-

736 4478 1009 4546 plemento
1040 4480 1328 4533 Annaliutn
1363 4481 1726 4545 narrsvlmus,
1752 4479 2065 4537 iniVenetos
2097 4484 2310 4539 rabiose

2426 3278 2552 3333 Zair
2579 3279 2821 3334 effertur.
2852 3278 2917 3334 Et
2945 3280 3189 3349 exposita
3222 3279 3473 3349 superius
3524 3286 3607 3330 est
3632 3290 3802 3329 causa
3825 3316 3843 3339 ,
3899 3289 4000 3327 nu-

2426 3388 2576 3428 mero
2621 3386 2871 3428 notarum
2926 3374 3016 3439 56,
3058 3374 3412 3442 quamobrem
3464 3369 3626 3427 Turci
3678 3369 3997 3424 Graecorum

2425 3466 2781 3534 imperatores
2834 3466 3237 3521 nominaverint
3286 3467 3600 3535 Teggiures.
3655 3461 4000 3518 Secretarius

2421 3557 2714 3614 Malatestae
2749 3556 2934 3622 refert,
2968 3557 3362 3613 Muchemetem
3387 3573 3508 3610 cum
3536 3555 3781 3610 exercitu
3814 3564 4001 3607 trans-

2417 3651 2614 3721 jecisse
2670 3650 3006 3712 Scutarium,
3041 3651 3274 3720 indeque
3302 3649 3606 3719 profectum
3656 3650 3723 3702 ad
3762 3647 4001 3701 (Πιεκίνί-

2420 3744 2579 3806 chen,
2609 3740 2764 3808 cujus
2810 3742 3061 3809 planities
3095 3742 3165 3795 ab
3195 3757 3301 3795 una
3332 3751 3487 3809 parte
3526 3740 3593 3795 ad
3633 3754 3786 3792 mare
3833 3738 4003 3807 perti-

2421 3843 2578 3894 neat,
2611 3834 2664 3886 in
2704 3832 2953 3886 morbum
2982 3830 3264 3885 incidisse.
3313 3828 3525 3895 Quibus
3577 3828 3630 3881 in
3667 3824 3859 3879 verbis
3906 3838 4003 3893 pro

2417 3925 2729 3980 Clnisivicbe
2757 3924 2994 3995 putarim
3023 3922 3275 3991 equidem
3305 3920 3455 3975 aliud
3490 3934 3693 3974 nomen
3728 3932 3971 3985 reponen
3990 3943 4003 3956 ο

2418 4021 2569 4085 dum,
2597 4018 2841 4087 adeoque
2871 4016 3123 4072 Geivisen
3154 4016 3322 4076 illam,
3349 4014 3416 4069 de
3458 4028 3564 4082 qua
3593 4012 3799 4066 dictum
3828 4011 4005 4079 capite

2419 4124 2668 4167 notarum
2701 4112 2789 4167 Ἠ.
2831 4110 3044 4180 Quippe
3077 4109 3320 4164 fatentur
3353 4121 3546 4161 omnes
3575 4105 3852 4162 historici.
3888 4104 4005 4156 lu-

2417 4207 2722 4261 cbemetem
2791 4206 2894 4259 iter
2940 4207 3041 4258 boc
3078 4202 3452 4258 Nicomediam
3484 4214 3674 4254 versus
3706 4199 4003 4253 'tcnuissv:

2417 4316 2583 4369 aqua
2636 4316 2744 4354 non
2804 4300 2962 4369 longe
3018 4316 3143 4353 cum
3206 4299 3443 4357 abesset,
3502 4304 3758 4348 mortuus
3817 4295 4002 4348 fuerit.

2416 4390 2669 4448 Notatum
2707 4406 2834 4445 vero
2884 4405 3074 4461 supra,
3122 4389 3379 4444 Geivisen
3436 4388 3597 4439 unius
3648 4387 3852 4441 itinere
3900 4387 4003 4441 dici

2417 4503 2525 4541 non
2559 4501 2752 4556 magno
2783 4485 3031 4541 dissitam
3074 4502 3103 4539 a
3131 4483 3469 4539 Nicomedia.
3500 4482 3713 4536 Dictum
3754 4483 3961 4537 ibidem
3990 4525 4004 4545 ,

734 4569 1152 4640 grassabantur.
1191 4569 1300 4624 Nec
1358 4571 1635 4642 Hispanus
1686 4575 2020 4643 gubernator
2057 4572 2308 4645 llydruu-
2339 4593 2387 4654 ε)
2416 4577 2581 4632 maris
2628 4578 2751 4631 istlc
2802 4592 2923 4631 esse
2955 4575 3137 4630 sinum
3160 4617 3176 4641 ,
3213 4591 3374 4645 quem
3408 4584 3618 4628 veteres
3666 4575 4005 4628 Astacenmn

734 4665 884 4718 tinus
918 4662 1119 4718 tninori
1165 4677 1298 4718 usus
1331 4670 1415 4717 est
1458 4678 1583 4733 erga
1631 4677 1733 4719 nos
1780 4663 2052 4726 barbarie.
2092 4666 2182 4732 qui
2215 4680 2312 4734 per

735 4754 1052 4809 naut-larum
1084 4769 1207 4809 cutn
1241 4754 1484 4825 periculo
1518 4754 1830 4823 ablegatum
1859 4756 2176 4823 mgantibus
2202 4798 2217 4820 ,
2252 4766 2311 4812 ut

732 4846 1014 4917 aliquanto
1051 4847 1277 4917 propius
1308 4846 1374 4901 ad
1407 4858 1622 4916 portum
1655 4846 1953 4902 accedendi
1986 4857 2311 4916 potestatem

734 4940 937 4995 laceret
963 4956 977 4993 :
1006 4954 1113 5009 quo
1150 4948 1341 5009 portus
1367 4950 1422 4993 et
1451 4940 1603 4993 urbis
1635 4939 1810 4993 vit-ina
1844 4940 2077 4994 tutiores
2107 4956 2135 4993 a
2171 4943 2315 5010 pira-

733 5043 911 5088 tarum
978 5031 1193 5100 injuriis
1247 5046 1523 5095 essemus,
1580 5046 1691 5085 non
1744 5032 1923 5085 solum
1959 5032 2009 5085 id
2049 5044 2313 5103 negavit:

730 5139 919 5176 verum
950 5124 1115 5176 etiam
1156 5122 1472 5176 denuntiari
1496 5121 1682 5189 jussit,
1716 5139 1776 5177 se
1807 5138 1908 5177 nos
1938 5124 2088 5178 Omni
2120 5140 2316 5194 gem-re

735 5228 1135 5272 tormentorum
1171 5216 1489 5271 bellicorum
1520 5232 1585 5270 ex
1618 5231 1763 5278 arce.
1793 5218 1838 5271 si
1888 5220 2113 5287 propius
2162 5235 2321 5273 acce—

738 5312 1013 5373 den-tuus,
1066 5316 1449 5378 excepturum.
1499 5305 1555 5363 ld
1611 5306 1773 5363 liebat
1828 5317 2145 5379 prepterea,
2176 5320 2319 5380 quod

734 5402 1209 5471 ConstantinOpoli
1265 5400 1601 5467 veniremus,
1672 5402 1760 5454 tibi
1807 5403 2078 5473 superiori
2109 5415 2319 5480 aistate,

739 5496 904 5549 veluti
941 5495 1104 5565 paulo
1129 5505 1256 5549 ante
1287 5496 1516 5558 dictum,
1542 5494 1867 5564 gravissime
1890 5496 2116 5552 morbus
2150 5499 2323 5566 pesti-

738 5587 856 5640 lens
884 5586 1173 5641 saevierat.
1210 5585 1459 5653 Amplius
1504 5593 1684 5638 tamen
1739 5586 1983 5654 quinque
2017 5589 2322 5643 mensibus.

738 5688 863 5733 ante
909 5688 1158 5733 nostrum
1196 5677 1532 5741 discussum,
1567 5691 1633 5732 ea
1667 5678 1906 5746 grassari
1942 5679 2218 5744 desierat;
2262 5694 2326 5734 ac

736 5786 837 5825 nos
870 5781 1067 5841 quarto
1090 5771 1200 5837 iam
1230 5785 1417 5826 tuense
1446 5784 1475 5822 ιι
1501 5769 1981 5839 Constantinopoli
2006 5770 2323 5826 aberamus.

738 5862 817 5918 Ita
858 5862 1116 5919 nimirqu
1166 5876 1365 5919 exuere
1413 5859 1679 5931 quasdam
1729 5858 1935 5917 belluas
1968 5873 2185 5915 omnem
2218 5875 2327 5914 non

2411 4671 2677 4726 vocarint.
2706 4668 2841 4723 Eum
2882 4669 3215 4724 secretarius
3247 4668 3413 4721 etiam
3447 4665 3852 4721 Malatestanus
3898 4667 4009 4735 ipse

2413 4761 2580 4830 digito
2612 4762 2780 4827 Tquasi
2827 4769 3242 4815 commonstrat.
3301 4757 3507 4813 Praetor
3548 4757 3772 4813 Graeciae
3823 4771 4011 4813 noster

2415 4853 2702 4923 cujusdam
2740 4852 2876 4912 regii
2909 4852 2993 4906 vel
3026 4851 3357 4921 imperatorii
3389 4850 3571 4918 palatii
3606 4848 3888 4911 meminit,
3921 4839 4008 4902 cui

2420 4958 2615 4997 nomen
2656 4946 2747 4998 dat
2775 4941 3148 5014 Nymphaeum.
3184 4942 3267 4996 Ab
3293 4956 3360 4995 eo
3392 4956 3497 4994 non
3525 4939 3716 5009 procul
3748 4939 4005 4995 dissitutn

2417 5033 2682 5089 describit
2730 5033 2908 5087 locnm
2937 5070 2953 5092 ,
3002 5032 3093 5085 tali
3125 5030 3452 5099 Teggiurum
3488 5028 3571 5081 vel
3610 5027 4006 5095 imperatorum

2420 5136 2577 5194 prato
2607 5124 2770 5179 rebus
2797 5124 3055 5177 omnibus
3092 5120 3458 5176 simillimum.
3496 5119 3712 5172 Alicubi
3743 5118 3812 5171 de
3844 5117 4009 5187 Nym-

2422 5215 2618 5283 plueo:
2653 5212 2917 5275 Michael,
2967 5212 3077 5269 ait.
3130 5208 3471 5276 Pulmolngus
3515 5208 3814 5274 imperator
3844 5206 4013 5275 Ny“)!

2424 5308 2632 5374 phinum
2668 5313 3009 5375 pervenerat,
3062 5319 3173 5370 quo
3226 5302 3348 5354 loco
3379 5315 3627 5353 recreare
3660 5315 3719 5352 se
3750 5300 4013 5350 solebant

2427 5391 2801 5468 imperatores,
2833 5406 3121 5465 postquam
3156 5392 3588 5462 Constatinopoli
3620 5391 3669 5456 (a
3726 5388 4009 5453 Flandris)

2429 5492 2484 5545 in
2515 5489 2769 5545 exsilium
2803 5487 2960 5549 eiecti
2997 5488 3233 5540 fuerant.
3257 5484 3396 5537 Alibi
3430 5498 3556 5537 vero
3596 5483 3884 5541 planitie.
3927 5481 4014 5535 vel

2429 5591 2643 5650 pratum
2673 5585 2849 5650 ipsum
2881 5579 3141 5633 describit
3175 5578 3259 5632 bis
3299 5578 3513 5631 verbis:
3566 5574 3699 5629 Cum
3751 5572 3883 5628 dies
3916 5575 4014 5626 ali-

2429 5685 2560 5744 quot
2593 5673 2611 5745 (
2647 5675 2939 5744 imperator
2970 5670 3216 5727 Joannes
3253 5670 3461 5725 scilicet
3494 5670 3665 5722 Ducas
3696 5665 3965 5721 Vauues
3994 5672 4011 5733 )

2435 5767 2676 5821 Pldebiis
2720 5767 3011 5834 exegisset,
3044 5765 3405 5837 Clyzomenen
3440 5759 3713 5830 prolectus
3757 5760 3897 5823 {hoc
3936 5763 4013 5810 lo—

2434 5876 2497 5917 co
2526 5876 2719 5916 nomen
2746 5857 2871 5927 εει),
2909 5856 3104 5912 ibidem
3131 5855 3359 5911 tentoria
3393 5854 3477 5921 trgi
3505 5852 3682 5920 jussit.
3706 5848 3847 5901 κω
3892 5853 4017 5904 iam.
