4198 6426
224 366 321 429 833

1359 358 1752 416 PANDECTE
1794 356 1995 415 IIIST.
2025 351 2337 411 TURCIC.

3341 347 3445 408 83L

225 484 634 549 imperatorese
688 473 985 544 "Nympham
1030 471 1635 538 digressi.commorari
1691 470 2058 530 so-Aaiunt.
2095 468 2249 536 quasi
2314 464 2422 519 voti
2485 480 2629 527 rcus,
2672 464 2882 518 Melticn
2937 478 2994 517 se
3054 462 3306 518 contulit.
3370 465 3442 517 Ea

219 570 359 630 lent,
411 566 774 636 majoremque
818 566 961 614 veris
993 571 1197 629 partem
1230 561 1543 629 transigere.
1577 560 1785 627 Quippe

220 670 363 715 totus
392 660 479 711 ille
527 659 678 709 locus
714 670 860 708 mera
911 654 1159 722 planities
1206 662 1311 715 est,
1358 669 1477 721 qua:
1529 652 1788 720 graminis

219 753 451 821 cupiam,
483 748 856 817 compluribus
883 748 1039 814 equis
1074 745 1425 800 sullicientcm
1452 786 1467 811 ,
1517 743 1784 813 producit.

221 845 389 913 Aquis
420 841 581 896 etiam
617 840 898 907 irrigatur,
932 855 992 890 ac
1019 838 1070 890 in
1110 837 1412 906 propinquo
1448 837 1645 889 multos
1691 851 1788 904 pa-

219 950 317 1004 gos
349 942 403 987 et
449 932 700 986 civitates
745 929 940 993 habet,
975 943 1002 980 a
1036 930 1235 997 quibus
1268 930 1334 979 ad
1364 928 1565 980 victum
1602 940 1789 979 neces-

220 1028 372 1079 saria:
398 1039 485 1077 res
506 1024 723 1088 copiose
746 1022 1251 1075 subministrantur.
1277 1019 1547 1072 Hactenus
1571 1027 1788 1086 praetor,

219 1118 311 1185 qui
342 1116 520 1169 Nerea
551 1113 855 1182 profectum
914 1112 979 1165 ad
1010 1115 1147 1164 hanc
1189 1112 1547 1181 Clyzomcnen
1598 1111 1790 1162 scribit

220 1210 627 1276 imperatoretti.
679 1205 752 1258 Ea
787 1220 912 1258 vero
942 1204 984 1256 si
1022 1220 1127 1255 uoti
1176 1216 1258 1255 est
1294 1203 1423 1255 illttd
1458 1200 1783 1268 Teggiurum

222 1302 301 1352 vel
332 1300 715 1366 imperatorum
760 1306 1004 1363 pratum,
1038 1295 1090 1347 itt
1136 1309 1240 1361 quo
1270 1302 1515 1345 mortuus
1539 1332 1553 1355 ,
1586 1294 1650 1344 de
1684 1296 1789 1344 An-

221 1392 425 1444 nalium
453 1388 747 1448 sententia,
782 1384 885 1439 fuit
910 1386 1291 1439 Mucliemetes:
1318 1386 1562 1452 equidem
1598 1386 1787 1449 alium,

218 1500 381 1552 quem
405 1483 655 1537 'iudicem
680 1523 693 1546 ,
723 1480 805 1535 sic
836 1478 1167 1548 appellatum
1202 1479 1417 1545 locum,
1470 1478 1671 1531 nullum
1709 1479 1790 1530 in-

220 1576 400 1629 venio.
448 1588 449 1591 ‘

220 1709 348 1761 154.
370 1707 578 1762 Sultaiii
597 1709 792 1777 Zemis,
811 1714 1027 1767 alterius
1051 1713 1151 1781 ﬁlii
1173 1712 1528 1775 Muchemetis,
1546 1709 1785 1765 historia.

1889 563 2090 614 nostris
2142 560 2321 612 Meclia
2384 570 2506 620 est.
2580 559 2828 612 Achmeti
2877 558 3190 612 onirocrita:
3242 557 3444 622 Mecca,

1889 652 2171 708 Saracenis
2202 652 2408 704 Medina
2445 652 2660 714 Alnabi,
2699 651 2802 706 hoc
2834 660 2935 716 est,
2987 652 3176 704 civitas
3210 652 3446 719 prophe-

1891 753 1973 799 tae.
2010 746 2219 811 Reapse
2245 759 2371 796 vero
2402 744 2467 796 ad
2520 744 2892 798 Aleairensem
2928 745 3202 799 sultanum
3248 744 3446 797 confu-

1888 835 1984 904 git.
2015 853 2039 885 ιι
2062 850 2168 900 quo
2201 834 2487 887 Geufrazus
2510 851 2631 887 eum
2681 837 2855 904 copiis
2886 848 2937 889 et
2988 837 3235 904 pecuniis
3296 835 3451 902 adju-

1891 937 2002 979 tum
2037 927 2224 979 scribit
2260 945 2272 980 :
2311 928 2403 978 sed
2445 938 2605 997 negat
2640 927 2739 981 lioc
2773 927 3069 981 Malatesta:
3099 927 3449 984 secretarius.

1892 1018 2275 1071 tantummodo
2329 1018 2572 1073 referens
2630 1018 2825 1072 Zemen
2878 1020 3079 1073 sultani
3122 1018 3451 1071 Alcaireusis

1891 1110 2009 1162 ﬁdei
2069 1126 2289 1163 uxorem
2349 1128 2470 1164 cuni
2522 1111 2636 1165 filio
2686 1114 3128 1165 commendasse.
3207 1110 3279 1165 De
3350 1113 3452 1163 hoc

1890 1202 2009 1270 ejus
2041 1203 2149 1255 lilio
2177 1203 2304 1272 quid
2341 1204 2537 1257 factum
2591 1203 2773 1267 fuerit,
2828 1206 3015 1271 paucis
3068 1203 3453 1271 Spanduginus

1890 1296 2157 1361 exposuit.
2208 1295 2416 1363 Quippe
2465 1306 2650 1349 narrat
2703 1313 2850 1357 eum.
2914 1311 3037 1349 cum
3082 1298 3134 1350 in
3197 1295 3447 1350 Rhodum

1894 1389 2119 1439 insulam
2154 1388 2509 1455 pervenisset,
2573 1392 2882 1456 amplexum
2950 1389 3262 1455 religionem
3296 1387 3452 1441 Chri-

1892 1482 2145 1540 stianam,
2174 1491 2229 1533 et
2252 1481 2605 1548 baptizatum.
2660 1479 2887 1543 Ibidem,
2925 1480 3195 1547 susceptis
3230 1496 3289 1532 ex
3322 1497 3455 1533 con-

1887 1574 2013 1641 juge
2041 1585 2274 1640 quatuor
2313 1574 2517 1636 liberis,
2558 1574 2769 1627 duobus
2812 1575 3090 1633 masculis.
3117 1574 3451 1640 totidemque

1895 1665 2141 1728 feinellis,
2185 1666 2327 1717 velut
2356 1665 2434 1717 .in
2476 1665 2694 1720 latebris
2752 1665 3000 1719 vixisse:
3048 1667 3217 1719 donec
3259 1664 3453 1717 Rhodo

1898 1767 2074 1824 capta,
2105 1758 2482 1824 percunctanti
2518 1757 2582 1809 de
2624 1764 2688 1809 et)
2731 1756 2962 1810 sollicite
2991 1756 3283 1811 Solcitnani
3326 1773 3452 1821 pro-

292 1827 565 1896 Principio
621 1829 923 1883 monendus
971 1830 1163 1895 lector,
1212 1830 1336 1884 huic
1390 1827 1531 1898 apud
1583 1827 1792 1881 Turcos

1828 1815 1869 1873 Β
1897 1851 2059 1913 ditus,
2096 1865 2219 1904 cum
2260 1849 2568 1919 religionem
2602 1848 2966 1901 Christianam
3000 1851 3340 1902 deserturum
3394 1863 3453 1899 se

219 1936 420 1974 nomen
457 1936 573 1977 esse
638 1924 816 1977 Sultan
849 1924 1022 1987 Zemi,
1050 1925 1132 1979 vel
1156 1924 1329 1988 Gemi,
1356 1924 1793 1993 pronuntiatione

217 2009 430 2066 Italica.
459 2011 760 2077 Geufrmus,
790 2026 844 2070 et
871 2017 997 2080 alii,
1028 2032 1133 2070 non
1160 2027 1305 2071 recte
1330 2017 1591 2068 Zizimum
1622 2026 1674 2069 et
1707 2014 1793 2065 Zi-

217 2104 402 2156 zimen
436 2105 726 2173 appellant:
763 2107 917 2176 pejus
947 2110 1108 2161 etiam
1137 2108 1419 2162 Bonlinius
1453 2108 1791 2170 Czaliabum,

219 2196 371 2265 quod
393 2213 454 2250 ex
491 2196 667 2252 Zelebi
701 2213 1016 2269 corruptum
1052 2201 1309 2265 arbitror,
1334 2199 1399 2253 de
1425 2216 1533 2268 quo
1556 2201 1789 2254 vocabu-

219 2289 277 2341 lo
311 2289 515 2343 dictum
551 2291 708 2345 initio
738 2292 1122 2347 declarationis
1152 2294 1333 2359 hujus.
1370 2292 1663 2361 Utriusque
1698 2310 1795 2352 tm-

220 2395 350 2447 gum
380 2384 642 2447 narratio,
663 2400 766 2452 qua
800 2386 879 2440 bis
910 2386 1184 2440 Aelimetis
1210 2384 1442 2440 Geducis
1467 2386 1639 2438 bassa:
1665 2385 1794 2438 due—

221 2480 283 2522 tu
321 2480 606 2539 superatus
633 2487 662 2526 a
698 2473 860 2528 fratre
907 2474 1031 2537 fuit,
1061 2475 1146 2530 hic
1174 2474 1227 2527 in
1258 2474 1558 2528 Annalibus
1593 2483 1791 2527 exstat.

220 2559 473 2629 Reliquae
500 2574 614 2632 post
643 2563 823 2633 fugam
856 2565 977 2618 vitae
1013 2565 1226 2619 fortuna
1265 2564 1501 2617 breviter
1528 2579 1557 2615 e
1593 2565 1795 2616 nostris

217 2654 537 2721 cxponitor,
567 2656 785 2723 quando
807 2656 969 2710 Turci
999 2672 1138 2717 eam,
1170 2663 1228 2709 ut
1256 2670 1443 2724 parum
1476 2654 1575 2706 sibi
1610 2655 1796 2721 cogni-

221 2759 371 2811 tam,
406 2750 458 2801 in
482 2748 685 2803 litteras
709 2749 913 2803 referre
936 2764 1042 2802 non
1077 2757 1387 2816 potuerunt.
1424 2747 1593 2817 Igitur
1628 2746 1796 2799 alti-ro

214 2840 425 2910 ,praalio
452 2839 645 2903 vietus,
692 2839 989 2908 desperatis
1030 2841 1191 2894 rebus
1238 2839 1372 2902 suis,
1435 2839 1486 2891 in
1547 2835 1795 2889 Rhodum

217 2931 496 3001 profugit:
522 2947 686 3000 seque
713 2947 908 3001 magno
926 2931 1164 3000 equitatu
1191 2929 1519 2985 Rhodiorum
1546 2929 1798 2997 Magistro

216 3027 324 3093 qui
367 3034 493 3077 tunc
519 3035 634 3077 erat
677 3024 865 3077 Petrus
909 3024 1268 3077 Albussonius
1315 3021 1518 3083 Gallus,
1554 3020 1798 3072 tradidit.

217 3115 442 3184 Agebat
479 3126 605 3167 tttnc
674 3117 847 3167 aetatis
887 3130 1087 3166 annum
1156 3112 1471 3167 vicesimum
1520 3122 1796 3165 octavum.

218 3208 284 3261 Id
321 3208 417 3262 ubi
467 3207 727 3273 Bajasites
779 3208 1097 3274 accepisset,
1152 3204 1501 3273 amplissimis
1548 3218 1797 3271 magnum

211 3299 577 3366 Magistrum,
627 3298 855 3366 ejusque
922 3298 1282 3358 consiliarius,
1351 3295 1665 3347 muneribus
1713 3293 1803 3346 de-

214 3392 513 3450 mulcens,
549 3391 621 3442 titi
671 3390 958 3458 diligenter
985 3397 1377 3449 asservaretur,
1416 3386 1586 3455 petiit;
1640 3385 1801 3439 simul

209 3483 291 3536 ad
338 3484 466 3550 ejus
490 3481 742 3534 alimenta
776 3494 835 3534 se
858 3481 1214 3548 quadraginta
1256 3478 1421 3531 millia
1479 3479 1799 3531 ducatornm

207 3571 478 3640 singulis
534 3570 713 3635 anuis,
769 3587 929 3639 quam
960 3572 1175 3639 quidem
1208 3572 1296 3623 diu
1332 3569 1496 3624 frater
1523 3578 1801 3639 superstes

205 3669 464 3721 futurus
493 3677 657 3729 esset,
688 3678 1093 3720 numeraturum
1136 3666 1414 3734 promisit:
1438 3679 1626 3735 pacem
1654 3665 1805 3717 deui-

203 3775 339 3831 que
367 3774 495 3812 cum
527 3756 851 3833 Christianis
913 3768 1226 3827 perpetuam
1262 3760 1533 3812 culturum
1563 3772 1802 3826 spopon-

200 3854 328 3905 dit.
367 3851 598 3918 Accepit
664 3865 757 3904 eas
828 3851 1169 3904 conditiones
1239 3843 1467 3919 magnus
1528 3849 1803 3915 Magister,

198 3959 377 4014 quas
439 3942 656 4010 quidem
689 3945 829 3995 bona
864 3942 966 3995 lide
995 3942 1258 4008 Bajasites
1294 3941 1553 4010 implevit.
1613 3940 1803 3994 Zemes

192 4052 393 4100 vero,
423 4044 535 4088 tum
569 4035 823 4103 plenioris
858 4036 1163 4089 securitatis
1186 4050 1369 4097 causa,
1410 4044 1521 4087 tum
1550 4036 1623 4088 uti
1654 4034 1807 4102 Baja-

194 4130 366 4185 sites
404 4134 557 4179 tanto
592 4126 761 4192 magis
791 4126 842 4178 in
903 4134 1047 4179 metu
1099 4137 1362 4194 perpetuo
1411 4127 1806 4185 contineretur,

195 4227 259 4275 :‘n
302 4219 561 4273 Galliam
607 4218 707 4270 fuit
757 4218 1022 4271 abductus
1064 4236 1077 4271 :
1130 4219 1217 4271 ubi
1247 4220 1337 4271 diu
1376 4219 1507 4271 vixit
1572 4218 1623 4269 in
1678 4234 1811 4287 qua-

190 4318 349 4368 dam
403 4311 745 4365 Rhodiorum
786 4313 1025 4380 equitum
1073 4326 1217 4372 arce,
1257 4311 1342 4363 cui
1375 4327 1571 4365 nomen
1606 4312 1807 4379 Burgo~

184 4424 398 4463 novo.
441 4402 715 4457 Deductus
747 4405 870 4457 inde
902 4402 1124 4457 Romam
1177 4401 1279 4454 fttit
1320 4403 1386 4455 ad
1439 4404 1809 4457 Innocentium

1895 1954 2206 1997 constanter
2231 1952 2499 2011 negasset,
2529 1941 2739 1994 duobus
2761 1957 2882 1994 cum
2920 1940 3042 1994 filiis
3069 1942 3408 1994 occideretur
3434 1958 3445 1993 :

1890 2037 2113 2105 juliente
2138 2035 2469 2098 Solcimane,
2508 2045 2565 2086 ut
2616 2035 2735 2088 lilia:
2761 2034 3289 2104 Constantinopolim
3328 2052 3453 2089 ave-

1898 2131 2177 2182 ltcrcntur.

2146 2220 2262 2273 l5li.
2292 2218 2432 2272 Mors
2459 2218 2683 2272 Geducis
2713 2218 2970 2271 Achmetis
3003 2218 3190 2271 bassre.

1967 2311 2129 2377 Quia
2186 2312 2499 2364 conditione
2569 2311 2871 2363 humillima
2913 2311 3091 2363 subito
3142 2326 3450 2378 supremam

1900 2402 1964 2456 ad
2002 2403 2319 2471 dignitatem
2350 2411 2403 2453 et
2453 2416 2582 2468 epes
2646 2411 2961 2461 emerserat,
3008 2411 3058 2454 ct
3094 2403 3456 2467 imperatoriis

1900 2503 2076 2546 tamen
2111 2494 2317 2545 artibus
2360 2503 2639 2561 prestans,
2683 2507 2904 2560 magnas
2940 2508 3033 2560 pro
3063 2493 3293 2547 sultanis
3318 2497 3453 2559 suis,

1901 2589 2237 2642 Mucliemete
2270 2588 2632 2657 Bajasiteque,
2663 2606 2748 2643 res
2797 2602 3058 2657 gesserat,
3110 2591 3310 2658 insigni
3355 2606 3453 2645 sua

1901 2696 2019 2732 cum
2057 2680 2224 2747 glnria
2269 2698 2280 2729 :
2327 2696 2485 2747 quam
2540 2679 2755 2748 indigna
2805 2681 3018 2733 tandem
3058 2696 3230 2733 morte
3287 2681 3451 2733 vitam

1901 2770 2041 2822 hanc
2062 2767 2343 2830 clauserit,
2374 2770 2607 2823 Annales
2633 2771 2733 2823 hoc
2766 2770 2885 2822 loco
2909 2772 3090 2837 paucis
3124 2786 3457 2824 commemo-

1903 2869 2040 2912 rant.
2074 2859 2284 2912 Causas
2308 2868 2490 2911 tamen
2525 2861 2697 2913 nullas
2728 2862 3009 2928 adjiciunt.
3044 2878 3142 2917 cur
3172 2864 3242 2915 ita
3276 2865 3457 2917 subito

1899 2965 2209 3020 peremptus
2261 2952 2441 3016 fuerit,
2501 2953 2656 3021 jussu
2713 2953 2984 3021 Bajasitis,
3045 2966 3101 3007 ut
3150 2956 3458 3023 Gruframs;

1906 3045 2075 3111 ipsius
2134 3061 2292 3096 manu
2342 3045 2611 3113 Bajasitis,
2680 3058 2736 3097 ut
2780 3045 3072 3100 Malalestae
3128 3050 3458 3102 secretarius

1828 3170 1871 3228 α
1905 3135 2140 3201 scripsit.
2168 3134 2446 3189 Geufrreus
2481 3138 2573 3200 ait,
2632 3146 2881 3190 testatum
2931 3136 3100 3190 fuisse
3137 3137 3451 3203 Bajasitan

1906 3229 2130 3280 nimiam
2165 3227 2302 3280 servi
2352 3229 2776 3293 magnitudinem
2835 3242 2897 3281 ac
2948 3227 3194 3281 virtutem
3238 3230 3462 3283 domino

1906 3320 2251 3374 formidinem
2299 3320 2563 3373 incutere.
2618 3318 2912 3373 Malatesta:
2964 3334 3089 3370 vero
3133 3322 3461 3373 secretarius

1912 3414 2222 3484 bujusmodi
2296 3413 2541 3481 quaedam
2606 3416 2765 3478 paulo
2819 3412 3054 3480 prulidit
3114 3412 3460 3481 explicatius,

1906 3521 2025 3574 quae
2056 3506 2401 3558 commutatis
2434 3504 2610 3557 verbis
2640 3505 2803 3569 ipsius
2840 3503 3037 3556 Italicis
3070 3520 3190 3556 cum
3252 3503 3459 3556 Latinis

1908 3598 1997 3651 hic
2031 3598 2349 3651 inseremus.
2399 3595 2584 3657 Erant,
2613 3594 2809 3664 inquit,
2851 3595 3153 3662 pertinaces
3178 3595 3339 3647 animi
3368 3612 3463 3664 ge-

1908 3692 2239 3752 nizarorum,
2273 3705 2409 3758 quos
2443 3704 2569 3741 sane
2614 3700 3005 3756 non-nunquam
3040 3689 3218 3741 dicere
3246 3704 3350 3740 non
3384 3698 3464 3741 est

1908 3782 2162 3843 veritum,
2228 3782 2444 3848 quando
2509 3776 2741 3845 Bajasite
2787 3777 3009 3829 dom-in
3063 3790 3253 3843 parum
3285 3776 3465 3843 pr0pi-

1908 3876 1982 3929 tio
2017 3886 2316 3935 uterentur,
2373 3874 2735 3926 arcessituros
2803 3887 2862 3926 se
2895 3872 3164 3926 sultanum
3222 3870 3460 3934 Zemem,

1909 3970 1999 4037 qui
2032 3969 2110 4019 eis
2162 3968 2472 4034 imperaret.
2520 3966 2655 4030 Quin
2686 3964 2848 4018 etiam
2909 3966 3099 4016 armati
3151 3963 3462 4031 aliquando.

1911 4074 2106 4127 magna
2145 4074 2268 4111 ('llltl
2328 4058 2471 4109 Hlllie
2498 4058 2562 4110 ad
2591 4058 2734 4125 ipsas
2774 4057 3037 4109 sultanini
3071 4057 3251 4125 palatii
3284 4066 3467 4124 portas

1910 4160 2284 4205 accurrerunt.
2317 4150 2452 4203 Tum
2482 4165 2607 4203 vero
2631 4150 2895 4218 Bajasites
2927 4150 3136 4202 lenibus
3164 4164 3259 4202 eos
3291 4148 3468 4201 verbis

1913 4245 2178 4309 mitigare,
2218 4242 2535 4310 cunctisque
2556 4243 2843 4310 postulatis
2866 4245 3112 4311 ipsorum
3139 4256 3269 4294 sane
3309 4255 3468 4308 quam

1913 4339 2248 4405 indulgenter
2280 4352 2541 4391 annuere.
2582 4336 2781 4405 Sopitis
2808 4346 2989 4391 autem
3021 4336 3315 4388 furentium
3354 4336 3468 4396 iris,

1915 4439 2165 4484 auctores
2200 4429 2485 4483 seditionis
2514 4444 2544 4481 e
2600 4429 2779 4481 medio
2804 4430 3050 4482 sustulit.
3100 4427 3165 4481 Et
3195 4429 3319 4496 quia
3368 4443 3473 4481 sa:—

181 4502 333 4568 ejus
396 4498 651 4551 nominis
686 4508 961 4558 octavum,
1024 4496 1355 4564 pontilicem.
1407 4494 1504 4557 lbi,
1570 4498 1804 4565 quandui

1846 4515 1889 4570 D
1920 4538 2221 4592 penttmero
2252 4521 2486 4589 genizari
2518 4520 2586 4573 ad
2638 4520 2913 4573 Acltmetis
2960 4494 3252 4573 Chendicis
3281 4519 3478 4572 veziris

179 4594 359 4648 vixit
434 4588 848 4653 lunnocentius,
903 4604 967 4641 ac
1022 4598 1144 4657 post
1195 4597 1421 4640 mortem
1483 4588 1649 4651 illius,
1706 4590 1810 4641 sub

177 4679 537 4737 Alexandri
570 4675 631 4729 Vl
666 4677 1002 4744 pontiﬁcatu.
1036 4679 1239 4730 mansit
1271 4693 1286 4730 :
1317 4678 1491 4731 donec
1516 4689 1810 4746 occupatu-

178 4790 299 4829 rus
338 4784 599 4837 regnum
635 4767 1048 4837 Neapolitanum
1079 4768 1315 4823 Karulus
1344 4767 1450 4821 Vlll
1479 4769 1665 4823 Gallia‘
1717 4785 1809 4821 rex

182 4870 481 4921 Romam
537 4863 794 4915 venisset.
846 4860 978 4915 Nam
1036 4862 1082 4914 is
1126 4858 1323 4915 Zemen
1375 4863 1442 4914 ab
1504 4862 1811 4915 Alexandio

176 4953 591 5028 impetraVit,
659 4970 860 5007 usurus
937 4969 1023 5015 eo,
1082 4955 1534 5023 quemadmodum
1596 4958 1809 5024 quidem

174 5055 443 5112 aiebat,
489 5045 559 5099 ad
610 5046 1040 5114 recuperandum
1103 5046 1388 5113 imperium
1424 5044 1811 5101 Constantino—

174 5146 579 5218 politaitum.
611 5137 855 5191 Pontifex
882 5146 1060 5191 autem
1128 5136 1277 5192 Zemi
1331 5153 1595 5191 venenum
1632 5138 1815 5206 prnpi-

172 5250 384 5293 nasse
423 5232 651 5283 [cntum
684 5231 935 5293 traditur,
974 5246 1080 5299 quo
1146 5242 1353 5283 eertum
1418 5230 1481 5282 ad
1520 5228 1811 5281 terminum

171 5324 519 5403 paulatim
544 5320 825 5376 confectus
854 5323 1173 5390 exspiraret.
1222 5320 1407 5389 Itaque
1456 5331 1577 5389 post
1606 5322 1816 5389 aliquot

172 5428 321 5478 dies
357 5415 750 5471 Terracinam
800 5415 1111 5481 perductus,
1157 5415 1358 5468 ibidem
1416 5416 1577 5467 rebus
1622 5418 1815 5467 buma-

169 5519 280 5575 nis
328 5507 642 5568 excessit.

430 5621 580 5679 155.
624 5619 1063 5707 Μεᾶἱε,ηΜεςιίιιιι
1101 5621 1311 5707 illaalii,
1348 5620 1446 5687 ﬁlii
1480 5632 1820 5689 nepotatuth

808 5689 979 5744 Zemis
1012 5693 1252 5744 historia.

263 5821 518 5873 Victus
567 5808 729 5875 priori
783 5808 964 5877 prae-lio
999 5806 1212 5871 Zcmcs,
1256 5807 1390 5861 dicis
1442 5823 1625 5874 causa,
1678 5808 1820 5876 quod

1915 4618 2088 4668 lassa
2153 4615 2373 4667 domum
2434 4614 2675 4675 itabant,
2739 4610 3009 4679 Bajasites
3084 4612 3473 4679 lladrianopoti

1916 4710 2156 4769 tandem,
2207 4723 2312 4774 qua
2350 4707 2401 4760 in
2438 4708 2572 4760 urbe
2622 4717 2749 4759 tunc
2803 4707 3019 4773 agebat.
3050 4706 3115 4757 ad
3164 4705 3475 4758 convivium

1916 4801 2124 4854 \‘ezires
2159 4815 2290 4852 suos
2342 4814 2533 4851 omnes
2591 4798 2861 4857 invitarit.
2914 4798 3095 4864 ibique
3158 4797 3472 4849 Achmeten'.

1915 4894 2130 4947 bassam
2176 4908 2336 4944 manu
2389 4891 2603 4959 propria
2656 4890 2914 4942 confecit.
2980 4887 3102 4941 Haec
3135 4889 3246 4952 ille,
3281 4891 3476 4955 quibus

1916 4989 2174 5037 Arateum
2210 4987 2309 5037 hoc
2341 4983 2702 5050 epiphonema
2763 4982 3068 5035 rectissime
3112 4986 3235 5048 quis
3264 4981 3479 5048 adjece-

1917 5077 2022 5128 rit:
2057 5076 2321 5143 ejusmodi
2354 5076 2567 5127 scilicet
2593 5074 2796 5128 amoris
2854 5089 2915 5127 ac
2971 5074 3361 5127 benevolentia:
3393 5085 3475 5142 ty-

1917 5181 2217 5219 rannorum
2251 5179 2373 5219 esse
2401 5165 2639 5233 pra-mia.

1918 5280 2046 5332 157.
2080 5278 2313 5332 Familia
2335 5278 2665 5331 Caramania.’
2698 5279 2988 5344 principum
3009 5280 3288 5331 exstincta.
3319 5278 3479 5331 Pira-

1989 5362 2174 5411 melus,
2215 5365 2307 5417 pro
2346 5349 2631 5402 lbraltinte.
2675 5350 3000 5401 Caramania
3030 5367 3083 5402 tn
3117 5350 3344 5417 formam
3388 5349 3477 5401 bc-

1986 5421 2305 5487 glcrbegatus
2341 5420 2573 5471 redacta.

1991 5532 2229 5588 Ultimus
2277 5543 2359 5589 est
2384 5534 2643 5595 Casanes,
2675 5536 2831 5605 cujus
2862 5534 2951 5589 hic
3004 5551 3199 5589 nomen
3232 5537 3484 5605 prodide-

1923 5634 2050 5678 rttnt
2078 5626 2333 5690 Annales,
2367 5627 2456 5693 qui
2481 5626 2546 5677 de
2586 5626 3007 5681 Curautanorum
3055 5628 3253 5681 familia
3282 5629 3485 5697 princi-

1925 5733 2051 5787 pum
2095 5718 2146 5768 in
2183 5717 2424 5771 historiis
2453 5719 2745 5786 reperitur.
2795 5719 2925 5770 Nam
2964 5718 3266 5771 Gettlrwuut
3302 5734 3485 5773 errare

1928 5808 2196 5875 ridemus,
2226 5809 2316 5879 qui
2345 5810 2507 5863 tradit
2530 5811 2854 5865 exstinctam
2878 5810 3067 5864 httt‘ullt
3091 5809 3345 5865 familiare
3375 5816 3477 5865 sub
