4198 6426
719 419 824 487 835

1898 391 2224 454 JOANNIS
2261 385 2725 449 LEUNCLAV‘II

3869 387 3986 449 836

721 525 1073 585 Muchemetis
1121 519 1368 589 imperio,
1410 512 1699 569 duodecim
1739 510 1818 562 vel
1865 509 2130 562 tredecim
2157 517 2284 560 ante
2311 506 2362 566 Α
2389 519 2512 558 cum
2550 501 2764 571 magnis
2786 501 3156 556 terrestribus
3199 500 3375 570 copiis
3409 499 3665 555 instruxit
3705 518 3721 554 :
3753 509 3813 554 ut
3837 502 3986 556 bello

722 624 826 675 hoc
875 627 1088 684 tempus
1136 611 1420 665 anniszet
1468 603 1612 658 aliud
1679 601 1876 654 ultimo
1925 599 2016 652 dat
2063 612 2286 660 nomen,

721 713 1092 768 Abrahamum
1122 716 1354 758 vocans.
1396 698 1485 753 Ait
1515 697 1681 754 enim,
1724 691 2126 746 Muchentetem
2156 689 2286 743 libe-

723 817 920 861 ratum.
946 799 1362 855 Usumcltasane
1393 788 1811 861 (Assambegum
1862 785 1977 853 ipse
2021 780 2286 849 nominat)

725 897 1065 954 adversario,
1096 899 1217 959 post
1245 888 1451 940 obitum
1494 879 1751 933 Pirameti
1779 877 2070 932 Caramani
2110 887 2292 927 rever-

724 1007 844 1044 sum
903 989 954 1041 in
988 982 1390 1042 Caramaniam,
1446 976 1758 1029 Abrahamo
1811 972 1918 1024 filio
1950 971 2066 1031 ejus
2119 969 2292 1036 impo-

727 1086 903 1138 suisse
936 1077 1316 1131 necessitatem
1354 1067 1678 1136 implorandi
1709 1064 1910 1118 auxilia
1944 1063 2290 1116 Christiano-

729 1191 872 1235 tum,
937 1174 1168 1223 maxime
1203 1165 1279 1218 Pii
1321 1161 1549 1218 secundi
1582 1157 1898 1226 pontificis:
1947 1155 2039 1223 qui
2079 1152 2291 1223 profec-

727 1268 873 1318 tione
931 1266 982 1314 in
1030 1259 1412 1313 Caramaniam
1475 1253 1795 1307 constituta.
1829 1252 2132 1308 Aneonam,
2200 1244 2288 1297 ubi

727 1357 953 1408 classem
1004 1351 1256 1403 adornari
1314 1354 1632 1404 curaverat,
1691 1341 2000 1409 profectus;
2085 1337 2286 1390 ibidem

733 1457 985 1497 mortuus
1009 1444 1098 1505 sit,
1127 1440 1253 1492 dum
1311 1436 1604 1489 adventum
1657 1433 1982 1484 Venetorum
2013 1428 2289 1479 sociorum

731 1544 1092 1602 exspectaret.
1150 1532 1288 1585 Hinc
1335 1530 1606 1586 evenisse,
1641 1535 1698 1576 ut
1753 1525 1927 1576 classe
1994 1520 2186 1575 dixisa.
2241 1528 2294 1569 et

735 1627 1016 1694 occupatis
1085 1623 1354 1690 Ungarico
1411 1619 1548 1670 bello
1601 1614 1906 1672 Germanis,
1957 1611 2294 1663 Caiamanus

734 1721 958 1773 minime
1008 1719 1072 1770 ad
1132 1713 1492 1769 resistendum
1540 1709 1737 1762 Turcis
1777 1705 2076 1767 sufficiens,
2128 1702 2294 1754 inti-r-

735 1812 913 1865 fectus
959 1809 1159 1862 fuerit:
1227 1817 1389 1873 atque
1438 1804 1508 1854 ita
1561 1798 1820 1853 familiam
1886 1794 2292 1850 Caramauimm

2394 593 2827 662 Carabogdaniae
2865 591 3163 646 Vaivodam
3205 593 3506 658 invaderet,
3547 594 3778 662 ejusque
3831 594 3985 648 vires

2393 695 2684 740 everteret.
2718 683 3012 752 chionem
3049 686 3214 753 hujus
3251 685 3551 754 ingressus,
3583 688 3768 739 omnia
3823 685 3983 738 flam-

2398 779 2500 832 mis
2532 789 2585 832 et
2614 779 2760 832 ferro
2789 779 3043 840 vastavit,
3105 780 3494 850 civitatemque
3516 779 3753 834 Chilium
3809 782 3983 848 ceplt,

2395 873 2559 924 etiam
2587 886 2768 925 arcem
2802 872 3034 924 dedente
3064 869 3397 925 Matnalacco
3428 872 3761 930 Castellauo.
3790 875 3986 940 patriae

2396 963 2691 1030 proditore.
2724 961 2958 1015 Profecti
3016 973 3142 1014 sunt
3192 961 3389 1016 deinde
3457 961 3621 1015 Turci
3683 961 3988 1029 Tatarique

2399 1056 2638 1108 maximo
2668 1053 3070 1106 cumexcrcitu
3130 1053 3195 1105 ad
3266 1052 3526 1121 oppidum
3583 1053 3984 1107 Moncastrum.

2397 1145 2644 1214 Cumque
2703 1146 2805 1198 sibi
2837 1162 2955 1197 eam
3007 1159 3230 1218 quoque
3289 1146 3569 1200 civitatem
3620 1148 3743 1200 dedi
3791 1157 3986 1215 postu-

2400 1240 2623 1303 lassent,
2657 1251 2722 1291 ac
2783 1237 3182 1291 interveniente
3235 1246 3398 1306 pacto
3453 1239 3797 1305 relinquendi
3853 1254 3981 1291 cum

2399 1335 2507 1383 vita
2561 1331 2848 1384 facultates
2889 1331 3083 1383 incolis
3141 1330 3346 1391 salvas,
3385 1330 3498 1382 voti
3554 1339 3842 1398 compotes
3902 1329 3984 1381 fa-

2399 1426 2470 1478 cti
2501 1425 2731 1478 fuissent
2764 1443 2777 1475 :
2808 1424 2945 1476 nihil
3006 1438 3199 1475 eorum
3241 1438 3363 1490 q-ute
3413 1424 3806 1491 promiserant,
3845 1437 3984 1490 pra:-

2399 1518 2680 1570 sutorunt.
2733 1515 2997 1581 Bajasites
3053 1517 3216 1568 etiam
3274 1515 3512 1567 familias
3568 1517 3690 1579 plus
3727 1515 3982 1568 minusve

2400 1611 2730 1675 quingentas
2753 1623 2940 1660 eorum
2973 1607 3176 1660 civium
3200 1604 3738 1674 Constantinopolim
3780 1605 3980 1657 abduci

2398 1698 2578 1764 jussit.
2603 1699 2888 1751 Boniintus
2911 1699 3100 1751 eodem
3125 1708 3366 1768 tempore
3416 1707 3598 1766 gestas
3645 1697 3847 1749 ibidem
3895 1711 3981 1748 res

2401 1806 2858 1852 commemorans,
2897 1792 3194 1844 Achilleam
3263 1793 3360 1853 ait,
3395 1806 3540 1844 nuuc
3591 1792 3865 1855 Cheliattt,
3925 1801 3980 1843 et

736 1901 1026 1967 defecisse,
1081 1897 1239 1964 cujus
1294 1869 1429 1947 ditio
1493 1891 1719 1944 cesserit
1784 1883 2119 1940 Osmanidis.
2180 1880 2296 1933 Non
2330 1869 2372 1928 Β
2401 1886 2797 1950 Neam-albam,
2831 1887 2896 1940 ad
2929 1887 3048 1941 Ιδιτῇ
3084 1889 3224 1942 ostia
3249 1889 3406 1954 sitas,
3438 1904 3468 1942 ε
3503 1887 3699 1943 Tunis
3724 1899 3853 1942 ιυιιε
3876 1888 3978 1942 οι)-

737 1989 1076 2058 temporibus
1113 1988 1225 2039 haec
1243 1985 1527 2044 duntaxat,
1562 1980 1654 2034 sed
1697 1977 1860 2031 rebus
1876 1976 2038 2028 etiam
2065 1974 2295 2026 confusa

737 2093 884 2138 sunt.
918 2083 1006 2134 Ait
1050 2079 1290 2132 occisum
1327 2076 1723 2134 Abrahamum,
1795 2067 2048 2120 Pirameti
2106 2065 2293 2126 filium,

739 2175 791 2228 in
834 2189 896 2226 ea
945 2171 1145 2223 familia
1204 2169 1712 2235 postremum.post
1767 2157 2293 2214 Usnmchasanicum

741 2265 960 2323 bellum,
982 2263 1125 2329 quod
1153 2257 1386 2328 pertinet
1421 2254 1485 2306 ad
1536 2267 1736 2305 annum
1765 2250 2102 2304 Chistiauum
2136 2249 2294 2302 H74.

737 2355 988 2410 Voluisse
1016 2367 1142 2406 vero
1186 2349 1338 2402 Pium
1380 2345 1424 2400 ll
1456 2344 1764 2413 pontificem
1807 2342 1932 2395 huic
1957 2356 2110 2409 opem
2160 2343 2299 2394 ferre

739 2451 898 2520 paulo
945 2457 1090 2508 ante,
1118 2460 1279 2514 quam
1333 2443 1448 2511 ipse
1488 2441 1654 2493 vitam
1698 2455 1819 2492 cum
1850 2445 2021 2490 morte
2054 2451 2297 2489 commu-

739 2555 900 2607 taret,
952 2554 1006 2596 et
1076 2541 1209 2594 alter
1278 2552 1310 2592 a
1400 2536 1593 2590 Turcis
1671 2533 2088 2602 Opprimeretur.
2138 2531 2297 2599 Atqui

740 2637 928 2690 decent
989 2635 1110 2704 plus
1142 2631 1321 2686 minus
1349 2641 1473 2682 ante
1517 2629 1617 2681 hoc
1670 2640 1881 2691 tempus
1909 2625 2087 2688 annis,
2143 2623 2296 2675 Pium

740 2747 932 2798 papam
977 2737 1247 2779 mortuum
1283 2721 1457 2775 fuisse
1492 2727 1726 2773 constat.
1761 2719 2023 2772 Prteterea
2082 2713 2301 2767 tradunt

740 2823 999 2881 Annales,
1035 2835 1064 2870 a
1107 2811 1505 2868 Mucltemetell
1543 2808 2114 2876 ereptamﬂaramane
2147 2804 2299 2860 Giol-

741 2913 1034 2974 chisarem,
1070 2923 1212 2962 anno
1241 2904 1523 2960 Chistiano
1557 2888 1711 2954 1469.
1749 2900 1855 2953 Nec
1907 2909 2087 2952 tamen
2122 2898 2298 2966 ipsum

743 3005 1065 3074 principem,
1095 3000 1184 3069 qui
1217 3007 1344 3051 tunc
1395 2995 1697 3050 Ibrahimes
1752 3001 1893 3054 erat,
1950 2990 2296 3045 interfectum

742 3096 931 3150 fuisse.
967 3094 1134 3158 Quem
1181 3089 1339 3144 etiam
1397 3088 1530 3140 dicit
1584 3087 1988 3148 Abrahamum,
2047 3084 2298 3137 Pirameti

2399 1992 2580 2031 sessas
2627 1975 2828 2043 fuisse;
2885 1977 3219 2048 Stephanum
3276 1993 3408 2033 vero
3454 1979 3632 2048 Mysiae
3701 1979 3978 2033 inferioris

2401 2071 2743 2139 (Moldaviam
2770 2073 2954 2125 dicere
3009 2073 3143 2141 vult)
3169 2073 3472 2142 principem
3503 2070 3824 2142 ab.Ungaro
3853 2090 3978 2140 rege

2401 2166 2622 2219 Matthia
2681 2167 2898 2234 petiisse
2949 2181 3106 2234 opem
3175 2183 3239 2222 ex
3301 2167 3524 2223 hederis
3585 2170 3978 2240 societatisquc

2406 2258 2543 2324 lege,
2575 2256 2667 2311 sed
2723 2269 2849 2309 ante
2899 2258 3063 2310 inissa
3117 2257 3386 2316 subsidia,
3435 2258 3689 2312 civitates
3748 2259 3872 2314 illas
3924 2263 3975 2312 in

2401 2350 2639 2404 hostium
2667 2358 2987 2418 potestatem
3016 2351 3251 2402 venisse.
3279 2350 3648 2404 Conferamus
3683 2353 3794 2406 hare
3833 2354 3977 2406 inter

2402 2458 2480 2506 se,
2518 2440 2878 2510 Tureicisque
2908 2457 3032 2496 cunt
3075 2442 3624 2497 annalibus.Primus
3653 2446 3752 2510 ait,
3777 2444 3978 2514 aBaja-

2401 2534 2502 2588 site
2530 2541 2687 2600 capta
2714 2532 2884 2587 fuisse
2913 2548 3039 2586 cum
3073 2531 3295 2586 arcibus
3349 2535 3570 2601 oppida,
3623 2535 3866 2588 Chilium
3926 2547 3977 2587 et

2403 2623 2764 2677 Moncastrum
2803 2641 2817 2677 :
2856 2624 3016 2686 alter,
3046 2622 3287 2678 Cheliam
3314 2637 3368 2678 et
3416 2622 3794 2678 Nestoralham
3834 2645 3848 2679 :
3883 2643 3980 2679 an-

2402 2720 2552 2771 nalcs
2575 2718 2831 2786 denique,
2878 2718 3037 2772 Kilim
3069 2729 3121 2773 et
3151 2719 3448 2773 Chermen.
3485 2721 3854 2776 Consentiunt
3881 2724 3979 2792 igi-

2405 2819 2494 2864 tur
2525 2826 2714 2865 omnes
2747 2812 2814 2865 de
2840 2823 2999 2881 capto
3029 2813 3192 2880 priori
3253 2814 3474 2882 oppido,
3530 2815 3636 2868 nisi
3690 2817 3840 2884 quod
3898 2830 3982 2872 est

2402 2905 2650 2973 quaedam
2690 2904 2742 2956 in
2771 2905 2992 2958 nomine
3018 2905 3348 2959 diversitas:
3378 2907 3523 2960 sicut
3573 2906 3716 2960 idem
3761 2927 3791 2961 a
3843 2907 3982 2960 Lao-

2401 2999 2525 3049 nico
2574 2996 2777 3049 Cclium
2812 3013 3032 3065 quoque
3087 2997 3309 3064 dicitur,
3345 3012 3374 3050 a
3410 2997 3590 3053 Cureo
3639 2999 3860 3054 Cilium.
3895 3001 3983 3054 Jo-

2407 3091 2550 3156 vius,
2611 3106 2706 3157 per
2766 3105 3008 3142 errorem
3070 3101 3236 3159 puto,
3314 3090 3715 3146 Lithostomum
3798 3097 3984 3164 appel-

744 3188 937 3248 filium,
972 3184 1109 3237 bella
1170 3196 1292 3235 cum
1328 3178 1664 3269 Mucihemete
1706 3175 1988 3269 gessisse,
2017 3173 2298 3269 Bonfinius
2325 3207 2371 3269 Ο
2407 3186 2501 3250 lat,
2562 3185 2615 3237 in
2676 3185 2791 3252 ripa
2817 3183 3067 3247 Danubii,
3107 3188 3186 3237 vel
3212 3186 3277 3238 ad
3329 3198 3532 3238 051mm
3609 3187 3844 3242 Danubii
3885 3206 3980 3258 po.

747 3281 1071 3333 Pirametum
1119 3273 1373 3342 appellat,
1420 3268 1582 3322 Turci
1627 3268 1911 3320 nominant
1952 3264 2299 3328 lbrahimem,

743 3372 834 3441 qui
858 3370 1061 3424 scilicet
1081 3367 1221 3420 idem
1255 3373 1336 3417 est
1357 3376 1480 3416 cum
1527 3359 1859 3412 Abrahamo.
1895 3358 1968 3411 De
1997 3372 2103 3425 quo
2141 3359 2298 3426 equi-

744 3471 866 3524 dem
898 3466 1109 3533 colligo,
1165 3462 1436 3532 quodnam
1469 3457 1541 3511 sit
1584 3455 1713 3509 illud
1751 3454 2004 3507 Pirameti
2074 3470 2294 3510 nomen.

744 3561 991 3617 Arbitror
1065 3556 1208 3611 enim
1270 3553 1569 3606 litterarum
1635 3548 1919 3601 metathesi
1965 3545 2300 3600 Pirametum

745 3653 995 3706 eumdem
1026 3663 1146 3702 esse
1176 3659 1299 3699 eum
1348 3641 1621 3695 Praimeto
1643 3639 1724 3693 vel
1759 3639 1996 3703 Praime,
2024 3638 2137 3692 sive
2163 3637 2303 3692 Tur-

746 3744 863 3794 cico
897 3739 1150 3794 lbraime.
1202 3734 1290 3788 Sic
1329 3740 1381 3784 et
1422 3744 1586 3798 supra
1641 3728 1968 3793 notavimus,
2000 3743 2063 3780 ex
2112 3728 2299 3782 eadem

750 3849 886 3886 voce
943 3829 1156 3884 Praime
1191 3827 1391 3878 factum
1425 3823 1564 3889 apud
1618 3817 2102 3888 Chalcocondylem
2151 3819 2305 3873 Pria-

747 3942 921 3986 mum,
977 3919 1327 3988 transpositis
1381 3917 1566 3970 itidem
1618 3912 1837 3965 litteris.
1892 3911 2142 3965 lbraimis
2171 3927 2302 3964 vero

748 4015 1166 4074 tiliusCasanes,
1212 4027 1335 4064 cum
1368 4009 1421 4062 in
1465 4005 1720 4075 Bajazitis
1767 4001 1927 4055 Porta
1953 4003 2299 4065 educaretur,

744 4123 892 4162 anno
918 4112 1129 4160 tandem
1181 4101 1497 4157 Christiano
1533 4097 1616 4151 vel
1681 4095 1833 4160 I485,
1903 4094 1986 4148 vel
2049 4096 2299 4162 sequenti

745 4210 1015 4261 mortuus,
1046 4193 1528 4250 Caramanidarum
1575 4187 1792 4240 familiae
1819 4185 1981 4238 finem
2019 4186 2298 4254 imposuit:

743 4309 811 4347 ex
843 4305 951 4358 quo
983 4299 1221 4356 tempore
1245 4280 1570 4338 Caramania
1601 4277 2013 4346 beglerhegatus
2043 4274 2300 4330 Osmaui-

744 4385 936 4437 darum
970 4394 1091 4434 esse
1118 4376 1304 4443 cmpit.

743 4495 904 4567 457
943 4493 1066 4548 158.
1102 4483 1704 4567 Imaretuthaia‘sitis,
1739 4482 1806 4534 ad
1840 4481 2032 4550 ﬂumen
2060 4479 2302 4535 Hadria-

1243 4557 1417 4626 nopoft
1451 4554 1736 4608 conditum.

813 4659 953 4712 Sunt
974 4651 1353 4719 lladrianopoli
1379 4649 1537 4702 trium
1561 4643 1898 4699 confluentes
1916 4644 2181 4708 amnium,
2202 4643 2303 4695 llev

743 4751 827 4805 hri
859 4753 972 4804 sive
1003 4745 1238 4804 Marine,
1272 4741 1469 4796 Tunsa:
1497 4738 1611 4791 sive
1645 4735 1878 4798 Taenari,
1911 4749 1963 4788 et
1985 4735 2204 4796 Hardie,
2236 4736 2303 4790 de

743 4843 943 4911 quibus
971 4847 1094 4892 ante
1119 4837 1321 4890 dictum
1338 4833 1512 4902 capite
1541 4832 1630 4884 50.
1679 4828 1973 4896 Postquam
2046 4829 2097 4880 hi
2153 4827 2306 4882 fluvii

745 4937 942 4998 coiere,
979 4931 1190 4985 Mariza:
1223 4941 1414 4980 nomen
1450 4931 1689 4990 superat,
1730 4921 1783 4972 in
1811 4920 1966 4988 cujus
1997 4921 2109 4987 ripa
2153 4921 2303 4973 scili-

745 5038 826 5083 cet
858 5028 1146 5080 imaretum
1179 5033 1337 5074 suum
1372 5015 1630 5084 Bajasites
1653 5021 1934 5066 exstruere
1955 5010 2185 5079 cupisse
2227 5011 2307 5064 di-

746 5124 906 5173 citur.

747 5215 877 5268 Kili.
912 5210 1127 5266 (lilium,
1157 5205 1376 5266 Celium,
1410 5199 1604 5261 Chelin,
1661 5194 1918 5268 Achillea,
1963 5193 2312 5268 Nestorafba,

812 5266 1148 5341 Bessarabia,
1175 5273 1418 5331 Kermen,
1449 5271 1730 5341 Alicrmun,
1765 5267 2137 5326 Mancaurum,
2185 5266 2305 5318 Ste-

813 5354 1012 5420 phanus
1066 5339 1293 5398 Vaivoda
1324 5339 1759 5405 Carabogdauiie.

813 5443 943 5506 Quae
974 5440 1060 5490 hic
1092 5433 1158 5490 de
1184 5448 1308 5487 arce
1331 5432 1431 5484 Kili
1469 5439 1620 5497 capta
1669 5429 1942 5496 leguntur,
1990 5424 2301 5493 hujusmodi

746 5535 855 5586 fere
888 5532 1117 5583 verbisa
1153 5523 1446 5579 secretario
1500 5521 1792 5572 Malatestaa
1849 5527 1977 5571 sunt
2033 5516 2300 5585 exposita,

745 5642 865 5695 quae
965 5619 1231 5676 vertendo
1292 5614 1564 5669 ascribere
1627 5611 1808 5665 libuit.
1863 5608 2145 5678 Bajasites,
2207 5608 2304 5668 ait,

747 5723 799 5772 in
851 5718 963 5769 otio
1021 5712 1293 5766 triennum
1351 5705 1547 5772 exegit,
1600 5712 1720 5770 post
1784 5710 2093 5768 superatum
2158 5699 2304 5751 vide-

746 5814 889 5870 licet.
926 5807 1320 5876 mpulsumque
1343 5799 1560 5851 fratrem
1587 5795 1804 5849 Zcmem
1845 5810 1858 5844 :
1898 5806 1960 5845 ac
1979 5790 2174 5844 deinde
2205 5790 2306 5844 Ta-

746 5904 953 5961 tarisiu
986 5900 1299 5956 societatem
1354 5891 1561 5953 ascitis,
1613 5889 1842 5942 classem
1908 5883 2013 5940 550
2063 5885 2301 5949 navium,

2408 3279 2536 3332 tius.
2567 3277 2626 3329 In
2661 3279 2886 3331 alterius
2942 3286 3118 3330 autem
3160 3278 3395 3331 civitatis
3439 3280 3705 3333 vocabulo
3765 3282 3986 3336 dissen-

2406 3370 2507 3423 tire
2543 3371 2817 3435 videntur,
2854 3371 3028 3438 primo
3052 3371 3366 3424 nominante
3388 3364 3780 3435 Moueastrum,
3812 3378 3986 3429 altern

2405 3461 3002 3527 Nestoralbam,tertiis
3037 3463 3272 3531 denique
3332 3464 3624 3519 Chermen.
3681 3465 3982 3522 SCCI'Claril

2404 3555 2796 3617 Motu-astrum,
2847 3564 2900 3607 et
2960 3555 3224 3608 Chermen
3272 3553 3600 3621 Turcorum,
3652 3557 3796 3611 idem
3865 3578 3986 3616 esse

2407 3656 2572 3715 puto:
2612 3647 2885 3699 diversam
2921 3645 2989 3697 ah
3022 3654 3251 3714 utraque
3307 3644 3708 3702 Nestoralbam.
3771 3654 3986 3720 Quich

2405 3739 2636 3791 iimnen
2677 3753 2771 3791 Seu
2802 3739 3070 3793 Chermen
3103 3739 3269 3792 situm
3301 3749 3386 3792 est
3417 3741 3471 3793 in
3497 3740 3775 3796 Moldaviie
3826 3745 3988 3798 Τεωο

2406 3833 2604 3900 t-iarque
2629 3833 2847 3898 finibus,
2881 3847 3073 3886 versus
3126 3831 3357 3886 Pontum
3403 3834 3702 3902 Euxinum,
3741 3840 3840 3892 ubi
3877 3857 3985 3893 sct-

2405 3927 2529 3980 licet
2569 3925 2623 3978 in
2671 3925 2815 3977 hunc
2846 3939 2902 3978 se
2934 3923 3214 3977 Danubius
3231 3926 3478 3980 effundit.
3523 3926 3588 3979 Et
3621 3925 3986 3997 Sangiacatus

2403 4028 2486 4071 est
2510 4018 2773 4085 hodieque
2811 4015 3080 4070 Chermen
3151 4018 3235 4070 vel
3295 4018 3591 4082 Aherman,
3651 4019 3987 4094 beglerbego

2408 4107 2683 4161 Romaniae
2705 4110 2817 4161 sive
2838 4107 3059 4161 Graecia:
3085 4106 3392 4177 subjectus.
3425 4109 3656 4164 Boulinii
3678 4127 3811 4166 vero
3844 4115 3986 4170 Nes-

2407 4206 2632 4267 toralha,
2668 4215 2776 4254 u0n
2806 4200 3198 4266 Moncastrum,
3229 4202 3638 4267 autChermen,
3705 4208 3802 4259 sed
3856 4211 3987 4262 urbs

2403 4299 2661 4354 esthodie
2692 4293 2982 4364 Bialogrod
3018 4297 3182 4357 dicta,
3212 4296 3355 4363 quod
3384 4311 3565 4350 arcem
3599 4297 3783 4353 albam
3813 4305 3988 4370 signi-

2407 4395 2550 4457 ficat,
2585 4390 2650 4443 ad
2689 4391 3006 4457 proﬂuentis
3042 4389 3095 4442 in
3133 4392 3426 4454 Euxinum,
3455 4405 3561 4443 non
3621 4389 3772 4453 lstri.
3845 4396 3988 4450 sicut

2410 4485 2692 4539 Bonfinius
2720 4482 2961 4551 scripsit,
3000 4483 3093 4536 sed
3124 4480 3361 4536 Nestoris
3411 4483 3590 4538 amnis
3643 4486 3854 4540 ostium
3909 4489 3989 4546 si.

2412 4589 2485 4633 ta.
2515 4577 2852 4646 Quapropter
2869 4591 2973 4628 nou
2990 4574 3334 4639 Nestoralba,
3353 4576 3448 4630 sed
3468 4575 3790 4632 Nesteralba
3815 4585 3985 4635 scribi

2409 4670 2617 4726 debuit.
2655 4669 2718 4722 Et
2737 4667 2928 4723 Nester
2946 4670 3143 4736 priscis
3165 4679 3393 4722 vocatus
3425 4669 3526 4723 fuit
3552 4669 3731 4740 Tyras
3757 4671 3984 4727 ﬂuvius.

2409 4761 2665 4816 llistorici
2691 4759 2865 4813 Graeci
2899 4762 3231 4816 recentiores
3264 4762 3330 4812 ab
3361 4762 3518 4814 annis
3545 4765 3870 4832 quingentis
3889 4766 3988 4820 Da-

2411 4853 2619 4908 nastrin
2654 4852 3020 4921 appellarunt,
3056 4851 3131 4904 uti
3160 4851 3423 4918 Neperem
3484 4853 3750 4919 vicinum,
3805 4855 3985 4910 Dan-t—

2410 4949 2528 5016 prin
2567 4947 2694 5013 :qui
2733 4946 2861 4998 mihi
2891 4945 3104 5012 quidem
3140 4959 3245 4994 non
3273 4954 3355 4997 est
3413 4945 3778 5014 Borysthenes
3835 4960 3982 5006 ante.

2407 5059 2570 5110 quam
2603 5039 2878 5094 Berisnam
2914 5053 2943 5091 a
2976 5036 3182 5090 ftossiaa
3220 5039 3301 5089 vel
3365 5038 3580 5093 Russia:
3637 5041 3839 5094 finibus
3888 5058 3981 5094 ve-

2409 5138 2642 5185 nientem
2684 5131 2930 5197 recipiat,
2961 5132 3026 5180 ad
3056 5143 3220 5194 quam
3247 5125 3601 5197 Borysthcnis
3619 5134 3782 5183 etiam
3823 5143 3985 5186 vetus

2408 5239 2602 5278 nomen
2633 5222 2854 5289 pmpius
2881 5219 3110 5271 accedit.
3145 5219 3356 5270 Cureus
3396 5220 3637 5286 scripsit,
3698 5222 3802 5274 hoc
3861 5227 3982 5290 ipso

2408 5334 2548 5371 anno
2570 5315 2882 5370 Christiano
2927 5312 3082 5374 MSS,
3140 5312 3476 5378 Stephanum
3528 5313 3860 5379 Valachum,
3918 5323 3983 5370 de

2409 5427 2516 5481 quo
2548 5410 2921 5478 disceptabant
2953 5407 3093 5459 inter
3124 5422 3182 5459 se
3208 5421 3380 5475 reges,
3416 5404 3664 5472 Ungarus
3697 5407 3980 5470 Matthias,

2408 5513 2462 5555 et
2484 5500 2783 5554 Casimirus
2817 5497 3081 5559 Polonus,
3129 5496 3303 5548 utrius
3339 5505 3485 5549 esset
3530 5496 3720 5559 cliens,
3755 5500 3981 5552 tandem

2409 5597 2460 5648 in
2496 5592 2655 5646 verba
2682 5589 2936 5645 Casitniri
2967 5590 3108 5650 regis
3129 5589 3180 5640 in
3205 5586 3620 5655 castrisjnrasse
3652 5608 3665 5640 :
3693 5591 3984 5660 nihiloque

2409 5689 2591 5743 minus
2629 5685 2914 5739 desertum.
2937 5699 2966 5735 a
3023 5682 3264 5740 Polonis,
3300 5682 3548 5735 amisisse
3576 5681 3983 5737 Bessarabiam.

2409 5785 2533 5837 lla-c
2572 5780 2826 5834 nimirum
2853 5775 3038 5829 estilla
3072 5774 3220 5843 regio
3266 5784 3503 5827 extrema
3565 5775 3618 5826 in
3658 5789 3752 5828 ora
3818 5773 3987 5829 Vala-

2410 5880 2562 5940 chiae,
2593 5872 2813 5941 Nigrum
2849 5866 2916 5921 ad
2945 5881 3091 5920 mare
3115 5867 3237 5929 sita,
3264 5880 3381 5933 qua:
3405 5866 3568 5920 Kilim
3610 5878 3662 5920 et
3685 5866 3983 5927 Chermen.
