4198 6426
183 393 282 454 837

1332 385 1731 443 l’ANDEtITE
1773 384 1969 444 lllST.
2010 382 2314 441 TURCIC.

3310 377 3416 437 838

184 512 294 561 sive
323 506 686 559 Muucastrum
735 506 926 572 oppida
957 502 1216 563 continet,
1240 516 1265 553 a
1290 502 1365 554 sic
1388 500 1563 553 Bessis
1587 498 1758 553 Thra-
1788 508 1825 560 Α
1861 498 1989 550 tiuni
2011 513 2133 549 vero
2151 494 2396 548 secundm
2414 490 2692 560 prmfcctos
2710 488 2877 543 fuisse
2898 498 3192 541 metuerant
3210 486 3418 540 Muche-

180 602 336 654 cihus
367 599 654 665 appellata.
681 596 814 649 Novi
840 596 1132 662 aliquando
1162 595 1211 645 in
1236 594 1355 645 aula
1386 590 1735 643 Maxitniltani

182 709 217 745 Il
246 692 493 756 Augusti,
538 689 709 755 Spirae
759 689 978 741 comitia
1036 687 1380 749 celebrantis,
1430 683 1737 738 Nicolaum.

182 793 331 850 patre
387 781 718 835 Bessarabia;
785 780 1028 847 principe
1088 786 1313 840 natum,
1375 774 1448 827 uti
1520 774 1737 840 quidem

180 873 531 927 credebatur:
559 870 895 924 documentis
917 869 1261 938 quibusdam,
1295 882 1356 920 ac
1391 865 1736 925 testimoniis,

180 968 477 1035 praesertim
509 965 835 1018 Venetorum
875 962 1139 1031 plumbeis
1198 960 1384 1021 bullis,
1433 959 1570 1011 hanc
1626 959 1740 1025 ejus

178 1058 444 1123 Originem
482 1055 922 1124 apprbbantibus.

182 1168 303 1221 159.
331 1167 532 1218 Bellum
556 1168 690 1218 inter
709 1164 967 1222 sultanos,
995 1162 1291 1215 Cnirensem
1314 1172 1358 1213 et
1378 1159 1739 1220 Osmanitlam,

677 1234 818 1288 Usun
849 1233 1034 1302 [Γιώρα.
1060 1233 1251 1286 Τυνδὶδ.

250 1327 419 1396 llujus
452 1327 576 1379 belli
610 1342 791 1379 causa:
830 1326 1124 1378 referenda:
1170 1325 1387 1376 veniunt
1457 1324 1520 1376 ad
1583 1338 1744 1390 supe-

175 1422 382 1471 riorum
418 1431 721 1486 temporum
754 1416 1008 1470 oﬂeusas.
1039 1416 1281 1468 Diximus
1305 1416 1473 1476 enim,
1528 1413 1742 1467 Muelle-

178 1524 376 1563 metcm
431 1509 765 1572 Secundum,
816 1508 1071 1577 Bajasitis
1128 1517 1357 1575 patrem,
1415 1508 1576 1574 paulo
1624 1519 1745 1557 ante

176 1613 409 1653 mortem
444 1602 495 1652 in
526 1600 711 1654 Asiam
744 1600 1133 1661 transmisisse,
1190 1599 1386 1651 bellum
1437 1608 1496 1651 ut
1550 1596 1746 1649 faceret

174 1694 476 1745 Aleairensi
504 1694 741 1756 sultano,
772 1694 861 1760 qui
886 1697 1069 1745 hostes
1096 1691 1471 1759 ejusjuverat,
1525 1705 1746 1758 praescr-

176 1785 275 1833 tim
303 1783 662 1835 Cat-antatium
689 1800 704 1837 :
730 1792 785 1835 et
825 1781 1026 1849 alioqui
1058 1797 1114 1835 sc
1141 1782 1361 1850 gerebat
1392 1794 1517 1848 erga
1547 1779 1749 1831 Turcos

178 1876 494 1937 insolenter,
527 1876 601 1929 uti
638 1874 838 1927 dictuut
867 1875 1044 1942 capite
1078 1875 1204 1928 155.
1238 1872 1593 1940 Prosequitur
1619 1888 1748 1937 ergo
1781 1870 1823 1928 Β

177 1970 381 2021 bellum
412 1985 437 2020 a
479 1978 627 2035 patre
652 1967 962 2019 inchoatum
991 1965 1275 2035 Bajasites,
1312 1964 1471 2017 novis
1526 1964 1744 2031 insuper

176 2064 425 2116 irritatus
446 2062 695 2130 injuriis,
751 2059 894 2129 quod
953 2058 1135 2113 Zemis
1197 2057 1441 2125 partibus
1495 2058 1743 2123 sultanus

174 2156 511 2209 Alcairensis
539 2155 781 2218 favisset.
813 2154 863 2207 Is
892 2167 919 2204 a
950 2152 1127 2217 Jovio,
1192 2150 1462 2215 Geufrteu,
1512 2153 1740 2213 caeteris,

171 2249 442 2301 Caitheus
502 2262 609 2300 non
666 2257 809 2301 recte
871 2244 1233 2309 nominatur;
1270 2244 1463 2297 melius
1514 2258 1542 2295 a
1585 2242 1745 2295 Petro

174 2348 417 2408 martyre
447 2336 840 2392 Mediolanensi
883 2334 1163 2397 Caitbeus,
1222 2334 1379 2401 quasi
1429 2332 1739 2401 Caitbegus,

173 2433 383 2487 sultani
407 2431 728 2485 Maltumetis
752 2440 923 2499 pater,
953 2429 1177 2483 dicitur.
1202 2425 1337 2480 Vide
1396 2435 1561 2495 caput
1616 2426 1740 2478 9.57.

175 2526 266 2579 Ab
304 2526 488 2578 eodem
521 2523 696 2577 Zemis
722 2537 945 2576 uxorein
983 2521 1228 2575 etiilium
1262 2518 1399 2572 tradi
1437 2519 1539 2571 sibi
1590 2516 1743 2584 Baja-

175 2621 319 2669 sites
349 2615 670 2682 posmlahat.
699 2613 829 2679 Quis
861 2622 1036 2667 autem
1105 2611 1268 2664 fuerit
1327 2610 1467 2663 inter
1518 2619 1743 2662 caeteros

178 2712 293 2762 hoc
316 2708 453 2761 bello
467 2708 648 2761 socius
676 2705 872 2763 sultani
892 2694 1222 2759 Alcairensis
1242 2701 1392 2756 Usun
1411 2699 1607 2769 Usbeg.
1638 2718 1743 2753 nun

173 2800 529 2867 exprimitur.
570 2798 734 2869 458
754 2797 959 2851 Nomen
1000 2797 1147 2851 Usun
1201 2797 1417 2864 longum
1443 2795 1743 2862 significat:

177 2889 285 2951 Us,
317 2890 568 2943 callidum
605 2898 657 2943 et
699 2898 958 2942 astutum.
1008 2887 1229 2940 Amicus
1286 2902 1438 2939 meus
1492 2886 1748 2938 Nzcolaus

178 2982 493 3035 llauuoltus
544 2986 615 3032 ait
668 2978 846 3046 Usbeg
878 2976 992 3031 Han
1037 2979 1215 3031 vocari
1250 2992 1425 3047 regem
1461 2979 1747 3045 quemdam

175 3074 471 3134 'l'atarum,
500 3071 711 3140 longius
742 3070 904 3123 etiam
937 3069 1188 3123 dissitum
1222 3085 1383 3137 quam
1436 3068 1506 3122 sit
1545 3068 1748 3121 Chitai—

171 3183 308 3220 nus.
343 3165 652 3216 Adanorum
681 3158 872 3215 civitas
903 3158 958 3213 in
987 3158 1172 3212 Cilicia
1202 3159 1334 3212 satis
1366 3170 1448 3210 est
1497 3167 1640 3220 nota,
1686 3157 1749 3208 dc

1844 603 2034 643 iuetcm
2094 586 2487 655 Chescrogliin.
2540 593 2593 635 ct
2651 583 2964 635 Achutetcm
3018 580 3171 634 ducis
3226 579 3416 637 filium,

1852 683 2134 736 Romanis:
2180 680 2582 747 beglerbrgum.
2645 674 2881 727 Nescit-it
2928 687 3057 741 ergo
3112 670 3415 724 Geufrteus.

1844 790 2039 827 cresum
2070 771 2235 841 priori
2292 771 2474 839 praelio
2505 766 2808 828 Ferhatetn,
2848 764 3095 832 Bajasitis
3122 779 3375 829 generum
3404 777 3416 787 ·

1831 867 2074 919 'ttescivit
2104 865 2276 916 altero
2328 863 2510 929 pra-lio
2548 861 2684 914 duos
2705 858 2875 912 fuisse
2914 859 3102 922 duces,
3153 857 3419 909 Chesero-

1844 959 1968 1026 glitn
1996 968 2050 1010 et
2081 956 2471 1022 llerzecoglim.
2506 952 2690 1021 Itaque
2731 966 2837 1004 non
2870 964 3077 1018 pugnas
3097 948 3257 1001 modo
3280 948 3415 1001 duas

1848 1052 1901 1103 in
1946 1065 2103 1102 uuam
2140 1048 2446 1103 confundit.
2484 1062 2663 1097 verum
2697 1045 2857 1097 etiam
2884 1058 2914 1095 e
2944 1043 3140 1103 tribus,
3188 1041 3417 1095 Ferhatt-

1847 1145 2102 1211 Bajasitis
2134 1159 2355 1211 genero,
2384 1141 2717 1205 Clit-serugli.
2752 1154 2814 1191 ac
2846 1138 3180 1202 Herzecogli,
3226 1136 3316 1202 qui
3363 1145 3415 1186 ct

1848 1239 1962 1304 ipse
1989 1238 2244 1305 Bajasitis
2274 1252 2435 1305 gener
2461 1235 2582 1296 fuit,
2617 1248 2782 1286 unum
2816 1233 2966 1299 quasi
2998 1232 3201 1285 confiat
3241 1228 3413 1281 Cher-

1848 1330 2052 1383 seoluut
2083 1346 2266 1382 suum.
2324 1329 2459 1395 Ejus
2487 1342 2616 1380 vero
2663 1341 2857 1379 nomen
2906 1326 3005 1378 ltoc
3060 1326 3197 1377 haud
3253 1321 3416 1376 duhie

1849 1432 2159 1489 corruptum
2190 1431 2354 1473 estex
2378 1420 2713 1485 Cheserogli,
2750 1419 2840 1485 qui
2860 1418 3113 1470 Chescris
3138 1425 3217 1469 est
3244 1416 3411 1477 filius,

1850 1516 1914 1566 de
1944 1530 2051 1581 quo
2072 1512 2303 1566 Chescre
2334 1513 2488 1581 bt-go,
2510 1510 2664 1574 Elpia
2696 1510 2895 1576 familia
2923 1520 3070 1569 nato,
3122 1517 3410 1560 tractatum

1852 1607 2105 1674 superius
2162 1607 2336 1673 capite
2394 1604 2516 1657 117.
2572 1602 2688 1657 Non
2734 1612 2910 1657 tamen
2973 1602 3059 1655 hic
3103 1600 3414 1669 Cheserogli

1851 1699 2098 1768 Bajasitis
2128 1713 2312 1767 gener,
2358 1706 2451 1749 aut
2511 1708 2699 1763 raptus
2756 1695 2992 1751 secumlo
3048 1694 3234 1761 praelio
3287 1692 3410 1755 fuit,

1854 1790 1943 1841 sed
1977 1787 2285 1857 lierzecogli
2311 1788 2425 1841 sive
2457 1789 2612 1840 ducis
2640 1788 2800 1848 filius,
2862 1787 3152 1840 Achtuetes
3204 1789 3357 1842 hassa
3395 1805 3410 1842 :

1853 1896 2009 1945 quem
2036 1890 2193 1932 antea
2213 1893 2427 1947 quoque
2449 1877 2986 1931 Geufratttsconludit
3009 1893 3129 1929 cum
3157 1878 3413 1931 Achmete

1854 1971 2084 2035 chuce,
2120 1971 2260 2025 sicut
2289 1972 2593 2037 expositum
2643 1985 2851 2035 supra;
2878 1985 3102 2023 munero
3161 1980 3409 2023 notarunt

1858 2067 1977 2119 M7.
2026 2066 2230 2119 Nomen
2283 2066 2469 2118 habuit
2520 2064 2831 2131 Hcrzecogli
2884 2063 3410 2133 Turcogcrtuanum.

1854 2158 1983 2211 Nam
2017 2173 2176 2224 supra
2207 2166 2447 2210 notatum
2476 2157 2649 2224 capite
2672 2156 2757 2219 95,
2808 2156 2988 2223 plures
3031 2158 3263 2226 populos
3311 2159 3413 2210 du-

1854 2267 1966 2303 cem
2003 2252 2280 2305 nominare
2312 2251 2574 2318 vocabulo
2602 2268 2626 2302 a
2662 2249 2947 2303 Germanis
2986 2264 3228 2318 accepto,
3282 2250 3415 2303 lit-r-

1856 2332 1998 2411 tzOg.
2030 2342 2267 2399 Indidem
2302 2344 2469 2397 lector
2528 2344 2796 2413 intelligit,
2834 2343 3087 2396 Bozinatn
3140 2344 3409 2411 dupli0em

1854 2437 1992 2489 duos
2038 2436 2291 2489 habuisse
2344 2438 2614 2504 principes
2652 2452 2665 2488 :
2699 2451 2928 2503 qttoruut
2980 2452 3121 2489 unus
3177 2438 3407 2505 regium,

1857 2530 1989 2581 alter
2014 2527 2170 2581 ducis
2204 2528 2418 2581 titulum
2460 2529 2727 2582 habuerit.
2766 2530 2839 2582 Ex
2883 2528 3068 2581 ultimo
3121 2528 3413 2582 Bozineusi

1854 2620 1987 2671 duce
2021 2627 2183 2671 natus
2208 2618 2306 2671 fuit
2335 2618 2419 2671 hic
2448 2619 2597 2670 ducis
2622 2618 2779 2679 illius,
2816 2617 2894 2671 vel
2927 2616 3261 2683 Herzecogli,
3312 2630 3413 2667 cu-

1852 2710 1941 2778 jus
1965 2724 2157 2762 nomen
2196 2710 2297 2762 hoc
2317 2710 2465 2763 varie
2482 2711 2743 2775 scriptum
2769 2709 2962 2776 legitur
2985 2712 3125 2776 apud
3154 2707 3409 2760 historia-

1857 2816 1973 2852 rum
1996 2810 2262 2853 auctores.
2301 2800 2681 2868 Spanduginus
2718 2800 2877 2853 habet
2904 2799 3217 2851 vocabulum
3240 2796 3407 2852 Cher—

1856 2892 2077 2960 zecogli,
2109 2892 2253 2959 quod
2285 2892 2421 2944 ideut
2452 2902 2676 2945 estcum
2714 2906 2841 2944 voce
2881 2900 3018 2944 recte
3050 2891 3248 2957 scripta
3274 2887 3407 2940 Hvr-

1856 2986 2076 3053 zecogli.
2101 2986 2202 3038 Sed
2224 2995 2369 3039 ertat
2397 2986 2557 3047 idem,
2581 2999 2702 3037 cum
2734 2983 2995 3036 Anatoliae
3029 2981 3407 3052 beglerbegum

1858 3076 2004 3138 facit,
2041 3077 2131 3145 qui
2168 3075 2357 3130 Turcis
2386 3076 2699 3129 auctoribus
2733 3075 3008 3127 Romaniae
3061 3074 3411 3141 beglerhegus

1824 3191 1830 3201 ε
1862 3170 2042 3223 fuerit.
2076 3170 2227 3236 Apud
2260 3147 2554 3222 Malatestae
2582 3168 2929 3223 secretarium
2971 3167 3263 3236 Herceugle
3322 3185 3408 3219 re-

168 3257 495 3311 Graecorum
532 3251 695 3305 etiam
730 3286 746 3312 ,
794 3246 1039 3313 Zonaras,
1088 3247 1415 3316 Cedrinique
1478 3245 1746 3298 historiis.

1854 3264 2075 3329 peritur,
2103 3263 2241 3330 apud
2266 3260 2477 3316 Joviutn
2522 3261 2864 3331 Cherseogle.
2901 3260 3003 3314 Sed
3061 3262 3170 3315 haec
3227 3260 3412 3313 munia

170 3347 369 3402 Tersis
390 3353 470 3400 est
488 3344 575 3399 illa
591 3342 699 3397 divi
717 3339 866 3393 Pauli
886 3343 1056 3409 patria
1075 3338 1301 3404 Tarsus,
1334 3354 1492 3406 quam
1522 3338 1745 3406 Stepha-

172 3459 311 3505 nus,
348 3440 561 3493 urbium
593 3436 1029 3491 Nomenclatoris
1058 3443 1273 3496 auctor,
1330 3431 1532 3485 Graecis
1582 3434 1744 3483 etiam

174 3535 303 3588 vult
333 3534 657 3601 appellatum
691 3530 858 3584 fuisse
882 3528 1110 3582 Tersum
1146 3534 1199 3581 et
1214 3524 1478 3579 Tersiam.
1507 3523 1747 3577 Bellouio

173 3639 335 3679 nunc
364 3624 531 3677 llama
563 3632 805 3691 putatur,
839 3630 892 3674 et
925 3619 1125 3673 Hamsa
1157 3618 1285 3681 dici,
1314 3632 1407 3685 per
1452 3628 1691 3669 errorem
1734 3631 1746 3665 :

172 3732 314 3770 cum
352 3732 414 3769 ca
442 3718 513 3768 sit
541 3713 753 3768 Emissa
787 3713 1129 3767 Plttenicum.
1159 3710 1287 3762 Tam
1316 3708 1523 3771 Adana,
1585 3720 1749 3773 quam

174 3811 423 3864 Tarsum
456 3805 655 3858 fluvius
694 3804 874 3866 alluit,
898 3803 989 3871 qui
1018 3800 1208 3868 priscis
1243 3799 1458 3867 Cydnus
1491 3796 1747 3863 erat,jam

173 3906 394 3957 Carasu
421 3899 639 3961 dicitur,
671 3897 737 3950 ab
768 3911 919 3965 aqum
957 3892 1231 3962 profundae
1255 3892 1408 3958 nigro
1460 3888 1749 3941 admodum

168 3997 391 4054 colore.

170 4110 310 4165 160.
342 4106 463 4159 Νυη
482 4104 657 4167 semel,
688 4104 778 4154 sed
815 4102 893 4155 bis
916 4107 1202 4169 pugnatum
1228 4099 1366 4149 inter
1390 4096 1686 4169 sultaninos
1704 4104 1752 4147 et

259 4180 597 4232 Usmauicos.
630 4165 843 4226 Diversa
876 4165 1110 4227 nomina.
1145 4166 1462 4234 Cheserogt’i,
1505 4165 1752 4219 Clterseo-

256 4250 355 4319 gli,
388 4244 679 4313 llerceogli,
707 4241 1033 4309 llerzecogli,
1058 4238 1405 4305 Cherzecoglt.

256 4365 560 4429 Coeperunt
589 4361 847 4429 hactenus
876 4370 905 4408 a
930 4354 1156 4407 Muralis
1180 4368 1351 4422 usque
1382 4351 1600 4407 secundi
1622 4361 1754 4404 tem-

176 4460 419 4530 poribus
451 4469 481 4507 a
528 4452 720 4506 Turcis
746 4448 1022 4503 memoria:
1085 4447 1299 4513 prodita
1363 4445 1609 4499 nonnihil
1664 4444 1758 4496 ha-

175 4560 321 4609 bere
353 4546 599 4618 pluribus
624 4544 678 4597 in
703 4541 1037 4611 explicandis
1106 4539 1267 4592 rebus
1304 4538 1467 4605 gestis
1521 4531 1752 4606 plenius,

171 4658 357 4713 quam
389 4638 592 4693 nostris
631 4638 685 4689 iu
713 4632 955 4687 historiis
980 4631 1206 4700 reperiri
1254 4631 1552 4683 videamus.
1610 4627 1752 4679 indi-

172 4740 280 4790 cio
312 4742 399 4787 est
462 4731 842 4799 plerarumque
871 4734 1181 4778 nostrorum
1207 4736 1362 4775 error
1412 4721 1478 4773 de
1548 4719 1749 4787 pradio,

172 4833 339 4899 quod
374 4841 538 4878 unum
575 4824 788 4877 tradunt
822 4820 962 4871 inter
991 4817 1295 4869 sultaninos
1340 4825 1389 4867 et
1439 4811 1753 4866 Osmanicos

170 4926 356 4985 longe
384 4914 766 4985 gravissimum
803 4911 969 4964 fuisse
997 4909 1388 4976 summissum,
1436 4914 1582 4958 tanta
1633 4920 1752 4957 eum

173 5016 503 5070 Turcoruttt
525 5016 726 5074 strage,
746 5015 1001 5073 quantam
1024 5004 1093 5056 ab
1118 5003 1223 5055 alia
1250 5001 1466 5053 natione
1486 4999 1631 5052 orbis
1656 5015 1752 5049 uu-

166 5118 356 5177 quam
380 5098 614 5168 perpessi
643 5098 864 5149 fuerint.
889 5094 943 5145 lu
968 5093 1051 5146 his
1081 5100 1163 5147 est
1188 5089 1487 5154 Geuframs,
1513 5089 1605 5157 qui
1644 5101 1752 5139 tuut

170 5200 420 5253 nomina
456 5195 673 5251 ducum,
705 5200 814 5243 tum
835 5189 1105 5255 geminam
1134 5199 1365 5253 pugnam
1400 5182 1752 5243 confundens.

170 5289 444 5348 exercitu
477 5284 707 5336 ’l‘urcico
740 5285 790 5334 in
825 5282 1004 5347 fugam
1056 5292 1343 5337 converso,
1403 5276 1753 5327 Cbct'seoluui

167 5397 457 5459 generum
491 5377 738 5443 Bajasitis
762 5385 1001 5442 captum,
1034 5372 1307 5423 Alcairuni
1366 5370 1431 5422 ad
1482 5368 1754 5421 sultanum

168 5458 484 5534 Caitheum
515 5470 681 5523 fuisse
712 5468 1000 5521 deductum
1034 5464 1128 5515 ait.
1162 5463 1397 5513 Annales
1424 5471 1602 5512 autem
1623 5458 1758 5511 Tur—

170 5570 298 5627 cici
329 5571 503 5618 duces
560 5557 919 5628 expeditionis
977 5557 1163 5624 primae
1225 5554 1426 5605 faciunt
1472 5550 1755 5603 Ferhatcin

173 5673 417 5732 begun),
450 5655 699 5725 Bajasitis
731 5665 985 5721 generum
1022 5666 1050 5700 :.
1072 5648 1527 5713 Caragosamque,
1552 5644 1757 5710 beglcr-

169 5751 792 5826 ltegutnCaramania-z
826 5745 1078 5814 quibuse
1128 5741 1342 5793 duobus
1402 5738 1535 5791 alter
1597 5738 1758 5789 fuerit

171 5867 393 5909 cmsus,
428 5848 680 5900 nimirum
725 5842 979 5894 Feihatcs
1011 5836 1255 5905 Bajasitis
1296 5846 1479 5902 gener.
1532 5830 1757 5898 Expedi-

1848 3356 2135 3423 depravata
2167 3366 2380 3410 suntex
2413 3355 2503 3409 illo
2549 3355 3011 3425 Turcogermano,
3061 3356 3203 3422 quod
3269 3353 3410 3407 dixi-

1851 3466 1989 3502 111115.

1851 3563 1973 3617 161.
2020 3563 2173 3618 Finis
2193 3564 2415 3617 ducatus
2448 3562 2775 3624 Bozinensis,
2803 3563 2878 3616 vel
2910 3561 3296 3630 Herzegovinw.
3330 3562 3407 3614 vel

1923 3633 2193 3703 Herzegw,
2209 3636 2285 3688 vel
2307 3634 2534 3702 Orzegw,
2558 3634 2631 3686 vel
2650 3632 2708 3687 S.
2728 3633 2902 3694 Salue,
2922 3634 2999 3685 vel
3024 3633 3218 3687 Montis
3237 3633 3408 3701 Nigri.

1919 3705 2180 3758 Acltmetis
2210 3705 2543 3772 Hei-zewglis
2573 3705 2739 3757 bassa:
2792 3704 3034 3756 historia.

1923 3817 2311 3871 Recensuimus
2341 3832 2520 3886 supra,
2551 3817 2728 3884 capite
2781 3828 3031 3871 notarum
3080 3818 3198 3879 HI,
3262 3819 3407 3885 regni

1852 3909 2162 3965 Bozinensis
2189 3912 2487 3974 interitum,
2514 3926 2659 3965 nunc
2680 3910 2773 3979 qui
2819 3911 3047 3964 ducatus
3102 3910 3411 3964 Boziueusis

1853 4001 2029 4055 exitus
2062 4001 2238 4065 fuerit,
2262 4002 2448 4057 itidem
2470 4014 2956 4056 commemoremus
2987 4015 3000 4064 ;
3032 3999 3103 4051 ita
3149 3999 3411 4066 promisso

1856 4108 2058 4157 nostro,
2098 4106 2151 4147 et
2178 4094 2340 4161 hujus
2363 4093 2516 4148 ducis
2541 4093 2653 4156 lilii,
2688 4093 2769 4145 vel
2796 4090 3141 4157 Herzecoglis
3184 4090 3412 4143 historia

1854 4194 2127 4255 poscente.
2160 4182 2292 4241 Nam
2320 4184 2559 4239 Annales
2613 4184 2783 4247 aiunt,
2824 4182 3135 4234 Achmetetn
3194 4179 3409 4235 bassam

1855 4278 2246 4347 Herzecoglim,
2296 4276 2481 4345 pra‘lio
2548 4288 2735 4331 contra
2794 4275 3097 4329 sultaninos
3148 4274 3409 4333 secundo,

1856 4384 1979 4424 cum
2014 4383 2154 4435 equo
2186 4367 2516 4435 prolapsum,
2549 4367 2600 4417 in
2634 4365 3028 4419 Sultauiuorum
3079 4378 3271 4416 manus
3328 4380 3416 4415 ve-

1857 4464 2025 4524 nisse,
2048 4462 2447 4526 deductumque
2477 4460 2644 4512 fuisse
2672 4457 2735 4510 ad
2777 4454 3061 4525 Vibegum,
3116 4464 3171 4508 et
3228 4467 3412 4508 custo-

1860 4554 1959 4607 dia:
2036 4552 2310 4607 traditum.
2368 4550 2702 4605 Secretarius
2752 4557 2931 4601 autem
2990 4547 3413 4610 Malatestanus,

1856 4650 2042 4699 eadem
2117 4658 2394 4697 narrans:
2431 4642 2714 4707 Bajasites,
2766 4641 2962 4709 inquit,
3021 4640 3213 4692 nuntio
3245 4639 3413 4691 cladis

1852 4754 2079 4793 suorum
2154 4748 2377 4806 accepto
2413 4774 2430 4797 .
2485 4737 2855 4805 indignatione
2908 4733 3136 4787 nimium
3212 4743 3414 4800 quanta

1848 4846 2171 4893 succensus,
2198 4831 2378 4883 denuo
2405 4837 2789 4898 przepoteutem
2838 4826 3094 4879 instruxit
3116 4828 3413 4879 exercitum

1854 4926 2012 4991 eique
2061 4936 2314 4989 supremo
2346 4935 2465 4973 cum
2500 4919 2720 4985 imperio
2773 4914 3013 4984 praefecit
3042 4912 3412 4982 Herceoglim,

1859 5012 2114 5081 Stephani
2176 5010 2448 5080 quondam
2481 5008 2538 5062 S.
2572 5009 2728 5071 sava:
2750 5006 2905 5064 ducis
2940 5005 3107 5058 ﬁlium
3135 5022 3149 5058 :
3185 5005 3281 5073 qui
3326 5005 3421 5055 ad-

1858 5118 2011 5156 versa
2065 5103 2295 5171 quadam
2351 5100 2567 5152 fortuna
2614 5106 2896 5163 superatus
2934 5134 2951 5160 ,
3026 5104 3079 5149 et
3150 5095 3418 5147 universis

1858 5209 1977 5247 eum
2038 5193 2208 5261 copiis
2257 5205 2429 5246 carsus
2466 5190 2586 5251 fuit,
2608 5188 2768 5240 etiam
2799 5186 2973 5239 tribus
2997 5186 3044 5238 ei
3070 5185 3271 5238 dextra:
3303 5200 3418 5235 uta-

1858 5301 1962 5336 nus
2039 5283 2221 5352 digitis
2306 5282 2617 5347 amputatis.
2703 5277 2996 5331 Videamus
3070 5289 3220 5344 ergo,
3298 5288 3420 5337 Qtttt’.

1860 5376 2021 5428 fuerit
2046 5374 2205 5441 hujus
2235 5382 2340 5424 tam
2359 5372 2531 5439 origo,
2570 5385 2731 5437 quam
2753 5369 2954 5421 familia
3000 5383 3014 5431 ;
3045 5382 3164 5435 qua:
3193 5365 3261 5420 ad
3285 5364 3420 5418 Tur—

1861 5482 1952 5520 cos
1986 5466 2267 5518 deticiendi
2298 5464 2509 5517 occasio
2542 5478 2557 5525 ;
2597 5462 2685 5530 qui
2718 5460 2951 5528 denique
2986 5462 3149 5512 totius
3178 5459 3370 5526 gentis,
3394 5475 3420 5507 «τ

1860 5575 1966 5628 qua
2015 5567 2171 5613 natus
2217 5568 2350 5619 erat,
2399 5556 2668 5608 interitus.
2708 5553 2927 5606 Diversa
2947 5567 3074 5605 vero
3112 5549 3421 5604 referuntur

1862 5667 1889 5703 a
1949 5651 2157 5704 duobus
2184 5648 2515 5725 auctoribus,
2578 5645 2930 5715 Spandugino
2977 5652 3030 5697 et
3065 5640 3221 5696 Jovio
3250 5654 3422 5708 :qttus

1861 5743 2077 5812 quidem
2103 5742 2313 5803 ambos,
2374 5748 2428 5793 et
2477 5740 2649 5806 primu
2704 5737 2950 5791 Graecum
3006 5736 3179 5797 illum,
3229 5736 3421 5787 audia-

1864 5852 2002 5891 mus.
2054 5833 2245 5887 Narrat
2271 5834 2335 5899 is,
2372 5842 2492 5885 ante
2522 5831 2633 5884 haec
2684 5841 2925 5897 tempora
2982 5830 3253 5880 sultauuut
3310 5824 3421 5876 Mu-
