4198 6426
725 377 835 438 839

1920 367 2249 428 JOANNIS
2283 367 2755 429 LEUNCLAVII

3864 369 3975 432 840

719 497 1026 548 chemetem
1062 487 1580 542 lldei-revissecum
1618 484 1940 551 animosuo,
1982 487 2295 553 subjugum
2323 492 2378 548 Α
2405 495 2531 539 tuus
2584 485 2706 538 fuit.
2765 483 2822 536 td
2855 483 3172 552 oppidulum
3233 494 3315 538 est
3362 484 3557 539 insulae
3603 488 3979 554 cognominis.

721 584 1200 637 mittermlucatum
1225 581 1597 639 llnzincusent,
1615 579 1772 644 cujus
1796 577 2043 646 princeps
2065 578 2298 643 Stepha-

719 696 823 733 nus
854 677 908 730 S.
927 676 1081 729 Saba:
1103 675 1230 734 dux,
1256 682 1309 725 ct
1338 670 1648 724 Herzeclins
1682 668 2084 738 (animadvertit
2134 671 2301 724 lector

720 769 1095 825 Germanicam
1120 779 1308 819 vocem
1351 759 1607 831 Hertzog)
1645 762 1807 830 vulgo
1857 760 2022 815 fuerit
2065 761 2302 829 appella-

725 871 837 913 tus.
909 857 1084 926 Ipsam
1163 853 1437 924 regionem
1497 851 1773 921 [tagusaeis
1818 866 1938 906 esse
1989 851 2299 915 finitimam,

725 954 871 1004 inter
913 964 1050 1014 quos
1101 959 1155 1002 et
1223 947 1520 1015 principem
1595 945 1932 1014 Stephanum
1991 946 2302 1000 simultates

724 1043 1156 1104 intercesserint,
1184 1056 1247 1094 ex
1287 1055 1456 1093 causa
1520 1041 1749 1107 quadam
1795 1040 2127 1106 hujnsmodi.
2173 1038 2302 1091 Erat

726 1141 848 1189 duci
873 1137 1108 1204 legitima
1135 1132 1365 1200 conjux,
1389 1148 1418 1186 e
1447 1148 1552 1200 qua
1581 1141 1689 1184 tres
1722 1131 1924 1184 liberos
1972 1145 2150 1186 mares
2177 1147 2301 1185 sus-

726 1240 983 1298 ceperat:
1021 1229 1328 1281 Ladislaum
1351 1235 1473 1278 natu
1497 1226 1814 1290 maximum,
1836 1224 1922 1278 cui
1946 1226 2127 1294 nupsit
2147 1226 2301 1276 Anna

725 1324 888 1394 5,59
909 1323 1287 1375 Cautacuxena
1322 1337 1336 1372 :
1363 1319 1716 1385 Stephanum.
1745 1317 2238 1384 secundogeuitnm
2287 1334 2300 1370 :

727 1432 779 1466 «ιι
803 1416 1074 1474 ultimum,
1108 1411 1376 1464 Vatieum.
1410 1408 1623 1462 Accidit
1647 1418 1854 1470 autem,
1889 1419 1944 1462 ut
1984 1408 2296 1461 Florentina

730 1506 981 1573 qua-dant
1049 1505 1268 1566 mulier,
1300 1505 1620 1559 excellentis
1670 1504 1877 1567 formae,
1918 1503 2012 1556 sed
2069 1501 2299 1554 nimium

732 1601 978 1667 corporis
1010 1600 1091 1652 sui
1135 1598 1384 1667 prodiga,
1447 1614 1564 1651 sese
1598 1599 1650 1650 itt
1683 1598 1823 1650 hanc
1856 1596 2090 1648 ducatus
2147 1591 2302 1645 Bozi-

735 1693 922 1744 nensis
971 1691 1272 1759 regionem.
1330 1690 1518 1743 relicta
1574 1693 1770 1758 patria,
1825 1677 2121 1744 conferret.
2187 1690 2299 1742 an

738 1787 1070 1854 Stephanus,
1109 1787 1199 1848 qui
1235 1787 1435 1853 saepius
1467 1785 1773 1853 accepisset
1807 1799 1872 1838 ex
1917 1785 2150 1838 aliorum
2185 1799 2300 1837 ser-

2404 578 2458 631 in
2493 576 2804 631 Hadriatico
2860 578 2983 630 sinu
3035 586 3252 646 propter
3289 579 3656 632 Dalmatinttm
3695 581 3850 633 littus
3880 597 3981 633 se-

2403 669 2596 722 cuuda:
2637 679 2760 738 post
2807 659 3088 737 Veghiam,
3156 684 3318 737 quam
3364 669 3602 724 Ortelius
3678 687 3780 723 non
3829 681 3982 722 recte

2406 759 2664 816 Vechiam
2708 763 2949 832 scripsit,
2978 773 3030 817 et
3087 764 3244 832 pejus
3284 767 3675 833 interpretatus
3731 775 3818 818 est
3881 763 3981 815 νυ-

2406 855 2599 918 tulam,
2625 871 2749 909 cum
2785 853 2947 925 Vegla
2985 871 3081 911 seu
3114 856 3266 926 Vigla
3318 858 3544 911 dicenda
3574 860 3664 916 sit.
3687 871 3738 913 et
3767 876 3794 911 a
3827 859 3978 911 Bou-

2407 949 2532 1001 tinio
2559 948 2782 1018 Corycia
2810 949 3082 1003 veteribus
3107 962 3295 1004 vocata
3322 961 3562 1020 putetur.
3589 950 3712 1006 Haec
3744 952 3811 1004 de
3868 951 3980 1004 fine

2405 1043 2638 1092 ducatus
2706 1040 3042 1103 Bozinensis,
3093 1052 3146 1094 et
3194 1043 3436 1110 ipsorum
3486 1044 3685 1096 ducum
3732 1043 3979 1103 familiae.

2407 1132 2794 1200 Spanduginus
2823 1134 3100 1186 memoria!
3137 1134 3394 1201 proiidit.
3439 1132 3632 1188 Jovins
3668 1146 3850 1186 autem
3889 1151 3982 1186 re-

2409 1223 2511 1275 fert
2561 1239 2625 1275 ex
2674 1220 2796 1274 Jani
2843 1223 3092 1277 Lascaris
3144 1225 3494 1279 sermonibus
3536 1227 3773 1278 hominis
3835 1229 3979 1293 apud

2405 1312 2628 1368 Grazcos
2653 1315 2847 1368 illustri
2875 1315 3079 1368 familia
3109 1318 3245 1379 nati,
3275 1319 3360 1370 cui
3396 1320 3712 1372 notissimus
3742 1320 3981 1372 Acltme-

2409 1418 2488 1461 tes
2529 1409 2689 1462 bassa
2718 1408 2900 1471 fuerit,
2940 1409 3307 1480 Cherseoglim
3345 1421 3553 1464 malum
3582 1413 3692 1480 jam
3747 1427 3801 1465 et
3834 1412 3979 1465 virili

2413 1511 2571 1555 actate
2626 1501 2950 1570 religionem
2992 1501 3330 1555 (Jbistianam
3385 1504 3739 1558 deseruisse:
3781 1506 3864 1558 sic
3897 1519 3978 1556 ta-

2409 1612 2554 1654 men,
2581 1603 2640 1647 ut
2681 1593 2734 1647 in
2777 1595 3013 1663 pectoris
3043 1595 3329 1648 sinnveraa
3367 1598 3488 1649 fidei
3542 1614 3650 1650 non
3677 1599 3982 1652 oblivisce-

2407 1699 2578 1742 retur.
2610 1687 2808 1742 Fuisse
2864 1705 2995 1742 vero
3023 1689 3190 1742 lilium
3221 1689 3596 1753 Chersecchii,
3640 1691 3786 1759 Nigri
3825 1707 3982 1743 mon-

2408 1783 2477 1833 tis
2521 1781 2572 1834 iu
2626 1782 2882 1835 Slavonia
2920 1782 3133 1849 reguli:
3167 1783 3254 1834 cui
3291 1797 3416 1836 cum
3439 1782 3564 1835 data
3595 1796 3739 1837 esset
3769 1785 3823 1836 in
3863 1802 3982 1837 ma-

740 1876 1012 1936 monibus,
1046 1875 1305 1927 mulieres
1347 1873 1694 1928 Florentinas
1725 1875 1794 1926 ob
1822 1874 2010 1927 formae
2049 1884 2300 1926 venusta-
2335 1869 2374 1925 Β
2405 1874 2759 1936 trimonium,
2796 1873 3023 1942 jamque
3056 1875 3275 1927 domum
3337 1877 3404 1928 ad
3445 1874 3799 1929 celebrandas
3843 1894 3984 1945 nup-

739 1978 868 2026 tem.
904 1967 1181 2035 animique
1230 1967 1488 2029 indolem,
1549 1976 1602 2019 ct
1672 1980 1883 2020 morum
1945 1966 2297 2034 elegantiam,

739 2061 898 2113 facile
957 2061 1161 2129 primas
1212 2061 1354 2113 inter
1417 2060 1551 2113 alias
1613 2075 1802 2114 omnes
1858 2059 2022 2112 Italia:
2070 2059 2302 2113 feminas

739 2151 882 2204 ferre
918 2167 933 2201 :
969 2165 1092 2204 cum
1138 2150 1373 2219 primum
1416 2151 1482 2202 dc
1522 2150 1681 2219 hujus
1720 2160 1951 2204 adventu
2002 2150 2300 2204 intellexis-

740 2257 844 2306 set,
875 2244 995 2311 ejus
1025 2244 1269 2296 videndae
1296 2243 1549 2310 cupidus,
1608 2244 1759 2296 misit
1792 2244 1884 2312 qui
1913 2241 1980 2295 ad
2025 2257 2082 2296 se
2113 2244 2304 2296 mulie-

745 2353 854 2389 tem
890 2347 1249 2390 arcesserent.
1276 2335 1634 2404 Conspectam
1664 2352 1784 2389 mox
1833 2337 2089 2389 adamare
2117 2339 2303 2405 coepit,

745 2429 881 2483 adeo
917 2430 1159 2498 quidem,
1190 2429 1344 2481 nihili
1380 2444 1534 2483 suam
1567 2428 1642 2481 uti
1686 2427 1982 2496 legitimam
2017 2427 2304 2495 conjugem

744 2523 972 2584 faceret,
1037 2526 1196 2590 cujus
1223 2539 1346 2576 eum
1403 2534 1618 2589 ceperat
1668 2522 1917 2575 satietas.
1971 2519 2124 2573 Uxor
2178 2534 2308 2572 vero

745 2613 1029 2682 principis,
1059 2629 1176 2666 eam
1201 2628 1323 2665 cum
1355 2611 1498 2664 ferre
1529 2612 1738 2664 diutius
1781 2627 1888 2664 non
1942 2625 2124 2679 posset
2154 2598 2308 2678 inju-

746 2707 906 2770 riam,
970 2705 1242 2774 ltagusam
1303 2718 1426 2756 cum
1468 2702 1576 2754 filio
1605 2713 1737 2755 natu
1769 2704 2009 2755 maximo
2061 2702 2187 2768 fuga
2219 2718 2309 2754 se-

745 2810 894 2854 creta
919 2813 976 2852 se
1010 2797 1265 2851 contulit.
1305 2796 1534 2850 Maritus
1581 2795 1768 2848 missis
1794 2796 1860 2848 ad
1888 2810 2006 2848 eam
2039 2796 2202 2848 certis
2232 2795 2310 2846 in-

749 2891 1062 2952 ternunti‘s,
1107 2891 1184 2942 uti
1218 2892 1437 2941 domum
1480 2886 1702 2948 rediret,
1757 2887 1952 2940 orabat
1992 2903 2006 2942 :
2040 2901 2174 2939 neve
2202 2886 2314 2938 dis-

748 2998 909 3036 cessu
946 2991 998 3034 et
1028 2983 1270 3035 absentia
1307 2996 1407 3034 sua
1435 2996 1657 3034 causam
1693 2983 1975 3049 praberet,
2034 2981 2176 3033 unde
2212 2995 2311 3033 sua

750 3075 1124 3138 divulgaretnr
1148 3072 1391 3125 infamia.
1423 3071 1676 3126 Vicissim
1711 3073 1800 3125 illa
1833 3072 2222 3140 respondebat,
2255 3087 2313 3125 se

2409 1969 2514 2020 tias
2543 1968 2934 2028 deduceretur,
2985 1965 3162 2035 puella
3215 1976 3341 2021 nata
3381 1968 3448 2021 de
3481 1970 3651 2037 stirpe
3696 1971 3978 2038 despotiea

2407 2060 2692 2122 Serviana,
2750 2061 3073 2113 sceleratum
3117 2069 3362 2128 patrem,
3413 2071 3623 2113 motum
3669 2061 3980 2114 admirabili

2407 2168 2576 2206 nurus
2623 2153 2914 2221 elegantia,
2961 2153 3222 2217 conjectis
3266 2152 3320 2205 in
3371 2169 3489 2206 eam
3548 2153 3744 2215 oculis,
3791 2170 3984 2208 amore

2408 2254 2718 2312 correptqu
2762 2245 2931 2299 fuisse
2967 2260 3243 2313 :cumque
3286 2245 3503 2298 luxuria
3557 2249 3820 2315 pudorem
3866 2263 3984 2300 om-

2411 2355 2530 2391 nem
2565 2339 2826 2402 vinceret,
2861 2339 2962 2392 sibi
3005 2354 3124 2392 eam
3150 2339 3427 2407 accepisse
3483 2355 3738 2401 uxorem,
3786 2351 3980 2393 contra

2409 2431 2749 2484 voluntatem
2779 2440 3160 2498 cognatorum,
3219 2433 3309 2499 qui
3353 2433 3811 2499 reprehenderent
3850 2433 3986 2486 faci-

2413 2545 2535 2591 nus,
2573 2530 2681 2582 tilio
2733 2529 3217 2590 contumeliosum,
3255 2526 3459 2581 infame
3515 2528 3684 2596 patri.
3721 2528 3984 2581 Commo-

2413 2633 2532 2674 tutn
2562 2623 2826 2675 dedecore
2856 2629 3017 2673 tantae
3055 2621 3306 2688 juvenem
3338 2620 3571 2686 injurite,
3607 2620 3988 2689 praecipitique

2415 2717 2576 2768 nimis
2610 2715 2900 2784 impulsum
2929 2714 3331 2782 desperatione,
3361 2711 3900 2779 Constantinopolim
3930 2727 3989 2764 se

2414 2807 2709 2859 contulisse
2745 2821 3019 2874 :cumque
3053 2804 3274 2859 sultano
3303 2804 3528 2874 Bajaziti
3584 2806 3787 2857 foedum
3815 2806 3990 2873 patris

2417 2897 2632 2952 facinus
2661 2897 2907 2950 dolenter
2936 2897 3302 2963 exposuisset,
3335 2899 3454 2966 ejus
3507 2913 3565 2949 se
3606 2899 3727 2950 lidei
3785 2909 3988 2954 totum.

2415 3000 2469 3042 ct
2496 2990 2760 3042 clientela:
2787 2989 3103 3041 tradidisse.
3137 2987 3461 3053 Bajazitem,
3498 2971 3698 3040 auditis
3723 2987 3988 3054 Stephani

2417 3081 2680 3151 querelis,
2713 3081 2855 3133 hono
2892 3090 2951 3133 ut
2983 3090 3128 3134 esset
3161 3081 3368 3145 animo,
3410 3080 3642 3149 jussisse
3672 3097 3687 3144 ;
3729 3080 3989 3134 virtutem

751 3168 1068 3228 redituram,
1114 3165 1160 3217 si
1217 3163 1582 3218 Florentinam
1632 3165 1700 3216 ab
1727 3180 1786 3217 se
1819 3165 2142 3219 dimisisset.
2190 3167 2308 3219 Dux
2338 3211 2378 3264 ϐ
2419 3176 2591 3243 ipsius
2629 3174 2833 3240 majora
2890 3173 3125 3226 fortunis
3159 3173 3402 3240 paternis
3451 3172 3793 3240 promereri;
3841 3173 3993 3226 hau-

753 3261 1066 3330 Stephanus
1119 3260 1168 3312 id
1224 3263 1299 3314 uti
1347 3259 1574 3322 faceret,
1640 3261 1906 3329 imperare
1946 3277 2054 3315 non
2099 3271 2311 3330 poterat

752 3355 937 3406 animo
969 3369 1090 3406 suo.
1129 3350 1493 3404 Nihilominus
1555 3353 1670 3405 suis
1699 3353 1765 3404 ad
1793 3351 2090 3420 Raguszeos
2126 3353 2310 3404 homi-

755 3447 916 3498 nibus
943 3444 1241 3514 ablegatis,
1274 3458 1496 3496 uxorem
1535 3458 1661 3495 cum
1704 3443 1822 3497 ﬁlio
1863 3444 2161 3512 repetebat.
2199 3443 2314 3497 lllis

756 3538 1023 3590 voluntati
1071 3536 1330 3604 principis
1375 3551 1480 3588 non
1529 3536 2059 3604 obtemperantibus,
2112 3537 2311 3590 bellum

763 3629 1012 3680 infertur.
1044 3625 1290 3695 Ragusazi
1323 3626 1560 3679 vicissim
1587 3641 1643 3679 se
1674 3626 1978 3689 defensuri,
2009 3626 2179 3693 copiis
2197 3629 2314 3679 suis

759 3720 1022 3788 Stephani
1056 3720 1221 3772 tilium
1260 3717 1570 3772 Ladislaum
1596 3734 1718 3771 cum
1744 3720 1972 3787 imperio
1993 3720 2311 3787 praeficiunt,

760 3827 995 3880 eumque
1020 3813 1180 3864 rebus
1204 3812 1460 3865 omnibus
1490 3811 1768 3878 adjuvant.
1793 3810 1964 3866 Filius
1985 3812 2171 3879 praelio
2189 3826 2312 3863 cum

760 3916 912 3973 patre
951 3919 1302 3972 congressus.
1355 3903 1585 3956 victoria
1634 3904 1836 3970 potitus
1863 3912 1967 3966 est,
2001 3917 2065 3956 ac
2103 3912 2310 3969 patrem

755 3999 880 4068 fuga
901 4000 1004 4053 sibi
1040 3998 1328 4051 consulere
1354 3997 1536 4064 coegit
1565 4015 1578 4049 :
1613 4011 1809 4065 magno
1830 4006 2182 4064 paternorum
2214 3993 2315 4046 mi.

755 4091 910 4145 litum
966 4106 1194 4144 numero
1227 4088 1532 4144 interfecto.
1583 4087 1720 4140 Tum
1753 4102 1882 4142 vero
1910 4086 2172 4155 fugitivus
2204 4087 2314 4138 dux

757 4182 1071 4250 Stephanus
1107 4181 1174 4235 ad
1209 4182 1484 4236 sultauum
1541 4179 1935 4232 Muchemetem
1982 4179 2178 4241 mittit,
2222 4179 2317 4244 qui

757 4274 876 4342 ejus
906 4289 1060 4342 opem
1088 4284 1144 4326 et
1165 4273 1460 4326 auxiliares
1485 4271 1670 4339 c0pias
1691 4272 1953 4326 adversus
1987 4270 2159 4323 filium
2188 4286 2318 4336 sup-

759 4369 971 4450 pliciter
1031 4367 1409 4436 implorarent.
1465 4365 1641 4419 Simul
1687 4364 1935 4419 obsidem
1983 4362 2314 4418 Muchemeti

763 4459 929 4515 tilium
964 4459 1448 4528 secundogenitum
1496 4458 1676 4511 offert.
1713 4457 1764 4513 ls
1821 4467 1938 4511 erat
1983 4458 2312 4525 Stephanus,

2423 3279 2600 3320 turum
2635 3268 2754 3317 loco
2791 3271 2992 3331 erepta:
3023 3277 3259 3330 sponsze,
3291 3276 3413 3329 quas
3445 3270 3675 3329 cognata
3722 3260 3795 3313 sit
3828 3275 3998 3314 exsu-

2424 3358 2487 3411 lis
2521 3356 2714 3423 reguli,
2753 3354 2916 3407 tiliam
2969 3351 3193 3406 maximi
3235 3351 3460 3411 sultani,
3491 3365 3612 3403 rara
3666 3349 3865 3403 forma:
3910 3365 3997 3401 ve-

2422 3461 2638 3503 nustate
2670 3447 2972 3516 praeditam.
3021 3442 3333 3498 Secundum
3407 3445 3522 3500 hate
3572 3459 3722 3504 eum,
3778 3445 3995 3496 deserta

2424 3542 2684 3607 religione
2710 3539 3046 3602 Christiana,
3082 3535 3455 3605 Stcphanique
3517 3537 3742 3588 nomine
3789 3540 3993 3602 posito,

2422 3640 2675 3685 vocatum
2732 3630 2900 3683 fuisse
2941 3629 3256 3683 Achntetem
3303 3638 3356 3681 et
3401 3626 3801 3695 CherseOglim,
3860 3641 3999 3695 nup-

2425 3727 2636 3790 tiasque
2684 3722 2805 3775 lilia:
2859 3721 3118 3788 Bajazitis
3168 3721 3532 3789 impetrasse:
3567 3718 3823 3771 cuiﬁdus
3877 3733 3997 3782 per-

2424 3827 2584 3886 petuo
2623 3816 2904 3878 manserit,
2953 3815 3088 3867 adeo
3141 3813 3359 3882 quidem
3401 3822 3460 3866 ut
3504 3812 3786 3865 insidianti
3843 3815 4000 3868 dein-

2424 3907 2805 3977 cepsimperio
2867 3917 3092 3973 paterno
3140 3903 3328 3956 Selimi
3391 3918 3743 3971 summopere
3777 3906 3855 3958 sit
3908 3909 3996 3956 ad-

2425 4012 2694 4054 versatus.
2724 3998 2848 4052 limc
2873 3997 3102 4050 Joviana
3136 3995 3201 4048 de
3230 3994 3556 4064 Cherseogle
3588 3997 3843 4048 narratio
3871 4012 3998 4049 num

2424 4095 2758 4166 praeferenda
2787 4092 3183 4162 Spanduginete
3213 4089 3426 4155 veniat,
3448 4090 3700 4158 equidem
3754 4090 3890 4144 aliis
3919 4094 4002 4143 di-

2420 4187 2772 4256 judicandum
2815 4186 3083 4252 relinquo.
3130 4181 3314 4236 Solum
3349 4184 3476 4245 hoc,
3521 4182 3664 4249 quod
3707 4185 3777 4234 de
3816 4193 3998 4235 morte

2428 4280 2688 4349 Stephani
2736 4280 2908 4346 patris
2940 4276 3321 4345 Spanduginus
3347 4275 3531 4337 tradit,
3560 4276 3661 4326 sub
3694 4278 3998 4328 adventum

2425 4371 2890 4439 Muchemetis(ut
2941 4368 3041 4432 ait)
3093 4368 3373 4431 exstincti,
3427 4367 3748 4435 scrupulum
3806 4385 4004 4436 quem-

2425 4468 2547 4519 dam
2593 4464 2750 4518 nobis
2776 4459 2980 4530 injicit.
3019 4459 3284 4513 Referunt
3321 4458 3548 4512 annales
3583 4458 3836 4525 Turcici,
3892 4461 4004 4514 Mu-

754 4556 849 4624 qni
897 4556 1158 4622 deinceps
1202 4552 1727 4606 musulmanissavit.
1791 4551 2157 4605 Muchemetes
2206 4565 2300 4603 nor

2427 4561 2728 4612 chemetem
2789 4554 3239 4621 Herzegovinam,
3269 4553 3384 4604 sive
3415 4552 3774 4605 Bozinensem
3832 4552 4004 4605 duca-

755 4646 1043 4714 postulatis
1070 4647 1336 4698 duntaxat
1387 4645 1601 4706 annuit,
1637 4657 1820 4695 verum
1877 4641 2040 4694 etiam
2084 4642 2318 4710 propriis

756 4737 1019 4806 auspiciis
1053 4738 1103 4790 id
1155 4737 1355 4790 bellum
1380 4750 1444 4809 se
1468 4746 1749 4804 gesturum
1785 4735 2060 4803 promisit.
2101 4734 2320 4786 Adven-

758 4843 906 4885 tante
945 4846 1076 4884 vero
1126 4847 1248 4884 cum
1281 4830 1525 4883 exercitu
1560 4828 1924 4888 Muchemete,
1973 4827 2205 4879 moritur
2225 4840 2320 4894 pa-

762 4935 844 4975 ter
886 4940 898 4976 :
940 4923 1226 4977 Ladislaus
1259 4963 1272 4984 ,
1327 4922 1483 4976 filius.
1520 4922 1842 4991 primigenii,
1895 4919 2146 4975 Venetias
2194 4935 2318 4974 cum

762 5031 931 5068 uxore
983 5032 1045 5067 ac
1093 5015 1279 5068 liberis
1307 5029 1365 5067 se
1394 5014 1658 5067 confert:
1711 5013 1950 5080 indeque
1997 5010 2320 5081 profugiens

765 5111 816 5159 in
853 5105 1172 5173 Ungariam,
1210 5105 1378 5158 rebus
1407 5105 1606 5157 ibidem
1644 5105 1859 5158 excedit
1902 5104 2174 5156 humanis.
2205 5102 2324 5156 Mu-

764 5202 1039 5254 cltemetes
1082 5209 1342 5267 occupata
1399 5199 1644 5266 regione,
1691 5197 1962 5265 quoddam
2015 5196 2175 5248 tertio
2214 5196 2321 5249 tilio

762 5296 919 5348 ducis
949 5295 1214 5362 Stephani
1254 5292 1440 5349 Vatico
1493 5293 1712 5360 reliquit
1761 5291 2043 5361 oppidum,
2085 5291 2174 5345 cui
2227 5305 2322 5343 no-

765 5406 888 5441 men
952 5387 1200 5453 Valacca,
1254 5403 1376 5441 cum
1443 5388 1669 5442 castello
1707 5386 1988 5439 Dalmatiae
2043 5383 2214 5448 Novo,
2270 5394 2324 5438 et

762 5484 886 5538 aliis
927 5482 1081 5547 locis,
1134 5481 1278 5537 unde
1319 5481 1594 5536 victitaret
1638 5499 1651 5534 :
1696 5481 2048 5546 vicissimque
2105 5480 2322 5532 \‘aticus

761 5594 858 5645 pro
883 5577 1108 5630 domino
1148 5579 1260 5630 sive
1307 5585 1565 5644 patrono,
1627 5573 2025 5626 Muchemetcm
2064 5585 2323 5641 agnosce—

760 5671 868 5722 bat.
897 5667 1109 5720 Mortuo
1146 5682 1273 5720 \ero
1298 5667 1658 5729 Muchemete,
1714 5663 1982 5733 Bajazites
2027 5663 2188 5731 hujus
2218 5661 2323 5716 Va-

761 5764 870 5826 tici,
900 5761 1155 5830 Stephani
1187 5761 1247 5815 S.
1290 5761 1446 5814 Saba:
1498 5759 1650 5813 ducis
1692 5757 1810 5824 filii,
1839 5757 2114 5822 regionem
2148 5756 2202 5807 in
2231 5769 2325 5822 po-

758 5866 1006 5912 testatem
1044 5858 1247 5926 redegit
1288 5854 1422 5925 :qui
1449 5869 1559 5908 non
1611 5853 1785 5909 multo
1834 5860 1956 5924 post
1979 5849 2137 5904 Arbac
2171 5864 2319 5902 mor-

2427 4662 2561 4712 tum,
2588 4663 2885 4717 occupasse
2929 4663 3071 4699 anno
3095 4645 3410 4700 Christiano
3458 4644 3615 4707 1464.
3653 4659 3683 4698 a
3710 4660 3828 4711 quo
3868 4658 4003 4699 tem-

2425 4758 2555 4812 pore
2576 4741 2712 4794 vixit
2760 4743 2871 4809 ipse
2901 4738 3313 4808 quatuordecim
3362 4736 3541 4789 adhuc
3563 4737 3746 4801 annis,
3785 4746 3845 4790 et
3895 4739 4003 4789 for-

2424 4841 2572 4886 tasse
2603 4841 2883 4900 superstes
2916 4827 3077 4880 etiam
3107 4830 3216 4879 dux
3259 4825 3569 4894 Stephanus
3609 4828 3843 4879 mansit.
3882 4825 4000 4879 Non

2423 4925 2568 4979 enim
2619 4923 2814 4990 legitur
2863 4920 2921 4974 in
2963 4920 3289 4979 Annalibus,
3343 4917 3490 4971 hunc
3537 4916 3590 4969 id
3635 4921 3912 4985 temporis
3965 4933 3993 4969 a

2423 5014 2760 5068 Muchemete
2793 5026 2918 5065 cum
2969 5010 3094 5062 tiliis
3125 5023 3154 5062 e
3186 5008 3363 5060 medio
3389 5007 3688 5071 sublatum,
3743 5010 3833 5058 vet
3884 5026 4003 5058 ou:-

2426 5107 2556 5158 nino
2595 5105 2800 5158 ditione
2823 5118 2918 5155 sua
2947 5102 3265 5169 spoliatum,
3289 5100 3748 5167 quemadmodum
3793 5101 3864 5151 de
3903 5099 4002 5149 Ba-

2425 5197 2629 5249 zinensi
2662 5209 2790 5261 rege
2809 5197 2955 5246 dicto
2977 5194 3095 5246 loco
3124 5193 3395 5260 proditum
3430 5190 3679 5244 videmus
3702 5205 3999 5259 expresse,

2425 5291 2516 5342 sed
2540 5298 2748 5341 tantum
2777 5302 2804 5336 a
2834 5285 3298 5342 Muchemctesub
3319 5286 3510 5352 jugum
3561 5284 3726 5336 fuisse
3757 5285 3998 5336 missam

2424 5379 2876 5446 Herzegovinam,
2921 5393 3042 5444 qu:e
3097 5376 3297 5429 Bozina
3352 5374 3600 5443 superior
3659 5381 3766 5432 est.
3841 5385 3898 5425 et
3943 5373 3998 5426 S.

2427 5472 2579 5525 Sava:
2632 5471 2812 5539 (sicuti
2867 5468 3256 5522 MalateStanus
3324 5465 3607 5519 actuarius
3664 5465 3756 5518 ille
3810 5465 4001 5521 (ἔπεα

2426 5564 2871 5631 pronuntiatione
2921 5561 3160 5628 scripsit)
3204 5560 3284 5612 vel
3339 5559 3496 5612 Saba!
3560 5559 3826 5613 ducatus.
3894 5559 4004 5613 Hoc

2427 5656 2590 5708 modo
2643 5655 2686 5707 si
2733 5654 2942 5706 diutius
2987 5663 3268 5721 superstes
3301 5653 3410 5706 dux
3453 5652 3768 5719 Stephanus
3825 5667 4001 5720 pater.

2425 5760 2478 5802 et
2503 5747 2696 5801 Turcis
2721 5747 2997 5811 subditus,
3029 5745 3191 5816 460
3213 5747 3400 5812 eisque
3434 5747 3694 5797 tributum
3721 5751 3998 5812 pendens.

2428 5859 2535 5898 non
2561 5841 2719 5897 modo
2750 5839 3082 5897 Florentinze
3111 5841 3352 5894 mulieris
3394 5839 3656 5893 adulterio
3686 5854 3744 5892 se
3780 5843 3998 5903 petiuit,
