4198 6426
226 356 301 419 841

1296 334 1691 397 PANDECTE
1730 330 1928 391 IIlST.
1975 328 2272 388 TIlRClC.

3303 320 3414 381 842

226 486 366 526 verum
391 470 553 523 etia-n
593 465 852 533 deinceps
881 462 983 517 sub
1014 458 1268 526 Bajazitis
1296 456 1528 525 imperio
1568 470 1728 522 spin-
1766 452 1805 505 Α
1838 446 2064 499 minime
2101 443 2356 499 dissimul
2380 443 2560 495 .n:lum
2608 441 2888 494 duximus.
2944 438 3224 507 Nusquam
3276 456 3410 495 sane

225 579 316 619 sam
340 561 607 630 Stephano
636 557 748 611 lilio
792 552 1220 621 secundogenito
1267 566 1364 619 per
1415 548 1594 601 scelus
1640 549 1749 599 eri-

226 655 318 727 puit
345 672 355 707 :
383 668 488 706 non
519 654 715 705 mirum
746 657 851 711 est,
898 647 1131 700 adaucto
1161 644 1376 713 plenam
1414 642 1479 694 ad
1524 657 1747 693 mensu-

226 766 316 803 ram
354 747 673 815 ﬂagitiorum
706 742 947 805 cumulo,
993 740 1152 792 linem
1205 735 1492 788 aninensi
1524 735 1747 787 ducatui

229 857 392 896 numen
467 840 665 891 iratum
723 832 1073 903 imposuisse.
1137 830 1326 883 Solent
1377 827 1522 879 enim
1580 828 1661 878 vel
1695 827 1746 878 in

224 936 381 1003 primis
407 932 681 997 ejusmodi
710 926 1017 996 principum
1062 937 1208 990 vagae
1252 919 1507 973 libidines
1535 917 1745 971 exculia

224 1028 371 1092 regnis
399 1038 584 1075 eurum
606 1033 905 1073 arcessere.

224 1117 380 1171 162—5.
414 1110 671 1182 Dulgadir
690 1119 735 1163 et
762 1109 1039 1191 Aladeule,
1109 1106 1264 1161 Daud
1317 1105 1471 1158 bassa
1493 1144 1507 1169 ,
1553 1103 1754 1171 Turget

888 1198 1050 1250 regio.

285 1280 575 1341 Provincia,
601 1278 714 1332 sive
745 1276 894 1343 regio
928 1271 1208 1342 [iulgadin
1257 1280 1352 1324 aut
1416 1266 1693 1330 Dulcadir,
1723 1282 1753 1318 a

220 1376 397 1430 n0~tris
420 1373 616 1439 partim
648 1367 952 1429 Anadoule,
988 1375 1041 1419 et
1075 1363 1323 1426 Alalulie,
1360 1377 1465 1415 non
1498 1372 1644 1417 recte
1670 1359 1759 1412 di-

220 1473 358 1524 tilltt‘.
395 1467 587 1536 partim
625 1462 909 1516 Aladoule.
944 1458 1162 1511 Tui-cici
1195 1471 1327 1510 vero
1380 1453 1599 1507 annales
1632 1450 1759 1503 Dul-

219 1560 415 1629 g.nluris
442 1572 639 1610 nomen
673 1551 883 1620 regioni
926 1550 1191 1609 tribuunt,
1228 1547 1385 1614 cujus
1406 1545 1659 1613 princeps
1692 1539 1759 1594 ab

218 1668 290 1704 ms
341 1651 548 1726 dicitur.
586 1644 867 1706 Ala-leulc,
927 1642 1196 1694 vocabulo
1245 1634 1616 1703 tetrasyllaho.
1675 1632 1765 1685 Li-

220 1748 360 1797 inites
427 1740 673 1799 ditionis,
735 1734 1087 1805 Cappadocia:
1146 1731 1424 1785 montibus
1513 1727 1759 1787 inclusze,

217 1851 342 1906 quos
373 1831 611 1888 Munzari
645 1844 776 1883 voce
810 1826 1074 1880 Cedrinns
1114 1824 1169 1878 in
1200 1820 1636 1891 Paralipomenis
1670 1834 1764 1872 no-
1792 1799 1839 1856 Β

216 1931 336 1985 stris
366 1925 763 1995 complectitur,
793 1931 919 1975 tunc
943 1918 1205 1988 temporis
1235 1928 1391 1970 erant
1419 1914 1471 1967 hi
1507 1929 1521 1968 :
1570 1924 1757 1965 versus

222 2023 418 2081 Sin-iam
453 2018 667 2075 sultano
702 2012 945 2069 Cairensi
980 2017 1282 2080 parentem,
1310 2005 1590 2066 Bcrrb'ma,
1626 2017 1771 2057 nunc

214 2117 406 2184 Chalep
435 2114 515 2167 vel
555 2110 720 2179 llalep
744 2106 959 2170 Turcis,
995 2102 1202 2160 nostris
1254 2102 1462 2170 llalepo
1497 2117 1511 2153 :
1574 2112 1772 2152 versus

219 2210 492 2276 imperium
529 2203 734 2259 Persici
777 2201 860 2255 vel
908 2198 1138 2267 Sophini
1171 2195 1338 2264 regis,
1373 2192 1629 2246 Armenia
1673 2190 1773 2243 mi-

222 2320 369 2357 nor:
430 2313 624 2355 versus
706 2294 990 2363 imperium
1069 2289 1379 2346 Osmanida:
1466 2284 1773 2356 principis,

215 2395 425 2450 Amasis
463 2410 476 2445 :
533 2404 723 2445 versus
784 2385 1189 2447 Caramaniam,
1218 2382 1404 2436 Adana
1453 2388 1505 2433 et
1550 2377 1771 2431 Tarsus.

216 2486 495 2542 Aladeules
512 2486 626 2553 ipse
644 2482 1022 2535 Turcomanus
1049 2488 1164 2531 erat
1184 2474 1459 2544 princeps,
1481 2485 1588 2524 non
1620 2469 1779 2523 Chri-

217 2583 445 2643 stianus,
489 2588 549 2631 ut
607 2576 770 2630 etiam
829 2571 1218 2626 Malatestanus
1280 2565 1559 2621 actuarius
1613 2570 1779 2616 testa-

218 2684 327 2724 tum
371 2668 608 2737 reliquit.
638 2664 836 2719 Daudis
865 2676 1064 2717 nomen
1089 2658 1287 2712 Turcis
1312 2656 1456 2710 idem
1489 2662 1595 2717 est,
1632 2650 1776 2721 quod

215 2762 458 2815 Hebraeis
490 2757 679 2811 David.
725 2753 1029 2808 Nicolaides
1075 2752 1368 2819 depravate
1407 2746 1600 2801 scribit
1625 2744 1777 2796 Daat.

212 2854 437 2921 Magnus
459 2859 511 2902 et
540 2846 773 2902 celebris
803 2844 942 2913 apud
1004 2856 1136 2896 suos
1203 2840 1327 2901 fuit,
1378 2837 1469 2907 qui
1505 2837 1778 2891 Constan-

213 2943 441 3011 tinopoli
467 2940 766 3000 messitam,
793 2936 1061 3003 hodieque
1093 2943 1296 2987 sariam
1346 2940 1563 2990 tectam,
1586 2923 1785 2980 struxit

207 3049 265 3093 et
310 3039 420 3091 tilio
461 3049 560 3090 suo
614 3030 817 3087 sultani
874 3026 1133 3094 Bajazitis
1211 3025 1335 3078 lilia:
1382 3020 1602 3089 nuptias
1659 3032 1788 3087 pro-

1847 554 2039 593 nomen
2072 540 2196 599 hoc,
2233 552 2332 591 nec
2389 537 2563 604 ipsum
2612 536 2735 589 licet
2754 534 3120 588 memorabile
3176 533 3409 599 facinus,

1848 633 1989 700 apud
2027 629 2365 700 Ungarorum
2403 629 2719 682 historicum
2759 628 3065 681 Bonlinium
3114 630 3405 697 reperitur,

1851 742 1954 781 nec
1983 726 2270 795 legationis
2301 726 2459 792 hujus
2488 739 2514 776 a
2551 723 2771 777 Mattbia
2806 741 2952 791 rege.
3012 729 3102 792 qui
3144 736 3274 779 tunc
3309 724 3418 777 Un-

1849 819 1994 887 garis
2022 819 2137 873 suis
2170 819 2488 886 imperabat,
2524 820 2587 873 ad
2623 822 2896 873 sultanum
2934 822 3221 886 Bajaziteui
3278 822 3413 872 mis-

1854 927 1935 965 sae
1982 912 2039 964 lit
2096 911 2328 994 mentio.
2365 911 2650 979 Significat
2682 922 2859 963 autem
2904 913 3195 981 lachsngli,
3247 913 3418 965 lilium

1854 1002 2052 1072 jachsi,
2080 1003 2161 1055 vel
2200 1000 2516 1054 lachsidem.
2556 1004 2619 1054 Et
2652 1001 2804 1053 Iaizlis
2828 1000 3064 1055 Turcica
3122 1002 3303 1069 lingua
3336 1002 3413 1056 si-

1853 1094 2074 1161 gniﬁcat
2109 1092 2384 1146 hominem
2417 1094 2581 1145 rebus
2619 1091 2877 1143 omnibus
2907 1092 3205 1156 elegantem
3237 1100 3291 1142 et
3322 1105 3421 1140 au-

1854 1187 2047 1248 licum,
2080 1186 2226 1255 quod
2260 1201 2287 1238 a
2333 1183 2525 1239 Turcis
2551 1186 2599 1238 ei
2644 1184 2877 1237 fortasse
2917 1198 3218 1250 cognomen
3273 1192 3424 1242 tunc,

1858 1279 2003 1332 obita
2025 1293 2147 1332 cum
2174 1278 2334 1331 laude
2371 1278 2657 1345 legatione,
2699 1276 2801 1329 fuit
2843 1277 3097 1329 inditum.
3136 1272 3282 1328 Fieri
3343 1280 3427 1324 ta-

1862 1385 1984 1423 men
2007 1372 2170 1423 etiam
2220 1377 2415 1437 potest,
2447 1377 2503 1421 ut
2541 1370 2719 1436 potius
2755 1370 2857 1422 hoc
2908 1367 3220 1423 lachseliiiz
3262 1366 3431 1434 oiigi-

1865 1461 1949 1514 nis
1974 1460 2044 1514 sit
2068 1459 2369 1530 Ungaricze.

1866 1596 2410 1678 16$..Arebzndrabi-a
2436 1614 2584 1678 ._pro
2639 1599 2854 1678 imperio
2884 1598 3111 1678 'sullrg‘ii.
3136 1596 3431 1678 Cairensis,

1939 1668 2127 1749 Ιξίηρὶ,
2156 1668 2401 1749 δὶηςαηὶ,
2433 1667 2680 1736 ngani.
2712 1670 2953 1722 sultanus
2992 1668 3306 1737 Αῐιιιὶορυιη
3328 1669 3437 1721 Pa-

1938 1740 2220 1806 chymerio.

1940 1850 2074 1905 Cum
2108 1849 2340 1904 Annales
2365 1851 2661 1903 exercitum
2682 1866 2710 1904 a
2748 1851 2988 1919 Bujazite
3031 1852 3259 1908 missum
3286 1854 3441 1909 aiunt

1875 1958 2061 1998 versus
2086 1942 2364 2003 Arabiam,
2398 1942 2730 2012 intelligendi
2760 1955 2887 1999 sunt
2934 1944 3066 2001 ﬁnes
3100 1956 3195 2001 aut
3236 1947 3438 2003 limites

1876 2035 2084 2104 imperii
2108 2034 2386 2095 sultanici,
2420 2034 2567 2100 quod
2614 2034 2824 2103 Syriam
2857 2036 3195 2092 Caramanize
3222 2051 3439 2095 conter-

1877 2127 2101 2191 minam,
2138 2141 2258 2195 quae
2290 2137 2416 2180 tunc
2448 2125 2499 2179 in
2540 2125 2961 2181 Osmanidaruni
2992 2138 3311 2197 potestatem
3345 2147 3436 2185 ve-

1876 2232 2049 2283 nerat,
2091 2230 2144 2273 et
2168 2219 2461 2289 .IEgyptum
2489 2222 2857 2291 Arabiamque
2900 2223 3320 2291 complectatur.
3348 2225 3440 2281 Sic

1878 2313 1928 2365 in
1960 2313 2024 2366 iis
2051 2327 2172 2381 quae
2198 2320 2525 2381 sequuntur,
2563 2313 2717 2366 initio
2751 2316 2901 2383 regni
2946 2313 3164 2370 Selimis
3186 2318 3439 2372 sultanus

1879 2404 2190 2463 Achmetes,
2219 2402 2337 2468 ejus
2368 2400 2557 2464 frater,
2583 2404 2647 2455 ad
2675 2404 2809 2458 fines
2841 2407 3106 2461 Arabicus
3135 2408 3445 2478 profugisse

1883 2509 2157 2557 narratur,
2214 2498 2314 2551 hoc
2362 2506 2466 2561 est,
2502 2497 2568 2550 ad
2615 2498 2820 2553 limites
2887 2499 3099 2566 imperii
3160 2503 3443 2569 sultanini,

1882 2590 2191 2661 Egyptiaei
2242 2590 2581 2661 Syriacique.
2644 2590 2857 2647 llursus
2916 2594 2971 2647 in
3016 2595 3207 2649 eodem
3246 2596 3447 2651 Seliine

1884 2682 2182 2735 traduntur
2230 2682 2461 2743 Arabes,
2519 2680 2694 2749 quiet
2749 2681 3038 2752 Ethiopes
3086 2684 3219 2749 sint,
3258 2685 3451 2740 itinera

1886 2773 2110 2841 fugienti
2131 2773 2347 2827 sultano
2370 2771 2746 2827 Tommambai
2776 2775 3139 2843 praeclusisse.
3171 2774 3291 2841 Quo
3318 2776 3453 2831 Ara-

1886 2865 2014 2919 bum
2052 2861 2483 2931 }Ethiopumque
2512 2863 2629 2918 sive
2655 2862 2992 2929 Maurorum,
3022 2865 3128 2920 hoc
3151 2875 3235 2920 est
3270 2869 3450 2936 nigro-

1889 2972 2010 3010 rum
2044 2956 2262 3012 sultano
2313 2955 2560 3011 Cuirensi
2611 2958 2917 3027 parentium
2982 2960 3223 3030 nomine,
3288 2962 3457 3017 lector

1889 3051 2026 3105 alios
2057 3064 2166 3104 non
2190 3048 2445 3119 accipiat,
2467 3063 2630 3117 quam
2657 3050 2803 3117 ipsos
2827 3048 3113 3120 [Egyptios
3131 3052 3222 3121 qui
3250 3062 3304 3108 et
3321 3054 3455 3109 Ara-

209 3130 436 3184 nieruit.
519 3126 590 3179 De
661 3121 897 3176 Varsaco
956 3118 1295 3173 Caramaniie
1346 3114 1550 3167 dictum
1608 3114 1786 3178 capite

1834 3150 1857 3209 ,ἶ
1892 3146 2010 3207 bes.
2042 3153 2097 3200 et
2118 3160 2264 3199 nunc
2292 3144 2458 3198 etiam
2484 3142 2771 3212 Ethiopes
2810 3160 2840 3198 a
2864 3145 3049 3200 Colore
3088 3114 3375 3212 vocantur,
3401 3160 3457 3205 et

206 3232 466 3277 notarum
490 3219 577 3274 77.
607 3216 737 3270 Erat
764 3210 854 3268 illa
872 3224 1000 3267 tunc
1024 3208 1264 3277 quidem,
1287 3214 1408 3276 post
1430 3205 1636 3259 obitum
1666 3201 1783 3256 Ca-

206 3316 368 3372 sanis
407 3313 547 3381 hegi,
575 3325 737 3380 quem
765 3321 929 3375 supra
964 3304 1138 3373 capite
1163 3300 1290 3362 159.
1325 3298 1563 3351 diximus
1608 3310 1638 3349 e
1677 3292 1782 3348 Ca-

207 3406 622 3463 ramanidaruin
652 3400 861 3454 familia
893 3396 1059 3449 fuisse
1085 3401 1443 3462 postremum,
1468 3388 1521 3441 in
1551 3386 1783 3440 formam

200 3499 439 3553 redacta
483 3489 773 3562 provinciae
811 3487 895 3540 vel
916 3484 1347 3553 beglerbegatus,
1382 3487 1439 3533 ut
1484 3476 1652 3531 Turei
1687 3488 1788 3528 vo-

200 3598 371 3653 cant,
405 3587 499 3655 qui
552 3585 782 3653 primum
815 3575 1156 3632 Caramaniaa
1204 3572 1583 3639 beglerbegum
1622 3566 1788 3621 Cara-

200 3698 409 3753 gosatn
462 3682 564 3733 hoc
625 3679 743 3745 ipso
805 3672 945 3727 bello
994 3667 1277 3723 nominaut
1332 3682 1346 3717 :
1399 3662 1495 3717 sed
1556 3659 1790 3712 habebat

200 3776 494 3847 quosdam
534 3772 711 3825 adhuc
743 3768 1016 3821 minorum
1059 3760 1301 3829 gentium
1347 3768 1621 3825 proceres,
1667 3750 1788 3819 qui-

203 3842 499 3924 busbaud
558 3862 722 3916 dubie
786 3855 1019 3912 necdum
1065 3849 1487 3907 Osmanidarum
1543 3842 1791 3913 placebat

198 3958 539 4027 imperium,
578 3955 703 4007 licet
729 3948 971 4017 ejusdem
1013 3942 1249 3998 natioiiis
1276 3945 1459 3993 essent
1519 3932 1792 4002 ejusdem-

195 4069 328 4122 que
360 4058 542 4102 sectaz.
578 4044 976 4112 Turgutensein
1018 4037 1295 4105 regionem
1336 4047 1365 4085 a
1388 4027 1583 4083 Turcis
1614 4025 1793 4079 nomi-

197 4118 343 4197 nari
377 4137 666 4208 Phrygiam
709 4132 991 4201 majorem,
1015 4142 1118 4193 qua
1145 4139 1339 4179 versus
1392 4118 1636 4174 Ciliciam
1675 4129 1794 4183 per-

198 4241 388 4298 tinet,
420 4247 487 4287 ex
524 4231 759 4284 Lannico
788 4234 939 4294 paret
966 4238 977 4275 :
1012 4221 1102 4289 qui
1130 4217 1288 4285 primi
1343 4211 1602 4281 Bajazitis
1630 4207 1793 4260 vitam

192 4325 573 4383 describens,
602 4317 896 4384 Turgetum
925 4311 1177 4380 Phrygia:
1207 4308 1402 4361 ducem
1442 4301 1708 4360 nominat,
1746 4305 1801 4349 et

196 4429 422 4486 posu-a
457 4408 763 4477 Turgaturii
804 4406 869 4457 tle
903 4411 1060 4472 gente
1089 4401 1408 4469 principem.
1460 4395 1670 4446 ltursus
1703 4405 1800 4441 au-

194 4524 329 4561 tum
368 4506 431 4558 in
466 4502 672 4555 Murnte
706 4499 959 4552 Secundo
994 4512 1007 4547 :
1043 4491 1405 4549 Caralitanus,
1443 4483 1639 4554 inquit,
1669 4480 1798 4534 vici-

194 4618 328 4657 nus
383 4609 468 4652 est
503 4597 779 4663 Turgutae.
833 4588 1104 4656 Turgutt‘s
1136 4592 1314 4637 autem
1351 4577 1596 4647 Phrygia:
1627 4576 1791 4641 impe-

193 4705 329 4757 rat,
368 4702 424 4744 et
446 4684 838 4756 Cappadociam
862 4679 1284 4744 Armeniamque
1306 4672 1456 4739 regio
1488 4670 1605 4738 ejus
1635 4666 1802 4719 attin-

193 4780 321 4854 git.
361 4781 579 4846 Quibus
617 4778 669 4829 in
698 4773 900 4834 verbis,
948 4770 1050 4824 nisi
1081 4768 1292 4835 Turgut
1326 4780 1356 4817 a
1404 4760 1681 4829 Dulgadir,
1738 4760 1805 4812 ab

193 4852 371 4946 ipsis
428 4876 590 4925 etiam
643 4865 837 4919 Turcis
878 4862 1347 4930 distingueretur,
1414 4852 1804 4923 prOpemodum

192 4943 359 5034 (juis
390 4965 652 5030 ejuraret,
695 4956 902 5010 nullum
942 4967 1063 5007 esse
1092 4950 1387 5004 discrimen
1438 4947 1579 4999 inter
1602 4943 1811 5012 Turga-

195 5056 361 5112 turii
409 5068 632 5116 nomen,
656 5060 709 5103 et
739 5047 1013 5115 Dulgadir.
1047 5042 1151 5097 Sed
1190 5038 1566 5109 suspendenda
1603 5035 1811 5091 scilicet

193 5146 538 5207 sententia,
572 5143 742 5195 donec
774 5139 1073 5194 correctior
1105 5150 1163 5189 se
1190 5133 1347 5186 nobis
1380 5128 1606 5184 Laonici
1639 5126 1812 5181 codex

187 5238 461 5294 oﬂ‘erat.
493 5234 628 5287 Nota
656 5231 871 5301 quidem
925 5237 1009 5282 est
1044 5223 1369 5295 permutatio
1410 5223 1711 5274 litterarum
1742 5216 1808 5270 Β.

184 5348 266 5385 ci
307 5328 355 5381 ι.
390 5325 672 5394 frequens,
710 5321 784 5376 uti
820 5334 943 5375 cum
972 5316 1251 5387 phulkiziu
1286 5314 1459 5367 Grieci
1504 5327 1602 5383 pro
1642 5311 1814 5379 phur-

182 5423 388 5479 κίχε..
431 5419 641 5477 dicunt,
684 5413 734 5467 id
768 5423 848 5467 est
880 5412 930 5465 in
954 5410 1165 5464 furcam
1208 5420 1391 5476 agere.

591 5528 713 5581 164.
763 5524 1171 5585 Iachoschicius,
1214 5517 1500 5588 Iac/isogli.

299 5624 497 5690 Quem
533 5634 654 5683 nos,
681 5618 1029 5685 interpretem
1062 5614 1291 5669 Caesaris
1327 5606 1662 5665 Ferdinandi
1695 5604 1817 5675 Spi-

1893 3237 2086 3307 lssingi
2120 3234 2335 3299 Turcis,
2376 3235 2582 3291 nostris
2633 3234 2856 3304 Singani
2891 3238 2974 3291 vel
3016 3236 3265 3308 Zingani,
3294 3255 3459 3295 voca-

1894 3329 2021 3383 bulo
2044 3338 2151 3383 tam
2184 3327 2480 3392 Arabibus,
2511 3341 2675 3395 quam
2706 3326 2976 3398 Egyptiis
3002 3332 3301 3386 communi.
3338 3331 3454 3385 Non

1895 3422 2039 3476 enim
2082 3421 2134 3473 lii
2184 3418 2411 3489 Zigeuni
2457 3419 2693 3482 dicendi,
2746 3432 2844 3475 nec
2890 3418 3197 3493 Cianiganii
3251 3423 3457 3486 Tatari.

1896 3510 2042 3582 quod
2065 3508 2383 3565 Reineccius
2447 3510 2675 3578 putavit.
2706 3509 2849 3565 ldem
2893 3510 3307 3583 Pachymerium
3385 3526 3463 3570 te,

1898 3617 2048 3658 mere
2083 3601 2513 3672 arguiterroris;
2562 3603 2707 3671 quod
2761 3604 2814 3657 in
2883 3606 3043 3659 tertio
3089 3605 3455 3661 Bendecarem

1896 3694 2210 3749 Cairensem
2266 3693 2472 3747 vocarit
2541 3692 2858 3764 Ethiopum
2917 3698 3231 3751 soldanum.
3292 3699 3459 3754 Addit

1900 3785 2069 3850 enim,
2128 3785 2231 3838 hoc
2286 3784 2353 3838 ab
2392 3797 2456 3836 eo
2522 3784 2724 3838 factum
2776 3800 3082 3855 perperam.
3152 3786 3267 3841 lino
3320 3802 3467 3843 recte

1901 3877 2114 3931 locutus
2158 3874 2701 3945 eStPachymerius,
2763 3893 2886 3931 cum
2944 3876 3233 3949 Egyptios
3306 3891 3467 3936 vocat

1902 3968 2212 4037 EthiOpas,
2258 3967 2349 4037 qui
2390 3982 2581 4022 revera
2615 3965 2755 4022 facie
2803 3970 3048 4023 colorata
3112 3979 3261 4026 sunt.
3306 3971 3461 4040 Cepit

1902 4062 2047 4117 enim
2070 4074 2268 4113 nomen
2322 4058 2640 4128 Ethiopum
2678 4060 2876 4113 veteris
2912 4060 3109 4127 liugure
3134 4060 3461 4116 Graecazlatn

1906 4152 2317 4222 significatione.
2342 4152 2485 4204 sicut
2507 4151 2667 4204 hodie
2688 4149 2860 4204 Grzeci
2884 4150 3124 4216 Mauros,
3148 4154 3290 4207 unde
3325 4154 3458 4207 Mori

1909 4246 2102 4306 nostri,
2162 4247 2346 4313 nigros
2390 4246 2442 4297 in
2476 4258 2674 4312 genere
2715 4244 2901 4297 dicunt
2946 4245 3060 4299 sive
3095 4245 3205 4299 sint
3236 4246 3467 4310 Arabes,

1908 4337 1993 4389 vel
2034 4336 2291 4405 Egyptii,
2328 4337 2409 4387 vel
2461 4336 2603 4398 Afri,
2659 4334 2741 4388 vel
2777 4332 3063 4403 Etliiopes
3126 4335 3199 4388 illi
3256 4338 3474 4405 proprie

1911 4433 1986 4481 sic
2018 4429 2289 4497 appellati.
2313 4428 2470 4497 [.61
2501 4427 2740 4496 Denique
2755 4426 3109 4481 doctissimus
3132 4429 3469 4492 Eustathius,

1834 4518 1876 4572 Ι)
1906 4534 1956 4574 et
1978 4523 2253 4589 antiquior
2287 4523 2389 4574 huc
2418 4522 2747 4589 Stephanus,
2780 4521 2996 4573 urbium
3053 4521 3475 4573 nomenclatoris

1911 4624 2120 4673 auctor,
2155 4611 2445 4680 [Egyptum
2506 4611 2793 4679 perhibent
2836 4609 3170 4678 Ethiopiam
3202 4624 3473 4675 vocatam,

1911 4714 2129 4775 propter
2163 4707 2468 4758 habitantes
2528 4708 2580 4757 in
2609 4718 2673 4756 ea
2710 4703 2896 4770 nigros
2928 4702 3202 4756 homines.

2124 4838 2242 4893 166.
2271 4837 2457 4892 Generi
2484 4836 2748 4905 Bajazitis
2794 4846 2895 4890 tm
2929 4835 3260 4906 simuLfacti.

1988 4955 2231 5007 Diximus
2264 4953 2444 5023 capite
2475 4962 2727 5006 notarum
2767 4951 2864 5006 161
2909 4950 2976 5004 de
3004 4950 3223 5005 duobus
3254 4952 3473 5022 generis

1917 5047 2120 5103 sultani
2153 5046 2427 5116 Bajazitis,
2466 5044 2533 5099 de
2569 5043 2801 5098 Ferhale
2825 5057 2854 5096 a
2886 5040 3203 5098 Mamelucis
3263 5042 3475 5105 occiso,

1915 5148 1970 5193 ct
2006 5135 2323 5204 Herzecogli
2352 5137 2419 5189 ab
2450 5136 2639 5188 iisdem
2680 5142 2859 5208 capto.
2889 5130 3044 5187 Nunc
3075 5141 3186 5187 tres
3220 5131 3312 5185 alii
3334 5145 3481 5186 com-

1918 5239 2332 5292 memorantur,
2366 5227 2571 5281 cisdem
2612 5226 2845 5279 ﬁliarum
2899 5226 3122 5294 nuptias
3173 5225 3479 5279 consecuti.

1916 5326 2132 5380 Primus
2160 5323 2353 5375 horum
2396 5321 2539 5373 ﬁlius
2586 5318 3016 5374 Usumchasanis
3050 5318 3375 5385 appellatur,
3425 5328 3483 5372 et

1921 5415 2081 5485 paulo
2112 5424 2257 5484 post,
2304 5412 2536 5481 Jacupes
2592 5410 2763 5480 begus
2800 5431 2815 5466 :
2849 5410 2943 5479 qui
2965 5408 3312 5477 expeditione
3356 5408 3485 5461 anni

1922 5506 2154 5577 proximi
2186 5513 2376 5560 contra
2406 5504 2630 5558 eosdem
2680 5503 3014 5557 Mamulecos
3072 5501 3261 5571 periit.
3308 5500 3485 5560 Alter.

1924 5602 2170 5670 Usgurlis
2200 5618 2264 5656 ex
2302 5602 2408 5655 tilio
2442 5614 2636 5669 nepos.
2695 5598 2971 5654 Fortassis
2998 5608 3178 5652 autem
3233 5594 3491 5666 Usgurlcs

1924 5696 2013 5749 hic
2050 5694 2189 5748 idem
2226 5701 2309 5747 est
2345 5707 2466 5746 cum
2488 5690 2701 5761 Usgnre
2730 5693 2884 5760 bego,
2920 5690 3077 5760 cujus
3099 5705 3262 5758 supra
3289 5690 3493 5742 mentio

1927 5792 2006 5855 tit,
2043 5794 2167 5841 ante
2194 5786 2441 5855 praelium
2512 5782 2856 5841 Cosovanum
2893 5782 3217 5843 secundum,
3256 5782 3359 5835 sub
3394 5795 3493 5834 an-

3099 5874 3171 5934 ‘27

168 5721 419 5794 gliuin
482 5714 675 5775 secuti,
737 5708 1188 5764 lachoschitzium
1252 5704 1508 5765 diximus,
1578 5714 1702 5754 eum
1765 5698 1819 5750 in

170 5790 364 5884 ipso
428 5806 721 5861 Annalium
774 5801 1065 5867 archetypo
1124 5794 1449 5866 lachsoglim
1523 5790 1813 5848 nominari.

581 5904 852 5961 Pnnon.
900 5897 1011 5955 Gn.
1062 5889 1261 5951 CLIX.
