4198 6426
714 432 820 496 813

1908 424 2099 487 ,JOAN
2112 425 2240 485 NIS
2281 421 2683 485 LEUNCLAV
2698 420 2750 479 ΙΙ

3875 412 3976 471 8H

717 565 844 603 num
880 547 1255 602 Christianum
1292 545 1446 600 IMS.
1483 544 1721 608 Tertius,
1746 544 1949 597 Dautlis
1980 542 2081 597 fuit
2107 544 2281 598 bassm
2313 551 2354 605 Α
2386 542 2644 603 Wollius,
2705 538 2906 594 alicubi
2942 553 3041 605 pro
3088 537 3383 591 eversione
3443 532 3776 602 Scopiorum
3843 532 3979 581 dixit

719 642 887 703 Illius,
922 640 1114 710 dequo
1147 639 1333 693 Daude
1363 639 1523 706 paulo
1556 646 1683 691 ante
1700 637 1931 702 dictum,
1956 637 2137 702 capite
2161 635 2287 688 165.

724 733 991 784 (Ta-terum
1029 730 1206 784 obiter
1239 730 1341 783 hoc
1365 743 1584 799 quoque
1621 726 1945 789 notandum,
1974 725 2292 780 necessario

716 823 886 876 fuisse
913 823 1052 877 duos
1088 820 1487 877 Usuntchasaui
1516 820 1659 874 lilios
1715 818 1958 889 Jacupcs
1992 836 2006 873 :
2050 832 2289 887 quorum

714 917 849 969 alter
888 916 1142 985 Bajazitis
1204 930 1444 982 uenena
1506 912 1822 968 Mamelucis
1882 927 2058 966 caesus
2119 910 2292 964 fuisse

717 1020 974 1060 narratur
1001 1025 1017 1071 ς
1049 1009 1189 1060 alter
1216 1008 1268 1061 in
1302 1022 1467 1077 regno
1527 1007 1664 1075 patri
1697 1004 1991 1069 successit,
2026 1013 2086 1057 ut
2114 1018 2284 1073 appa-

715 1101 851 1153 rt-hit
875 1117 936 1153 ex
981 1100 1046 1153 iis
1072 1117 1191 1169 qua:
1233 1101 1410 1168 capite
1437 1100 1537 1153 I88
1565 1111 1889 1170 sequentur.

857 1212 978 1265 167.
1028 1212 1268 1265 Larende
1302 1211 1661 1278 Caramania’,
1693 1213 1799 1267 sire
1842 1211 2112 1265 Larentia.

785 1329 915 1393 Quae
943 1338 1098 1396 capta
1128 1328 1229 1381 fuit
1260 1344 1287 1380 a
1315 1327 1633 1383 Mamelucis
1659 1328 1924 1393 Larende,
1951 1329 2293 1383 Cbalcocon-

715 1422 824 1492 dyli
856 1419 1102 1474 Laranda
1138 1421 1416 1485 set-ibitur,
1458 1436 1581 1475 cum
1639 1422 1736 1483 ait,
1779 1420 2041 1475 Μαι-πιθα]
2093 1437 2291 1476 secun-

716 1519 841 1569 dum
882 1516 1023 1569 bello
1051 1516 1276 1586 petiisse
1332 1516 1699 1569 Caramanum
1741 1513 2064 1578 Aliderium,
2118 1514 2293 1569 Cariae

715 1613 930 1670 ducent,
963 1607 1125 1677 cujus
1166 1609 1287 1664 duae
1322 1618 1452 1662 sunt
1480 1610 1669 1671 urbes,
1721 1608 1970 1661 Laranda
2021 1617 2075 1661 et
2118 1607 2293 1660 Τοθο-

714 1705 921 1758 ueium.
962 1717 1059 1771 pro
1088 1716 1197 1770 quo
1238 1701 1486 1755 Iconium
1540 1701 1919 1768 reponendum
1974 1701 2291 1755 docuimus.
2360 1728 2367 1739 ι

716 1792 823 1847 Leo
857 1794 1083 1864 Sapiens
1110 1796 1393 1866 Augustus
1423 1797 1476 1850 itt
1500 1794 1722 1851 Novella
1764 1796 1833 1851 de
1859 1795 2123 1859 Thronis,
2189 1794 2292 1849 La-

2393 650 2615 691 eversas
2645 632 2921 703 speculas.
2964 630 3392 686 Recentioribus
3429 625 3762 698 geOgraphis
3816 622 3977 689 Scopi

2395 725 2679 781 scribitur.
2715 722 3001 777 Manastiri
3057 722 3285 776 nomine
3334 734 3444 774 non
3493 719 3585 772 hic
3649 714 3979 783 intelligitur

2396 820 2551 873 locus
2583 818 2696 880 ille,
2730 818 2798 871 de
2822 831 2934 886 quo
2970 830 3133 883 supra
3172 814 3388 869 dictum
3425 811 3605 882 capite
3622 810 3714 871 Ην,
3748 809 3898 862 situs
3929 806 3977 858 in

2394 912 2653 969 conﬁniis
2708 910 2980 971 Thraciae.
3043 907 3470 975 Thessaliaeque,
3543 902 3640 960 sed
3702 907 3980 953 monaste-

2397 1008 2540 1061 rium
2595 1005 2886 1071 pcnitioris
2930 1001 3289 1065 Macedoniae,
3344 1012 3543 1053 versus
3602 994 3834 1065 Epirum
3900 992 3979 1043 vel

2398 1099 2713 1160 Albaniam,
2746 1099 2891 1167 quod
2936 1094 3205 1149 moneslir
3238 1109 3265 1144 a
3325 1089 3585 1144 Castaldo
3643 1087 3974 1156 appellatur.

2397 1192 2575 1257 Huius
2593 1191 2647 1243 in
2673 1188 2959 1243 Albaniam
2978 1184 3348 1255 expeditionis
3393 1181 3702 1252 Bajaziticae
3730 1177 3978 1231 meminit

2395 1292 2452 1336 et
2485 1280 2794 1344 Bonliuius,
2826 1279 2918 1348 qui
2945 1277 3082 1332 dicit
3104 1291 3228 1331 eum
3262 1272 3567 1345 profectum
3598 1282 3799 1326 contra
3831 1285 3980 1322 nion-

2398 1383 2557 1428 tanos
2587 1372 3118 1437 Albanenses,quos
3185 1365 3585 1436 Spanduginus
3644 1361 3979 1415 Citnariotas

2396 1467 2558 1531 dixit,
2596 1468 2662 1518 ah
2690 1465 2892 1533 oppido
2927 1473 3220 1532 menteque
3254 1462 3536 1524 Chimara,
3575 1460 3640 1513 de
3673 1471 3787 1526 quo
3826 1456 3979 1509 deiu-

2396 1571 2525 1626 ceps
2561 1556 2728 1610 latius
2759 1556 2812 1607 in
2841 1555 2947 1606 vita
2978 1551 3187 1607 sultani
3225 1549 3588 1603 Soleimanis.

2397 1672 2519 1727 170.
2554 1673 2820 1726 Baiazites
2839 1687 2869 1724 a
2902 1670 3156 1725 monacho
3204 1666 3427 1721 Turcico
3456 1681 3599 1733 pwne
3620 1663 3723 1733 fuit
3752 1664 3975 1717 occisus.

2466 1789 2621 1856 Quod
2660 1789 2749 1843 hic
2779 1788 2847 1843 de
2874 1788 3117 1858 periculo
3143 1784 3403 1854 llajazitis
3428 1827 3443 1850 ,
3496 1782 3895 1853 propemodum
3953 1794 3979 1832 a

717 1884 1011 1938 randarum
1046 1887 1147 1953 (sic
1178 1886 1321 1940 enim
1386 1897 1545 1941 vocat
1609 1902 1840 1941 numero
1900 1885 2293 1955 multitudinis)
2327 1924 2370 1984 Β
2399 1880 2641 1935 dervisio
2678 1880 2914 1950 quodam
2941 1881 3055 1933 sive
3105 1878 3376 1932 monacho
3407 1875 3643 1930 Turcico
3679 1871 3974 1945 interfecti,

715 1978 1091 2048 episcopatum
1124 1995 1228 2033 non
1273 1979 1325 2033 in
1375 1979 1535 2034 Caria
1577 1980 1949 2044 collocat,sed
1983 1980 2035 2034 itt
2085 1978 2292 2051 Lycao-

718 2071 955 2137 nia,sub
998 2074 1418 2143 metropolitano
1464 2073 1763 2136 Iconieusi,
1829 2074 1972 2142 quod
2035 2072 2289 2149 equidem

717 2166 894 2234 magis
923 2166 1118 2235 probo.
1152 2167 1304 2221 Nunc
1361 2182 1579 2236 quoque
1638 2166 1893 2221 Laranda
1952 2168 2290 2231 nominatur,

714 2264 763 2307 et
794 2256 844 2309 in
867 2255 1089 2311 Natalia:
1115 2258 1293 2311 tabula
1320 2273 1427 2311 non
1454 2258 1640 2327 procul
1672 2270 1701 2311 a
1724 2258 1907 2328 Cogita
1932 2258 2289 2327 conspicitur,

717 2349 1128 2403 inCaramania:
1165 2351 1283 2405 sive
1342 2352 1545 2406 Cilicize
1580 2351 2017 2406 mediterraneis.
2045 2351 2117 2405 De
2179 2344 2293 2405 Gu-

719 2440 976 2507 mulzina,
1002 2458 1121 2511 cap.
1149 2442 1240 2506 43,
1278 2443 1345 2496 de
1376 2441 1575 2513 Ypsala
1606 2445 1696 2511 51,
1725 2444 1953 2500 dictum.

718 2555 837 2611 168.
875 2556 992 2611 Pax
1040 2558 1180 2612 inter
1227 2557 1523 2613 sultaninos
1588 2568 1638 2613 et
1677 2558 2020 2627 Osmanidas,
2049 2558 2293 2616 Matt/lia:

1217 2630 1353 2698 regis
1395 2627 1598 2699 Ungari
1631 2646 1793 2684 morr.

784 2741 938 2806 Quod
961 2740 1209 2797 sultauus
1229 2742 1561 2797 Alcaircusis
1591 2741 1645 2795 in
1676 2744 2052 2798 transactione
2078 2744 2292 2812 Bajazi-

717 2835 755 2887 ti
801 2834 1031 2889 Tarsum
1065 2844 1116 2888 et
1148 2834 1336 2888 Adana
1365 2833 1676 2888 restituisse
1705 2834 1928 2901 dicitur,
1949 2839 2134 2892 verius
2166 2852 2293 2894 esse

718 2937 868 2993 puto,
912 2942 1073 2996 quam
1104 2928 1250 2997 quod
1292 2925 1592 2983 Malatestze
1652 2928 1982 2982 secretarius
2002 2929 2101 2995 ait,
2134 2929 2295 2998 Baja-

719 3021 879 3073 zitctn
911 3019 1137 3074 Sultlano
1176 3018 1363 3073 Adanu
1392 3018 1736 3091 Tarsumqun
1800 3020 2122 3077 reddidisse.
2156 3022 2291 3076 Nam

720 3113 832 3165 lucc
856 3111 1055 3180 oppida
1088 3112 1301 3166 Cilicia:
1348 3119 1500 3175 sunt,
1534 3111 1649 3166 sive
1703 3112 2061 3178 Caralitani-te,
2129 3130 2289 3184 quam

720 3204 1208 3259 Caramanidarum
1278 3206 1551 3260 exstincta
1617 3204 1825 3259 familia
1868 3205 2165 3277 Bajazites,
2237 3219 2295 3264 ut

719 3307 878 3352 antea
906 3298 1135 3363 dictum,
1165 3298 1267 3352 sibi
1300 3297 1711 3354 vindicaverat.
1748 3298 2069 3355 Postremos
2121 3301 2289 3355 etiam
2318 3300 2362 3358 C

719 3390 1025 3445 sultaninos
1053 3390 1241 3444 Adana
1271 3392 1509 3460 cepisse,
1537 3391 1699 3460 paulo
1733 3402 1861 3447 ante
1893 3393 2145 3463 legimus.
2179 3393 2291 3447 Ita-

717 3498 825 3553 que
856 3482 1067 3537 reddita
1106 3483 1292 3553 potius
1331 3483 1399 3536 ab
1432 3484 1517 3538 his
1556 3484 1751 3539 civitas
1790 3483 2012 3554 Bajaziti
2044 3485 2168 3551 fuit,
2198 3485 2293 3556 qui

708 3590 841 3631 eam
868 3590 990 3628 cum
1042 3572 1235 3640 Tarso,
1287 3590 1385 3630 ceu
1416 3574 1760 3632 Caramanire
1794 3578 2059 3639 membra.
2092 3590 2296 3648 repete-

718 3671 828 3725 bat.
857 3669 1086 3725 Nomine
1104 3671 1298 3725 deinde
1324 3671 1520 3724 mortui
1551 3672 1691 3739 regis
1726 3668 1996 3740 Ungarize,
2027 3670 2294 3727 lliatthias

722 3764 1069 3833 intelligitur.
1096 3762 1327 3817 Joannis
1392 3763 1664 3817 Huniadis
1696 3764 1843 3818 ﬁlius
1881 3781 1896 3818 :
1957 3765 2294 3821 successoris

719 3864 922 3922 autem,
964 3855 1270 3911 Vladisiaus
1296 3854 1562 3921 Polonus,
1626 3854 1883 3911 Casimiri
1940 3854 2296 3927 Jagcllouide

720 3950 1046 4003 Polouorum
1091 3949 1232 4017 regis
1266 3947 1429 4013 illius,
1456 3958 1608 4017 pater
1643 3949 1764 4017 ejus
1802 3949 2070 4005 Ludovici
2125 3951 2291 4020 regis,

719 4042 812 4109 qui
847 4042 911 4094 ad
938 4039 1264 4094 Mohatzium
1294 4056 1471 4095 caesus
1504 4056 1533 4094 a
1564 4040 1785 4097 sultano
1834 4042 2288 4114 Soleimane,ju-

721 4136 872 4189 venis
899 4134 1195 4214 admodum
1229 4137 1415 4204 periit.

726 4247 843 4303 l69.
870 4247 1137 4315 Bajazites
1165 4245 1456 4321 Ungariunt
1483 4265 1586 4321 non
1615 4251 1774 4304 audet
1793 4251 2018 4321 ingredi,
2044 4248 2295 4318 Uscopia,

1195 4318 1488 4382 Manastir,
1533 4320 1800 4375 Monastir.

792 4432 917 4486 ΙΙωο
946 4432 1013 4487 de
1040 4446 1179 4487 vano
1199 4432 1450 4500 Bajazitis
1478 4444 1674 4486 conatu
1708 4432 2025 4488 invadendae
2052 4434 2299 4504 L'ngaritc

723 4535 907 4578 narrat
929 4525 1094 4579 etiam
1120 4525 1424 4590 Bonhnius,
1473 4535 1527 4579 et
1567 4526 1836 4580 accidisse
1864 4529 2032 4582 refert
2061 4546 2089 4581 a
2129 4541 2300 4582 morte

2401 1984 2677 2039 narratur,
2714 1974 2828 2029 fere
2876 1974 3102 2028 totidem
3156 1972 3337 2027 verbis
3364 1986 3393 2025 a
3424 1969 3786 2041 Spandugino
3844 1982 3971 2036 quo-

2402 2085 2508 2140 que
2535 2069 2815 2125 memoriae
2850 2069 3122 2139 proditum
3175 2067 3396 2137 legitur,
3452 2080 3575 2135 qua:
3622 2065 3973 2131 interpretari

2404 2161 2574 2226 lubet,
2604 2168 2664 2216 ut
2693 2160 3057 2232 expositionis
3113 2172 3425 2214 consensus
3462 2164 3748 2226 appareat.
3784 2154 3974 2209 Torla-

2401 2269 2515 2319 ces,
2548 2256 2643 2320 ait,
2675 2254 2894 2325 quidam
2926 2252 3293 2323 inlhjazitem
3321 2251 3502 2313 irruit,
3545 2249 3819 2305 simulans
3840 2246 3975 2300 elee-

2401 2362 2686 2417 mosynam
2720 2348 2788 2404 ab
2827 2362 2893 2402 eo
2921 2362 2980 2402 se
3012 2359 3218 2416 petere.
3255 2341 3439 2399 Solent
3474 2351 3660 2396 autem
3715 2342 3860 2395 hanc
3887 2340 3973 2393 Dei

2402 2442 2621 2497 nomine
2650 2448 2917 2510 petentes,
2946 2435 3272 2491 Allahitschi
3305 2434 3508 2489 dicere.
3533 2433 3668 2488 Cum
3702 2434 3975 2488 acinacem

2400 2533 2738 2596 strinxisset,
2791 2544 2953 2600 quem
3012 2528 3115 2583 Sub
3184 2527 3329 2580 Iiltre
3385 2521 3657 2594 gestabat,
3716 2518 3981 2575 exterruit

2401 2624 2745 2694 equum,cui
2780 2619 3047 2690 Bajazites
3104 2618 3404 2674 insidebat.
3462 2614 3703 2684 Ideoque
3758 2612 3981 2666 cedente

2401 2726 2547 2772 retro
2578 2716 2830 2787 Bajazitis
2875 2730 3040 2784 equo,
3098 2712 3348 2767 nonnihil
3412 2709 3650 2765 evitatns
3690 2706 3795 2761 l’uit
3848 2705 3982 2759 ictus

2401 2810 2640 2866 hominis
2667 2809 2830 2882 462
2863 2827 2876 2864 :
2907 2823 2970 2864 ac
3023 2808 3198 2863 nihilo
3236 2817 3417 2861 tamen
3472 2805 3653 2858 minus
3714 2801 3980 2869 Bajazites

2400 2902 2599 2957 vulnus
2629 2902 2855 2971 accepit.
2893 2901 3031 2956 Tum
3058 2915 3188 2956 vere
3244 2902 3405 2955 bassa
3446 2898 3697 2969 quidam,
3731 2899 3825 2951 cui
3893 2911 3981 2950 nn-

2400 3012 2523 3051 men
2548 3004 2664 3051 erat
2693 2994 2994 3061 Schender,
3028 3010 3267 3051 massam
3315 2994 3572 3057 ferream,
3626 3008 3798 3062 quam
3862 2993 3983 3047 bus-

2400 3088 2674 3157 dogannm
2713 3096 2930 3152 vocant,
2979 3103 3045 3143 eo
3073 3103 3196 3143 cum
3260 3087 3464 3157 impetu
3514 3086 3683 3156 capiti
3744 3086 3979 3141 hominis

2401 3178 2645 3249 impegit,
2675 3189 2732 3233 ut
2758 3179 2948 3233 eranio
2983 3179 3282 3249 perfracto,
3332 3179 3620 3234 cerebrum
3679 3188 3978 3232 emanaret.

2399 3270 2715 3341 Indignatus
2738 3271 2899 3340 hujus
2925 3270 3186 3327 facinoris
3218 3285 3386 3326 causa
3455 3269 3730 3341 Bajazites
3758 3310 3776 3335 ,
3808 3271 3979 3327 edicto

2401 3364 2698 3432 proposito,
2728 3362 2989 3417 Ton-Iaces
3038 3363 3326 3418 universos
3361 3363 3711 3433 proscripsit,
3734 3371 3793 3418 et
3829 3375 3978 3418 extra

2397 3452 2935 3523 Constantinopolim
2951 3461 3005 3507 et
3032 3453 3249 3524 imperii
3278 3454 3516 3509 suilines
3553 3454 3740 3524 ejecit.
3794 3459 3975 3511 Anim-

2403 3544 2639 3598 advertit
2675 3545 2845 3597 lt-ctor
2872 3545 3063 3599 eadem
3090 3547 3328 3613 narrari,
3384 3548 3490 3603 nisi
3540 3550 3688 3619 quod
3740 3549 3979 3607 Annales

2400 3637 2573 3701 aiunt,
2604 3638 2899 3693 derrisium
2920 3640 3088 3703 hunc,
3112 3646 3167 3696 et
3190 3641 3551 3699 Calenderem
3580 3644 3780 3711 fuisse,
3814 3646 3980 3716 Span—

2399 3729 2660 3800 duginus,
2699 3730 2986 3787 Torlacem
3006 3773 3019 3798 ,
3042 3731 3317 3802 dequibus
3337 3734 3450 3806 jam
3479 3737 3776 3794 vocabulis
3804 3742 3976 3796 homi-

2399 3838 2551 3887 num,
2586 3824 2996 3892 superstitiosos
3025 3826 3296 3894 quosdam
3325 3828 3549 3886 ordines
3591 3831 3679 3886 vel
3729 3832 3976 3889 instituta

2399 3919 2723 3973 sectantium
2774 3920 2917 3989 apud
2978 3918 3213 3988 Turcos,
3255 3937 3420 3994 quam
3494 3923 3610 3980 tieri
3655 3924 3979 3983 brevissime

2402 4012 2618 4081 poterit,
2656 4011 3062 4081 explicandum.

2400 4123 2521 4178 171.
2561 4123 2786 4201 ordines
2841 4128 3221 4201 utougchomm
3276 4146 3369 4183 seu
3433 4132 3813 4200 religiosorum
3858 4153 3977 4201 quo-

2469 4195 2712 4266 rumdam
2770 4199 2908 4263 apud
2961 4196 3213 4263 Turcos;
3262 4195 3568 4262 Dertiislar',
3606 4195 3978 4266 Celenderlar.

2474 4263 2877 4335 Huggiemallar
2948 4266 3266 4334 Torlaclar;
3308 4274 3829 4328 Muchemelesbuasa
3893 4263 3981 4331 Ve;

2472 4336 2761 4417 gratanter
2785 4354 2816 4389 a
2847 4338 3147 4393 Dervisluro
3196 4341 3406 4411 publice
3461 4343 3773 4410 confoditur
3802 4363 3822 4411 ;
3863 4352 3977 4417 quid

2475 4402 2658 4461 Turcis
2692 4407 2974 4462 Divanum.

2474 4521 2679 4577 Nomen
2723 4524 3120 4591 Dervisiorum,
3177 4543 3321 4596 quos
3376 4530 3480 4598 ipsi
3512 4546 3750 4587 numero
3806 4534 3979 4589 multi.

724 4618 957 4671 Matthia:
976 4617 1137 4686 regis,
1162 4616 1469 4672 Turcorum
1487 4620 1734 4683 terroris,
1763 4620 2099 4674 subinitium
2142 4620 2292 4689 regni
2331 4642 2379 4702 υ
2408 4616 2613 4671 tudinis
2642 4616 2917 4674 Dcrvislar
2945 4620 3241 4690 appellant.
3272 4636 3336 4675 (τι
3371 4622 3477 4676 hac
3511 4623 3629 4689 ipsa
3668 4629 3980 4681 narratione

728 4710 1005 4776 Vladislai,
1046 4727 1190 4766 anno
1247 4710 1563 4767 Christiano
1625 4714 1785 4769 ηυξ.
1844 4717 1915 4769 De
1971 4714 2296 4782 Scopiorum

724 4805 854 4856 urbe
887 4802 1136 4857 nonnihil
1189 4804 1470 4872 attigimus
1525 4819 1717 4873 supra,
1788 4815 2039 4859 notarum
2114 4807 2295 4876 capite

728 4897 844 4950 lOl.
876 4894 1033 4950 Videt
1063 4905 1241 4949 autem
1278 4897 1447 4951 lector
1465 4912 1527 4951 ex
1563 4896 1666 4952 hoc
1695 4898 1812 4966 ipso
1839 4899 2128 4953 Annalium
2153 4899 2295 4964 loco,

725 5000 868 5044 recte
902 5003 985 5041 me
1016 4989 1313 5052 monuisse,
1344 4989 1584 5043 diversas
1616 5005 1736 5045 esse
1766 5006 1923 5045 voces
1948 4991 2299 5061 oppidorum,

728 5082 985 5151 Sophiam
1004 5090 1055 5134 et
1079 5080 1295 5151 Scepia.
1320 5081 1452 5135 Nam
1475 5082 1621 5151 prior
1636 5082 1724 5137 hic
1742 5081 1941 5152 Sephia
1961 5085 2297 5149 nominatur,

726 5175 893 5228 altera
931 5186 1081 5228 more
1109 5172 1413 5228 Tui-corum
1443 5172 1701 5240 Uscopia.
1762 5175 1953 5229 Solent
1985 5177 2132 5231 enim
2196 5192 2294 5232 vo-

728 5261 938 5315 cabulis
972 5276 998 5314 a
1020 5263 1235 5329 gemina
1278 5273 1620 5318 consonante
1665 5264 2059 5334 incipientibus
2090 5282 2302 5337 praepo-

730 5369 859 5408 nere
900 5356 981 5408 vel
1018 5352 1035 5405 Ι
1073 5355 1154 5407 vel
1190 5353 1232 5407 V
1267 5354 1556 5419 Gallicum,
1625 5367 1685 5409 ιιι
1719 5357 1848 5413 alibi
1874 5374 2097 5430 quoque
2147 5372 2300 5415 nota-

728 5449 926 5502 vimus.
955 5448 1226 5501 Laouicus
1258 5448 1449 5517 Seopia
1484 5450 1717 5503 collocat
1747 5450 1800 5503 in
1836 5450 2173 5515 Macedonia,
2206 5452 2290 5504 l'a-

730 5541 917 5610 citque
948 5540 1149 5608 regiam
1169 5540 1332 5609 prisci
1355 5540 1817 5611 rcguiBulgarici,
1852 5544 2002 5612 quod
2037 5545 2088 5596 in
2124 5545 2299 5613 ipsam

734 5632 1039 5700 pertinebat
1066 5632 1171 5686 late
1194 5631 1564 5687 Macedoniam
1602 5641 1656 5688 et
1722 5634 1946 5704 Epirum
1989 5652 2003 5688 :
2069 5636 2303 5707 ideoque

729 5726 999 5780 Ccdrinus
1031 5725 1191 5779 etiam
1227 5724 1425 5794 Scupia
1489 5727 1888 5795 (reponendum
1928 5727 2149 5797 Scopia)
2186 5743 2303 5782 me-

734 5818 985 5886 tropolim
1021 5816 1284 5884 Bulgaria:
1317 5818 1583 5874 nominat.
1624 5820 1869 5874 Disertus
1901 5820 2175 5889 interpres
2209 5821 2306 5875 ali-

730 5921 863 5982 quot
887 5912 1273 5967 historicorum
1301 5910 1523 5968 Grtecize
1572 5916 1813 5969 recentia
1827 5932 1892 5979 tu,
1927 5913 2296 5984 Hieronymus

2405 4716 2722 4763 nostrorum
2750 4711 3033 4765 annalium
3097 4712 3431 4783 perspicitur
3467 4730 3593 4769 esse
3630 4719 3797 4781 quasi
3824 4733 3979 4787 gene-

2406 4801 2562 4855 rale:
2602 4803 2749 4871 quod
2782 4803 2997 4858 scilicet
3043 4804 3268 4859 ordines
3297 4816 3350 4859 et
3385 4816 3551 4861 secta:
3591 4808 3978 4875 religiosorum

2406 4903 2620 4949 czetcrae
2644 4896 3207 4964 comprehendantur,
3240 4898 3382 4953 sicut
3417 4901 3556 4967 apud
3590 4915 3693 4955 nos
3735 4902 3795 4956 in
3823 4918 3981 4973 gene-

2406 5001 2463 5038 re
2501 4987 2752 5043 monachi
2780 4987 3059 5051 dicuntur,
3097 4992 3188 5059 qui
3223 5000 3401 5044 tamen
3440 4992 3580 5045 inter
3609 5006 3670 5047 se
3740 4993 3977 5049 diversis

2404 5080 2651 5134 instincti
2685 5089 2814 5135 sunt
2863 5082 3171 5138 ordinibus.
3241 5084 3448 5137 Vocant
3505 5096 3687 5138 autem
3739 5086 3979 5141 Annales

2404 5172 2550 5226 httnc
2583 5173 2743 5227 initio
2774 5173 3107 5241 Derrisium,
3144 5174 3437 5245 statimque
3499 5176 3834 5244 subjiciunt,
3864 5196 3979 5231 eum

2406 5264 2576 5320 fuisse
2611 5274 2940 5320 sectatorem
2983 5267 3216 5321 instituti
3238 5268 3319 5321 vel
3339 5268 3550 5323 ordinis
3585 5268 3982 5331 Calenderum,

2406 5367 2460 5412 et
2484 5357 2736 5421 auribus,
2776 5358 2939 5422 collo,
2964 5358 3204 5413 brachiis
3234 5374 3506 5428 appensos
3572 5372 3831 5427 gestasse
3886 5360 3982 5413 Ier-

2410 5464 2531 5503 reos
2563 5450 2816 5503 annulos.
2854 5448 2906 5502 Id
2939 5450 2991 5502 in
3039 5464 3190 5504 more
3223 5448 3585 5505 Calendernm
3618 5450 3807 5504 ordini
3866 5464 3983 5505 esse

2407 5556 2530 5594 mox
2563 5540 2865 5609 apparebit.
2893 5541 2995 5606 Qui
3028 5555 3157 5593 vero
3181 5542 3518 5611 eeetetoquin
3581 5542 3723 5611 apud
3771 5543 3985 5598 'I‘urcos

2407 5634 2687 5688 Dcrvislar
2710 5633 3079 5702 appellantur,
3117 5634 3297 5689 nullos
3344 5636 3400 5689 in
3434 5635 3616 5705 sapite
3646 5635 3818 5703 pilos,
3869 5638 3988 5689 nul-

2409 5729 2487 5783 las
2508 5743 2693 5783 comas
2726 5729 2949 5793 habent,
2986 5728 3189 5799 uhique
3236 5728 3399 5785 touti.
3436 5730 3885 5799 Correpiciuutur
3939 5732 3986 5782 in

2405 5835 2594 5874 eorum
2657 5818 2934 5873 frontibus
2990 5828 3044 5873 et
3141 5830 3480 5890 temporaria
3540 5823 3848 5885 caesoria,
3911 5824 3987 5873 rei

2406 5914 2577 5985 ignito
2603 5912 2769 5980 ferro,
2804 5912 2890 5968 vel
2919 5927 3148 5970 accensa
3177 5914 3352 5986 spnng‘
3453 5913 3539 5970 vd
3602 5916 3752 5970 L'nea
3815 5915 3983 5970 fascia
