4198 6426
186 381 282 442 849

1309 386 1706 447 PANDECTE
1742 389 1790 446 ll
1806 387 1941 447 lS'l‘.
1974 386 2283 446 TURCIC.

3337 387 3442 449 850

188 502 301 579 173".
343 500 529 554 Clades
574 505 951 579 Ungarorum:
984 509 1046 560 ab
1080 507 1283 579 .Iacupe
1320 511 1432 579 Ago
1484 525 1757 571 caesorum,
1790 512 1834 568 Α
1862 520 2024 575 quam
2060 506 2212 559 illum
2244 505 2523 574 signorum
2584 505 2925 574 militumque
2976 516 3285 565 numerum,
3345 500 3437 566 qui

253 570 604 645 Frangepani,
632 570 890 645 A'galarii,
911 577 1067 631 Turci
1089 570 1299 634 Grauios
1334 570 1388 633 oi
1422 580 1598 633 multis
1639 570 1755 632 imi?

252 644 380 717 tati;
416 656 619 717 sceptra
678 644 780 701 sive
823 649 998 701 baculi
1056 650 1379 717 Grecorum,
1445 650 1754 717 Druncarii,

254 712 468 779 Dranci,
514 714 727 784 Banda,
762 717 1114 789 Bandophori.

251 854 474 924 Jacupis
510 856 635 926 Age
662 870 862 912 nomen
886 857 942 912 in
986 858 1213 914 historia
1263 860 1495 915 Bonfinii
1543 861 1757 917 deside-

190 956 358 1000 ratur.
395 946 555 1001 Jovio
583 947 791 1003 Cadum
851 950 1010 1005 bassa
1060 951 1283 1005 dicitur.
1349 953 1490 1005 Idem
1559 969 1754 1009 nomen

189 1040 346 1095 habet
372 1041 728 1113 Wolfgangus
764 1044 1073 1099 Dreslerus.
1118 1042 1315 1098 Verum
1381 1044 1484 1100 hoc
1534 1045 1581 1099 ei
1645 1061 1754 1099 non

186 1146 305 1188 erat
335 1137 636 1204 proprium,
667 1137 762 1191 sed
797 1140 864 1191 ab
912 1139 1197 1193 accidente
1242 1139 1496 1204 inditum,
1558 1141 1759 1209 quippe

186 1229 430 1282 Cbadum
465 1230 546 1284 vel
575 1228 782 1285 Hadum
807 1232 1080 1300 significat
1106 1234 1400 1294 eviratum,
1446 1234 1534 1288 cui
1589 1243 1759 1290 testes

185 1323 387 1375 scilicet
442 1322 669 1377 exsecti.
730 1317 867 1377 llu'ic
947 1322 1289 1392 Ungarorum
1341 1325 1480 1379 cladi
1537 1341 1758 1381 causam

185 1414 410 1481 praebuit
434 1412 672 1469 Joannes
703 1414 1110 1485 Frangepanns,
1145 1433 1209 1471 ex
1248 1418 1454 1474 illustri
1477 1428 1532 1474 et
1576 1419 1760 1475 Romae

186 1505 463 1571 quondam
541 1505 688 1559 clara
762 1505 1249 1576 Frangepanorum
1306 1509 1513 1565 familia
1576 1518 1759 1573 natus,

186 1596 384 1657 quibus
420 1597 473 1649 in
530 1597 809 1676 Croatiam
865 1597 1298 1668 Dalmatiamque
1353 1603 1761 1672 commigranti-

189 1687 287 1740 bus
319 1688 505 1741 datum
535 1688 640 1751 hoc
696 1698 815 1744 erat
844 1689 913 1744 ab
975 1691 1169 1746 incolis
1216 1707 1438 1758 nomen,
1496 1703 1555 1748 ut
1586 1695 1763 1751 Franc

185 1779 315 1834 Pani
343 1781 684 1847 dicerentur,
713 1783 818 1837 hoc
852 1792 957 1847 est,
993 1784 1199 1839 domini
1227 1785 1448 1841 Franci.
1479 1785 1763 1843 Defecerat

1862 597 1930 651 ad
1956 599 2400 652 constituendum
2473 598 2837 669 regimentum
2901 594 3228 664 requiritur.
3288 592 3437 644 Ideo-

1858 705 1965 760 que
1998 690 2246 745 Druucus
2281 701 2365 745 est
2399 691 2759 759 regimentqu
2794 690 3051 753 militum,
3089 685 3251 753 cujus
3276 690 3441 751 caput

1858 793 1942 838 est
1981 783 2338 850 Druncarius,
2396 784 2529 838 olim
2589 783 2889 847 Tribunus,
2934 796 3083 836 nunc
3131 777 3443 833 Colonellus

1859 887 1952 930 aut
1992 876 2277 947 regimenti
2311 876 2627 946 praafectus.
2679 874 3030 929 Conveniunt
3085 882 3139 927 et
3187 871 3292 924 alia
3343 868 3445 920 mi.

1862 967 1988 1021 Iitiae
2018 977 2220 1022 nostrae
2249 982 2372 1021 cum
2429 967 2536 1022 illis
2590 980 2712 1036 qua:
2754 965 2862 1019 Leo
2902 964 3071 1018 tradit
3120 962 3442 1030 imperator.

1864 1057 2088 1112 Vandon
2114 1058 2353 1127 appellat
2387 1060 2605 1126 signum
2640 1059 2887 1128 equitum
2940 1055 3023 1109 vel
3082 1055 3351 1123 peditum,
3387 1063 3447 1108 ut

1864 1149 2037 1203 nostri
2083 1150 2267 1204 Vanen
2314 1156 2369 1203 et
2428 1149 2690 1213 Vandlin,
2769 1156 2861 1201 aut
2899 1144 3146 1199 Vtendlin
3180 1158 3193 1194 :
3229 1141 3448 1195 Vanda-

1863 1240 2099 1309 phoron,
2126 1240 2219 1310 qui
2249 1239 2513 1294 vexillum
2571 1238 2747 1294 Vandi
2781 1245 2985 1309 gestat,
3023 1245 3079 1292 et
3117 1236 3321 1290 nostris
3361 1241 3450 1288 est

1865 1332 2163 1388 Vandrich.
2190 1333 2375 1399 Addit,
2400 1333 2652 1389 Vandum
2696 1341 2953 1389 constare
2985 1328 3268 1401 jmilitibus
3316 1327 3444 1391 500,

1862 1433 1955 1479 aut
1984 1425 2167 1480 saltim
2226 1442 2333 1479 non
2370 1427 2757 1495 paucioribus,
2811 1440 2974 1493 quam
3028 1422 3155 1488 200,
3188 1437 3286 1476 nec
3332 1421 3449 1490 pitt-

1865 1518 2039 1583 ribus,
2070 1533 2233 1587 quam
2261 1517 2388 1572 400.
2422 1519 2512 1572 Sic
2542 1529 2594 1572 et
2626 1518 2909 1571 Druucum
2939 1517 3053 1571 sive
3073 1516 3439 1586 regimentum

1866 1612 2073 1665 habere
2105 1613 2216 1665 vult
2239 1628 2346 1665 non
2400 1612 2694 1679 pauciores
2726 1609 2896 1674 mille,
2930 1624 3037 1661 non
3060 1608 3242 1677 plures
3270 1604 3449 1659 tribus

1866 1700 2129 1757 millibus.
2172 1700 2506 1758 Caeterorum
2543 1701 2689 1772 apud
2736 1700 2979 1755 Leonem
3045 1698 3265 1753 collatio
3323 1710 3453 1751 cum

1868 1793 2094 1855 nostris.
2121 1794 2351 1849 alterius
2383 1793 2489 1849 loci
2509 1792 2697 1859 fuerit,
2736 1806 2801 1846 ac
2836 1789 3088 1845 fortassis
3111 1790 3164 1843 in
3207 1789 3312 1842 hoc
3358 1802 3451 1857 ge-

182 1884 361 1927 autem
388 1874 777 1944 Frangepanus
814 1884 941 1946 post
967 1876 1209 1933 Matthiae
1269 1881 1415 1949 regis
1442 1881 1677 1944 obitum.
1728 1896 1757 1937 a
1792 1888 1833 1943 Β
1862 1903 1993 1943 nere
2018 1887 2269 1942 nonnihil
2309 1886 2602 1957 aliquando
2654 1884 2949 1940 molientur
2978 1924 2991 1948 ,
3024 1898 3149 1937 cum
3206 1881 3445 1951 aliquam

183 1982 305 2033 rege
329 1965 603 2022 Vladislao
634 1977 688 2023 et
716 1969 855 2024 duce
914 1967 1127 2026 Joanne
1203 1972 1464 2039 Corvino,
1517 1973 1757 2030 Matthiae

181 2058 325 2127 regis
358 2058 473 2115 ﬁlio
499 2062 800 2132 notbo,qui
834 2064 902 2118 ad
930 2063 1163 2120 Jaitzam
1202 2066 1385 2123 Banus
1423 2083 1614 2123 earum
1672 2084 1759 2125 re-

181 2152 403 2217 gionum
439 2162 578 2209 erat.
611 2155 854 2227 Cumque
891 2159 943 2213 in
976 2174 1103 2215 arce
1155 2161 1348 2217 Brevia
1378 2179 1476 2219 ceu
1541 2166 1757 2221 rebellis

180 2242 551 2311 obsideretur,
581 2249 817 2315 proximi
851 2250 1028 2307 bassaa
1049 2255 1317 2310 auxilium
1344 2256 1751 2327 imploraverat.

181 2334 466 2401 Ingressus
484 2350 569 2393 est
592 2337 847 2410 Ungaria
884 2342 1019 2399 lines
1042 2343 1274 2415 Jacupes
1298 2362 1397 2417 aga
1455 2363 1579 2403 cum
1628 2361 1756 2405 octo

184 2429 265 2481 vel
303 2445 497 2484 novem
527 2432 768 2489 millibus
798 2437 1064 2504 equitum,
1101 2440 1177 2492 uti
1198 2438 1476 2494 Bonliuius
1509 2441 1751 2512 scripsit.

179 2518 415 2585 Agarum
451 2523 531 2575 vel
570 2523 955 2592 Agalariorum
1020 2544 1218 2583 nomen
1269 2533 1410 2598 apud
1463 2531 1670 2588 TIII'CUS
1724 2548 1752 2587 a

182 2610 381 2664 baculo
412 2613 705 2671 deductum
751 2628 851 2683 est,
914 2620 1007 2688 qui
1032 2622 1241 2676 scilicet
1286 2626 1638 2693 magistratus
1674 2636 1756 2682 est

178 2708 525 2777 symbolum,
562 2711 706 2766 sicut
770 2715 935 2767 etiam
999 2726 1124 2771 ante
1180 2716 1390 2771 Turcos
1440 2720 1751 2772 Grarcorum

180 2806 575 2868 imperatorum
657 2806 921 2861 ofﬁciales
988 2823 1087 2862 sua
1156 2809 1404 2878 quaedam
1469 2812 1753 2881 gestabant

172 2901 558 2965 sceptra.qu:e
590 2898 719 2952 nihil
770 2910 927 2954 erant
978 2904 1125 2956 aliud
1188 2920 1352 2974 quam
1417 2906 1615 2960 baculi.
1686 2908 1753 2961 Et

177 2986 401 3050 quidem
440 2988 493 3042 in
544 3006 695 3046 more
744 2994 951 3050 Graecis
1000 3006 1139 3059 erat,
1194 3008 1253 3051 ut
1310 2999 1523 3066 quoties
1580 3014 1751 3056 novus

181 3078 335 3131 tieret
364 3079 682 3149 imperator.
714 3100 907 3141 omnes
942 3088 1206 3143 officiales
1239 3100 1449 3159 sceptra
1504 3107 1600 3147 seu
1658 3094 1749 3147 ba-

175 3172 337 3226 culos
363 3188 493 3229 suos
513 3174 868 3243 deponerent,
906 3195 1005 3235 nec
1041 3184 1145 3237 nisi
1190 3181 1415 3250 iubente
1449 3202 1588 3239 novo
1650 3187 1748 3239 im-

175 3270 435 3327 peratore
466 3242 810 3320 resumerent
847 3242 897 3321 in
955 3242 1333 3341 manusziquo
1388 3276 1491 3327 ritu
1542 3275 1748 3343 signift-
1778 3242 1821 3303 C

174 3353 433 3417 cabatur,
478 3372 570 3411 eos
612 3359 667 3412 in
716 3359 916 3414 ofllciis
949 3363 1068 3417 suis
1109 3364 1177 3418 ab
1238 3365 1359 3434 ipso
1413 3367 1747 3423 conﬁrmari.

174 3442 440 3498 Meminit
487 3447 608 3514 ejus
657 3452 829 3506 moris
880 3456 1113 3522 antiqui,
1170 3455 1457 3526 Symeonis
1504 3463 1750 3529 magistri

169 3532 488 3590 officiorum
512 3538 749 3594 Historia
775 3546 1169 3615 manuscripta,
1193 3549 1351 3618 cujus
1382 3550 1548 3605 verba
1592 3568 1753 3623 repe-

173 3624 290 3679 ries
315 3626 491 3693 capite
525 3627 648 3692 £99,
674 3630 1045 3687 meminerunt
1068 3642 1120 3689 et
1156 3636 1249 3691 alii
1278 3638 1499 3706 quidam
1530 3657 1543 3693 :
1595 3642 1751 3711 isque

172 3733 328 3771 nunc
348 3720 509 3774 etiam
535 3722 797 3777 retinetur
819 3739 847 3778 a
866 3723 1082 3791 Turcis,
1114 3744 1252 3796 quos
1281 3731 1588 3789 imitatores
1618 3750 1746 3790 esse

168 3806 515 3876 Graecorum,
547 3816 844 3879 praesertim
891 3817 945 3869 in
983 3819 1148 3873 rebus
1171 3820 1239 3874 ad
1271 3821 1486 3891 imperii
1513 3824 1745 3881 formam

169 3900 430 3969 ritusque
463 3904 706 3971 publicos
768 3914 1165 3980 spectantibus,
1210 3915 1322 3985 jam
1372 3935 1750 3989 smpenumero

166 3992 440 4083 diximus.
472 3993 796 4065 Quanquam
825 4002 919 4055 alii
951 4015 1165 4073 putant,
1203 4007 1272 4059 ab
1323 4008 1455 4079 ipsis
1489 4014 1749 4083 pleraque

165 4082 422 4150 profecta
462 4084 792 4144 Saracenis:
847 4093 938 4160 qui
966 4105 1089 4164 post
1138 4096 1504 4155 defectionem
1559 4119 1588 4157 a
1644 4082 1747 4158 fio-

165 4176 379 4241 manis,
445 4193 636 4234 eorum
694 4183 1051 4243 nihilominus
1120 4201 1226 4244 tam
1288 4194 1529 4260 civilem,
1585 4214 1745 4265 quam

164 4267 471 4321 militarem
504 4270 719 4340 imperii
748 4278 1201 4344 gubernationem
1249 4284 1456 4340 fuerint
1485 4291 1746 4346 aemulati.

160 4357 263 4411 Sic
308 4359 472 4426 igitur
495 4369 549 4415 et
578 4364 818 4433 Agalarii
869 4370 1001 4426 dicti
1035 4383 1163 4427 sunt
1191 4378 1260 4430 ab
1286 4393 1408 4447 aga.
1441 4382 1585 4450 quod
1651 4386 1748 4438 ba-

160 4451 361 4503 cu'u'n
399 4452 690 4521 significat.
766 4460 1025 4533 Adeoque
1092 4470 1315 4535 propius
1352 4481 1413 4524 ut
1462 4477 1745 4530 ostendam

1864 1994 1972 2034 non
2022 1978 2262 2049 antiquae
2337 1978 2609 2035 duntaxat
2655 1977 2869 2033 militia:
2923 1977 3203 2039 notitiam.
3255 1991 3447 2030 verum

1860 2070 2027 2127 etiam
2056 2070 2342 2140 praesentis
2378 2085 2537 2125 usum
2601 2070 2844 2127 assecuti
2893 2069 3203 2124 videamur.
3248 2066 3443 2122 Itidem

1860 2164 1926 2221 de
1960 2162 2122 2234 Viglze
2147 2164 2397 2233 Stolique
2422 2161 2637 2235 magnis
2687 2161 3008 2217 Druncariis
3058 2161 3216 2215 alibi.
3268 2158 3446 2215 Pluri-

1862 2272 2011 2311 mum
2038 2266 2187 2312 certe
2214 2255 2421 2311 faciunt
2448 2256 2564 2311 haec
2592 2255 2660 2310 ad
2705 2254 3068 2311 illustrandae
3129 2253 3444 2310 Graecorum

1859 2349 2196 2404 recentiores
2220 2349 2501 2404 historias.
2542 2347 2623 2402 Ad
2688 2346 3123 2403 Druncariorum
3181 2360 3315 2415 ergo
3371 2347 3447 2400 si-

1859 2440 2216 2495 militudinem
2250 2440 2443 2496 Turcis
2493 2450 2621 2495 sunt
2671 2439 2912 2508 Agalari.
2975 2440 3124 2493 velut
3185 2437 3439 2504 Tribuni,

1860 2544 1987 2601 puta
2017 2534 2249 2588 Girnizar
2276 2549 2398 2604 aga,
2440 2532 2712 2603 Cnpizilar
2774 2546 2901 2603 aga,
2961 2530 3272 2600 Spalioglan
3318 2546 3439 2600 aga,

1861 2625 2122 2678 Silichtar
2186 2625 2433 2695 aga:de
2493 2624 2696 2694 quibus
2764 2622 3025 2678 omnibus
3088 2624 3442 2678 convenienti

1860 2715 1980 2769 loco
2008 2717 2351 2771 tractabitur.

1861 2831 1980 2885 174.
2010 2829 2147 2885 Baui
2192 2847 2467 2902 regnorum
2496 2833 2637 2903 apud
2683 2830 2941 2903 Ungaros,
2967 2830 3267 2899 Clarobataz,
3304 2830 3442 2886 Clio-

2284 2914 2472 2970 ruata’,
2508 2904 2742 2959 Diremit
2769 2904 2905 2958 Ban.

1927 2993 2287 3050 Promisimus
2320 3010 2486 3065 supra
2537 2998 2717 3066 capite
2781 2996 3187 3068 septuagesimo
3238 2995 3438 3064 primo,

1854 3102 1957 3141 nos
1980 3086 2046 3141 de
2078 3086 2245 3143 Banis
2278 3097 2333 3143 et
2357 3087 2658 3143 Banatlbus
2700 3090 2751 3143 in
2786 3090 2970 3160 regnis
3016 3088 3271 3158 Ungariae
3338 3089 3438 3141 ad-

1847 3177 2056 3246 junctis
2084 3180 2807 3249 aliquiddicturosplenius.
2863 3182 2918 3235 ld
2992 3181 3162 3251 igitur
3218 3190 3279 3235 ut
3334 3182 3440 3235 hoc

1854 3282 2100 3339 praestem
2138 3274 2275 3338 loco,
2315 3289 2423 3343 quo
2454 3272 2584 3327 Baui
2622 3272 2879 3344 Ungarici
2925 3275 3128 3328 mentio
3190 3273 3269 3338 ﬁt,
3306 3273 3433 3327 dico

1855 3364 2063 3419 Banum
2098 3366 2239 3435 apud
2285 3365 2535 3436 Ungaros
2557 3366 2762 3428 vocari,
2817 3382 2925 3420 non
2984 3365 3434 3435 gubernatorem,

1853 3458 1934 3509 vel
1969 3460 2371 3511 locutntenente
2394 3474 2425 3509 tt
2494 3456 2896 3527 (τοποτηρητὴν
2930 3455 3159 3519 Grmcis,
3190 3468 3241 3511 et
3266 3457 3432 3525 ἐξαρο

1853 3567 1967 3620 χον,
1998 3550 2141 3604 unde
2164 3566 2362 3606 nomen
2396 3550 2759 3605 exarcborum
2796 3551 2966 3605 italiae
2999 3550 3433 3618 Ravennatinm)

1852 3643 1967 3697 sive
2003 3642 2257 3696 vicarium
2298 3643 2442 3711 regis
2488 3642 2541 3697 in
2579 3644 2697 3712 ipsa
2756 3642 3013 3713 Ungaria,
3054 3643 3149 3697 sed
3204 3641 3437 3708 alicujus

1854 3732 1918 3784 ad
1958 3730 2207 3799 Ungariaa
2240 3732 2383 3800 juris
2414 3732 2713 3801 spectantis
2742 3732 2892 3801 regni
2952 3730 3262 3801 praesidem.
3296 3730 3427 3784 Per-

1854 3824 2031 3877 tinent
2062 3838 2191 3877 vero
2218 3826 2411 3893 partim
2446 3823 2771 3891 antiquitus,
2806 3826 2999 3893 partim
3072 3823 3236 3876 etiam
3269 3838 3437 3887 nunc,

1853 3915 1966 3968 hzrc
1996 3915 2060 3967 ad
2099 3914 2389 3984 ngariam
2424 3928 2589 3983 regna
2622 3933 2636 3968 :
2672 3912 3225 3978 Dalmatia,Croatia,
3248 3912 3431 3968 Slavo-

1854 4006 2022 4073 nia(ii|
2057 4014 2161 4068 est,
2188 4002 2723 4075 lllyricum),‘_Ramia
2743 4003 2828 4059 vel
2855 4003 3024 4058 Rama
3055 4005 3187 4073 (quo
3210 4004 3444 4056 nomine

1853 4098 1906 4150 in
1968 4095 2310 4167 Ungarorum
2367 4111 2554 4164 regum
2597 4096 2770 4151 titulis
2830 4096 3152 4166 intelligitur
3208 4094 3437 4161 Bozina)

1857 4186 2065 4253 Servia,
2108 4188 2329 4242 Gallicia
2383 4187 2499 4242 sive
2544 4185 3189 4254 Valacbia,Lodomeria,
3234 4185 3438 4241 Coma-

1853 4281 1965 4343 nia,
1999 4279 2490 4348 Bulgaria.Praater
2522 4280 2621 4335 hos
2641 4279 2841 4350 Banos,
2863 4279 3069 4333 mentio
3106 4279 3164 4332 fit
3192 4278 3243 4332 in
3270 4278 3443 4333 histo-

1855 4373 1949 4427 riis
1978 4371 2301 4432 Banatuum,
2328 4372 2746 4436 Macboviensis,
2768 4382 2822 4427 et
2854 4372 3261 4437 Zeverinensis,
3280 4372 3440 4441 (Sui:-

1855 4467 2031 4521 rinum
2086 4467 2196 4538 jam
2253 4467 2416 4534 vulgo
2451 4476 2646 4520 vocant
2678 4466 2731 4520 in
2769 4464 3131 4535 Transalpina
3176 4463 3437 4519 Valacliia

160 4540 599 4635 εξῖιυίηιαάίηθηι
662 4549 963 4607 οηῖεἱοιλιιιη
1045 4558 1228 4622 palatii
1286 4572 1450 4631 atque
1535 4558 2449 4635 imperiiDpropterDanubiuin,
2485 4557 2747 4613 aSevero
2804 4557 3055 4626 Augusto
3106 4556 3433 4610 aediﬁcatum

158 4633 376 4697 Graeci,
404 4650 526 4691 cum
562 4638 756 4696 oiliciis
810 4658 981 4713 portas
1042 4647 1389 4716 Osmauicae,
1413 4654 1558 4717 dico,
1618 4657 1757 4711 Tur-

158 4726 564 4794 cisAgalarios
613 4747 735 4787 esse
784 4751 882 4789 sua
917 4738 1130 4805 lingua,
1193 4744 1285 4810 qui
1347 4744 1549 4801 Graecis
1598 4760 1754 4804 erant

159 4817 251 4867 vel
280 4816 699 4887 Druugarii,vel
737 4825 1023 4883 Druncarii
1080 4837 1289 4901 potius.
1334 4837 1441 4891 Eos
1489 4839 1597 4895 Leo
1657 4844 1755 4897 Sa-

156 4907 331 4996 piens
354 4907 634 4977 Augustus
675 4914 729 4968 in
761 4917 900 4971 libro
950 4935 1052 4973 suo
1086 4923 1247 4993 5.65
1284 4926 1359 4980 De
1410 4932 1754 4996 apparatibus

152 4994 380 5048 bellicis
414 4998 542 5051 olim
576 5001 755 5059 dictos
783 5006 950 5063 fuisse
991 5013 1158 5067 tradit
1192 4994 1574 5081 Cbiliarcltos.
1607 5024 1754 5090 quod

153 5094 443 5151 militibus
493 5096 640 5151 mille
672 5113 1012 5169 praessent;
1047 5117 1101 5160 ct
1157 5106 1459 5176 Druncum,
1515 5113 1753 5169 Cltiliar-

151 5192 358 5243 etiam.
421 5186 602 5243 Latini
675 5190 1019 5250 Cluiliarcltos
1066 5209 1264 5255 vocant
1330 5204 1599 5269 tribunos,
1658 5209 1749 5277 qui

149 5297 320 5336 nuttc
356 5282 620 5337 Colonelli
652 5295 800 5339 sunt.
834 5286 1110 5344 Druucum
1155 5294 1254 5360 (sic
1294 5299 1437 5350 enim
1508 5314 1751 5368 pronun-

147 5377 343 5429 tiabat
368 5378 692 5446 Zygomalas
735 5388 787 5433 et
844 5379 1209 5439 Druncarium
1242 5428 1256 5449 ,
1286 5405 1392 5443 non
1446 5392 1748 5462 Drungum,

145 5470 247 5521 vel
288 5467 850 5539 Drungarium,quod
884 5475 1043 5543 vulgo
1090 5477 1201 5530 ﬁeri
1240 5481 1401 5542 solet)
1458 5483 1534 5537 sic
1566 5487 1749 5554 appel-

143 5561 341 5611 latum
375 5560 611 5615 arbitror
637 5576 662 5613 a
691 5571 911 5625 trunco.
943 5567 1059 5621 sive
1088 5569 1307 5633 baculo,
1347 5573 1459 5627 sive
1487 5586 1743 5643 scoptro;
1779 5558 1787 5569 ⁸

144 5651 636 5716 quemadmodum
708 5656 977 5724 hodieque
1040 5661 1431 5731 rcgimentum‘
1484 5646 1773 5726 vocamus:

142 5754 272 5795 tam
326 5744 497 5805 ipsius
544 5745 772 5799 Tribuni
830 5748 1083 5803 baculum
1138 5754 1321 5819 (titom
1384 5758 1567 5809 dixere
1617 5768 1743 5825 puto

143 5835 452 5905 ltctnant),
493 5853 653 5906 quem
726 5854 822 5894 ceu
862 5844 1215 5913 magistratus
1284 5848 1492 5918 insigne
1544 5860 1755 5920 gestat,

1860 4652 2145 4723 oppidum)
2172 4662 2224 4707 et
2254 4652 2477 4717 Erdelii,
2532 4650 2782 4705 Turcicis
2852 4652 2907 4704 in
2963 4650 3251 4715 historiis;
3312 4665 3437 4717 qua:

1858 4743 2117 4798 Joannem
2146 4745 2211 4799 de
2252 4743 2494 4813 Zapolia,
2562 4744 2817 4799 comitem
2857 4741 3254 4810 Cepisiensem,
3279 4743 3435 4809 regni

1861 4844 2262 4903 usurpatorem.
2301 4844 2353 4888 et
2386 4834 2572 4902 patria:
2609 4843 2845 4902 pestem,
2880 4832 3029 4886 Ertel
3084 4831 3196 4885 Ban
3253 4833 3438 4900 appel-

1860 4928 1972 4980 lant
2001 4928 2160 4979 :licct
2190 4942 2219 4978 a
2245 4926 2445 4980 nostris
2466 4924 2665 4978 Erdelii
2696 4924 2811 4978 sive
2842 4921 3288 4991 Transsylvaniae
3310 4921 3435 4974 Vai-

1860 5019 1993 5073 voda
2045 5017 2425 5070 tantummodo
2485 5015 2889 5068 nominaretur.
2944 5012 3166 5082 lpsimet
3233 5010 3434 5079 Ungari

1858 5111 2063 5164 Banum
2095 5126 2188 5165 seu
2250 5108 2488 5163 Wanum
2551 5114 2748 5161 vacare
2797 5121 2856 5159 se
2902 5106 3093 5159 dicunt
3142 5120 3290 5166 eum,
3340 5104 3435 5171 qui

1858 5206 2054 5259 vexillo
2078 5205 2203 5258 aliis
2258 5204 2437 5273 praeit.
2466 5200 2624 5256 Unde
2656 5208 2830 5271 paret,
2855 5199 3153 5255 discrimen
3170 5198 3274 5251 hoc
3293 5198 3437 5251 inter

1855 5294 2278 5363 gubernatorem
2310 5302 2365 5346 et
2394 5291 2602 5345 Banum
2638 5306 2783 5353 esse,
2815 5289 2962 5359 quod
2997 5290 3070 5342 illi
3099 5297 3208 5342 tam
3271 5302 3428 5356 pace,

1852 5402 2014 5456 quam
2042 5386 2198 5453 bello,
2232 5402 2359 5441 cura
2393 5386 2539 5455 regni
2562 5383 3080 5449 omnisincnmbat;
3110 5382 3197 5435 hic
3215 5380 3431 5434 bellicis

1854 5491 2063 5534 tantum
2099 5481 2331 5550 negotiis
2352 5477 2748 5549 praesithsum
2781 5479 2943 5530 etiam
2975 5464 3169 5530 nomen
3190 5491 3219 5527 a
3242 5474 3429 5526 Bando

1856 5573 2060 5627 factum
2098 5574 2453 5643 perspicitur,
2497 5571 2643 5639 quod
2679 5570 2843 5637 regiis
2870 5569 3112 5638 ipsorum
3146 5568 3421 5620 constitu-

1824 5665 2092 5725 _tionibus
2118 5665 2320 5718 dicitur
2349 5663 2678 5717 Banderiutn
2716 5682 2729 5717 :
2762 5673 2957 5731 estque
3014 5661 3192 5713 Banus
3221 5658 3429 5713 Graecis

1848 5758 2195 5820 Flatnularis,
2230 5757 2643 5827 φλαςλουλάρης,
2682 5757 2998 5823 Sanzacbcg
3024 5769 3117 5807 seu
3166 5753 3427 5806 Flambu-

1850 5853 1950 5917 lar,
1989 5848 2383 5905 Turcis.Nunc
2410 5852 2474 5905 ad
2514 5849 2735 5904 annales
2784 5863 2837 5902 ut
2892 5849 3198 5907 redeamus,
3256 5862 3422 5916 quem
