4198 6426
726 333 828 398 851

1932 331 2178 392 JOANN
2192 332 2261 390 IS
2295 332 2763 397 LEUNCLAVII

3893 332 3980 396 852

726 443 816 497 hic
850 441 1182 512 Ungaricum
1224 439 1432 495 Bauum
1458 441 1782 510 generaliter
1818 442 2116 510 appellant,
2170 441 2301 494 Bon~
2333 450 2378 508 Α
2409 444 2640 513 Agareni
2677 441 3089 509 etOsmanidaa,
3149 450 3210 495 ut
3252 440 3306 495 in
3363 439 3529 496 rebus
3581 440 3647 493 ad
3711 441 3978 508 imperium

732 533 899 585 liuius
926 532 1165 585 Croatia:
1207 532 1590 585 tantummodo
1617 531 1826 584 Banum
1886 532 2055 586 fuisse
2113 532 2304 599 tradit,

729 624 882 693 regni
911 622 1164 676 videlicet
1198 621 1450 692 Ungariae
1474 638 1644 690 regno
1673 623 1944 692 adjuncti.
1975 611 2323 677 Croatarum~

729 731 861 770 vero
891 732 1088 770 nomen
1125 716 1400 784 hodieque
1432 716 1808 770 notissimum.
1845 715 1991 772 Gens
2021 726 2102 771 est
2139 716 2312 787 perti-

729 825 834 862 nax
861 810 914 861 in
949 808 1229 863 retinenda
1265 809 1523 876 religione
1541 824 1638 862 sua
1661 808 1992 864 Christiana.
2015 808 2312 879 Propterea

735 898 931 954 Turcis
961 915 1082 954 esse
1105 900 1320 954 subdita
1341 915 1462 955 cum
1489 899 1608 969 ejus
1636 900 1945 957 amittendae
1965 901 2209 970 periculo
2233 917 2316 956 re-

734 1005 957 1056 cusans,
981 990 1047 1044 ad
1069 991 1282 1046 vicinos
1303 993 1524 1060 migrat,
1541 1007 1900 1063 magnamque
1921 1009 2065 1048 nunc
2081 993 2315 1048 Austrize

729 1081 1088 1150 Moraviatque
1124 1093 1353 1150 partem,
1383 1084 1530 1152 agris
1568 1082 1812 1138 colendis
1841 1083 2023 1138 dedita
2057 1085 2314 1153 complct-

731 1173 1005 1228 Cedt-inus
1034 1173 1086 1227 in
1123 1172 1324 1229 Basilio
1356 1175 2101 1244 Bulgaroctono,Chorvatas
2137 1175 2315 1245 appel-

731 1265 850 1319 lans
887 1284 899 1320 :
937 1264 1182 1321 Finitimi
1231 1279 1380 1333 sunt,
1411 1267 1610 1336 inquit,
1644 1265 1896 1338 Bulgaris
1918 1266 2316 1320 Chorvatarum

732 1357 939 1424 populi,
968 1357 1110 1426 quod
1169 1372 1366 1410 nomen
1418 1357 1683 1420 Chorvat,
1712 1356 1797 1410 vel
1853 1356 2075 1420 llorvat,
2109 1355 2318 1424 aspira-

735 1449 886 1503 tione
918 1450 1065 1516 forti,
1096 1464 1241 1503 nunc
1260 1450 1339 1503 cis
1366 1459 1451 1504 est
1485 1449 1649 1504 etiam
1675 1450 1730 1504 in
1757 1464 1882 1503 usu.
1913 1446 2106 1504 Caeteri
2144 1447 2316 1501 Graeci

735 1540 1040 1597 Chrobatas
1076 1542 1191 1596 sive
1218 1543 1523 1598 Chrovatas
1545 1543 1850 1596 nominant.
1875 1541 1940 1594 Et
1962 1540 2161 1595 alicubi
2188 1539 2290 1593 scri

738 1644 886 1703 ptum
921 1633 1066 1704 apud
1110 1636 1258 1704 ipsos
1281 1635 1459 1703 legere
1488 1635 1733 1698 memini,
1760 1633 1982 1688 Servios
1999 1642 2053 1688 et
2074 1631 2285 1686 ϐίη-ονε»

735 1737 820 1782 tas
853 1729 1075 1783 eosdem
1112 1744 1234 1784 esse
1269 1737 1518 1798 respectu
1550 1727 1805 1781 nimirum
1860 1727 2106 1796 ejusdem
2158 1725 2318 1793 origi-

732 1819 822 1876 nis
837 1827 887 1872 et
918 1817 1117 1887 linguae
1150 1818 1383 1873 Venetia:
1411 1856 1425 1881 ,
1459 1830 1620 1886 quam
1654 1815 1706 1868 in
1739 1814 1942 1869 Serviis
1971 1813 2314 1866 demonstra-
2348 1804 2387 1859 Β

733 1913 914 1966 vimus
943 1913 1119 1982 capite
1146 1911 1422 1966 tricesimo
1452 1913 1666 1978 quinto.
1689 1909 1900 1964 Rursus
1927 1907 1991 1962 ab
2009 1905 2311 1961 Annalibus

740 2006 823 2059 his
851 2003 1032 2060 Bauus
1077 2005 1385 2074 Ungaricus
1415 2006 1579 2058 etiam
1615 2001 1854 2056 Dircnzil
1904 1999 2013 2054 Ban
2052 1999 2310 2054 nomina-

739 2109 847 2161 tur,
868 2099 1030 2155 veluti
1074 2097 1248 2154 Drenz
1272 2097 1372 2152 Cili
1407 2097 1540 2162 Ban,
1580 2096 1685 2151 hoc
1733 2105 1840 2160 est,
1899 2094 2141 2149 Drenzus
2162 2092 2314 2147 Cilia:

737 2191 946 2246 Battus.
976 2192 1188 2262 Quippe
1240 2191 1634 2247 celeberrimus
1693 2188 1843 2244 Ciliae
1898 2187 2194 2242 comitatus
2246 2184 2311 2240 ad

737 2284 970 2338 Croatiae
1002 2284 1264 2338 Banatum
1305 2285 1607 2354 antiquitus
1666 2280 1991 2352 pertinebat.
2021 2288 2075 2335 et
2131 2278 2306 2333 Βοηῐὶ-

737 2378 865 2431 nius
888 2393 1149 2448 expresse
1181 2378 1348 2433 tradit
1375 2377 1595 2432 bassam
1631 2375 1762 2445 (quo
1797 2374 2020 2428 nomine
2049 2370 2312 2440 Jacupem

741 2467 896 2540 agam
925 2470 1201 2540 intelligit)
1237 2470 1470 2540 primum
1524 2467 1772 2521 omnimu
1817 2466 1918 2520 hoc
1955 2463 2096 2520 bello
2150 2461 2315 2518 Cilia-

741 2578 871 2616 num
902 2578 1092 2630 agrum
1113 2562 1467 2632 p0pulatione
1487 2559 1847 2614 deformasse.
1873 2557 2006 2612 Bani
2030 2555 2312 2626 proprium

741 2672 939 2712 nomen
968 2656 1107 2725 apud
1139 2671 1261 2711 eum
1284 2655 1500 2724 legitur.
1527 2654 1811 2708 Emericus
1843 2651 2183 2713 Drenzenns,
2207 2649 2318 2700 vir-

743 2748 827 2818 (ut
858 2749 974 2817 ipse
1005 2747 1228 2814 fatetur)
1261 2762 1486 2802 summa:
1516 2755 1624 2798 tam
1654 2744 1960 2807 industriae,
1994 2757 2158 2811 quam
2186 2757 2316 2794 con-

748 2839 855 2896 silii
891 2841 1021 2904 :qui
1053 2839 1316 2896 suffectus
1345 2839 1596 2892 inlocum
1628 2835 1855 2891 Joannis
1885 2835 2112 2889 Corvini
2159 2833 2315 2888 ducis

749 2947 779 2986 a
812 2931 1085 2986 Vladislao
1121 2947 1247 3002 rege
1276 2931 1474 2985 fuerat.
1504 2930 1725 2994 Habuit,
1766 2939 1992 2982 auctore
2043 2925 2313 2990 Bouliuio,

744 3042 926 3080 secum
967 3025 1145 3080 Battus
1168 3035 1375 3094 septem
1412 3025 1640 3078 militum
1675 3021 2050 3077 tantummodo
2099 3019 2265 3072 millia
2300 3037 2313 3073 :

744 3120 938 3186 reliqui
974 3121 1193 3173 rustica:
1214 3118 1385 3187 plebis
1413 3117 1725 3178 inconditae,
1755 3130 1854 3170 nec
1888 3114 2054 3167 armis
2085 3119 2317 3167 assuetae

745 3212 1063 3267 cohortibus
1091 3211 1438 3268 constabant.
1483 3207 1697 3264 Accidit
1738 3207 1882 3260 aliud
1907 3205 2070 3260 etiam
2113 3203 2317 3258 malum

747 3304 892 3373 quod
919 3304 1232 3359 Drenzenus
1261 3315 1450 3356 contra
1477 3301 1807 3355 sententiam
1841 3298 2008 3351 animi
2069 3297 2152 3350 sui
2193 3310 2322 3349 coa-

748 3405 871 3450 ctus
900 3411 928 3448 a
959 3395 1297 3450 Bernardino
1315 3393 1692 3462 Fraugepano,
1712 3390 2004 3462 pugnavit:
2032 3389 2126 3460 qui
2145 3401 2322 3442 tamen

749 3507 779 3544 e
813 3490 1000 3559 proelio
1027 3488 1153 3558 fuga
1185 3504 1243 3543 se
1281 3487 1566 3543 subduxit.
1602 3485 1725 3540 Hec
1747 3485 1913 3558 466
1947 3485 2157 3540 scilicet
2206 3490 2324 3537 erat

750 3581 841 3635 illa
870 3593 980 3635 tum
1010 3581 1309 3647 discordia,
1341 3589 1455 3634 tum
1497 3579 1641 3650 fuga,
1667 3592 1830 3649 quam
1877 3579 2105 3631 innuere
2132 3577 2327 3631 volunt

749 3674 1012 3739 Annales,
1038 3689 1162 3729 cum
1202 3674 1378 3738 aiunt,
1441 3671 1865 3743 Ungarosipsos
1917 3673 2057 3726 inter
2125 3686 2184 3726 se
2213 3671 2330 3726 dis-

752 3766 1076 3829 sentientes,
1102 3767 1326 3835 fugisse.
1347 3765 1716 3821 Bernardinns
1749 3774 1901 3834 pater
1946 3771 2066 3818 erat
2089 3762 2323 3818 Joannis

752 3856 898 3910 illius
928 3854 1294 3926 Frangepani,
1337 3872 1499 3926 quem
1539 3857 1825 3911 obsessum
1893 3853 2066 3910 fuisse
2129 3853 2320 3907 Brevia

752 3947 1014 4003 diximus.
1051 3948 1247 4014 Filius,
1275 3950 1354 4003 vir
1384 3949 1565 4013 fertis,
1591 3949 1762 4003 hostis
1789 3956 1967 4014 antea,
1992 3948 2074 4002 vel
2108 3945 2347 4002 rebellis.

749 4041 959 4108 potius,
989 4041 1091 4095 hac
1118 4056 1298 4112 pugna
1343 4055 1518 4096 caesus
1545 4039 1823 4095 occubuit.

757 4185 880 4239 175.
923 4181 1144 4236 Occasio
1176 4190 1227 4236 et
1266 4197 1427 4234 causa
1481 4179 1604 4233 belli
1636 4177 1897 4247 Bajnzitis
1950 4178 2197 4230 adversus
2229 4175 2331 4247 Ye-

829 4265 973 4308 netos
1001 4256 1055 4306 in
1087 4253 1481 4315 Peloponneso:
1511 4245 1802 4303 Ludovicus
1826 4247 2052 4300 Maurus
2083 4248 2192 4300 dtu:
2218 4245 2330 4298 Me-

831 4325 1153 4377 diolauensis
1188 4323 1413 4376 Turcum
1443 4323 1496 4374 in
1536 4319 1755 4376 Venetos
1780 4320 2040 4373 concitat:
2062 4316 2332 4372 Iucbechti

829 4413 860 4448 α
905 4395 1092 4448 Turcis
1132 4398 1364 4448 obsessa.

2414 536 2816 606 spectantibus,
2847 543 2902 591 et
2931 551 3032 591 usu
3057 549 3158 590 suo
3194 534 3352 589 ﬁdem
3389 535 3568 587 datam
3594 532 3746 587 ﬂocci
3775 532 3978 596 faciant,

2414 643 2516 683 nec
2548 628 2716 682 ullum
2749 628 3150 698 promissorum
3204 625 3536 682 Christianis
3585 625 3856 680 factorum
3911 642 3960 680 ra

2418 727 2621 776 tionem
2661 721 2918 776 habeant.
2943 721 3154 776 Bellum
3186 721 3352 791 igitur
3379 721 3434 775 in
3491 734 3587 773 eos
3641 720 3884 781 molitur,
3941 730 3981 772 et

2417 823 2714 886 praetextus
2772 828 2940 870 causa
2994 813 3195 884 cupide
3267 813 3712 868 occasiunculam
3787 811 3981 879 arripit,

2417 907 2561 977 quod
2617 905 2808 962 Veneti
2871 906 3261 977 protegendum
3326 905 3701 974 suscepissent
3746 907 3980 960 comitem

2418 1001 2682 1056 Joannem
2718 999 3141 1054 Cernovichium
3169 999 3570 1067 (Cernovitzios
3599 997 3864 1053 dicendos
3912 1013 3984 1052 os.

2422 1093 2701 1148 tendimus
2724 1108 2912 1162 supra,
2945 1093 3127 1162 capite
3160 1093 3254 1169 46,
3283 1101 3338 1147 et
3375 1092 3520 1145 hunc
3573 1092 3665 1144 alii
3709 1089 3981 1156 Georgium

2422 1187 2666 1250 vocant),
2704 1184 2898 1240 vicina:
2926 1183 3128 1240 Cataro
3159 1185 3386 1240 ditionis
3409 1184 3675 1255 regulum,
3706 1184 3796 1237 cui
3838 1183 3984 1249 plera-

2421 1292 2527 1347 que
2556 1276 2830 1345 Bajazites
2861 1276 3162 1331 ademerat.
3196 1276 3303 1330 Sed
3361 1275 3466 1330 alia
3528 1289 3724 1343 reapse
3784 1273 3984 1328 suberat

2422 1384 2750 1440 causa,qu:e
2788 1384 2925 1438 pene
2951 1377 3158 1424 certam
3191 1369 3242 1425 ei
3275 1384 3427 1437 spem
3464 1366 3706 1422 faciebat
3753 1365 3984 1435 ejiciendi

2425 1463 2663 1519 Venetos
2695 1477 2725 1517 e
2758 1460 2941 1516 Morea
2979 1462 3092 1516 sive
3121 1460 3524 1530 Peloponneso,
3553 1461 3608 1512 in
3669 1473 3779 1528 qua
3813 1456 3985 1511 multas

2425 1568 2558 1607 sane
2586 1566 2811 1622 magnas
2835 1561 2891 1606 et
2924 1551 3166 1606 munitas
3199 1549 3364 1605 urbes
3428 1564 3695 1627 argesque
3758 1547 3987 1616 posside-

2427 1644 2577 1698 bant.
2607 1644 2819 1698 Etenim
2888 1643 3078 1700 Galliae
3122 1660 3214 1700 rex
3277 1643 3594 1699 Ludovicus
3645 1645 3986 1699 duodecimus

2427 1736 2762 1792 Ludovicum
2819 1737 3158 1808 Spltortiam,
3249 1745 3618 1808 cognomento
3682 1735 3988 1799 Maurum,a

2417 1829 2705 1898 nigredine
2750 1828 2955 1892 vultus,
2988 1830 3191 1885 ducatu
3225 1829 3619 1885 Mediolanensi
3645 1830 3988 1898 spoliaturus,

2418 1937 2578 1993 quem
2606 1921 2691 1976 sui
2719 1921 2860 1990 juris
2886 1921 3189 1984 asserebat,
3227 1922 3408 1977 foedus
3433 1931 3625 1976 contra
3691 1920 3987 1988 Splmrtiant

2419 2030 2543 2070 cum
2578 2015 2856 2084 republica
2897 2012 3100 2070 Veneta
3168 2021 3519 2084 percusserat
3601 2013 3672 2067 Ea
3727 2013 3988 2068 Gallorum

2419 2123 2540 2163 cum
2581 2107 2798 2163 Venetis
2826 2107 3214 2175 conjunctione
3247 2107 3472 2162 territus
3529 2106 3818 2176 Sphortia.
3871 2106 3992 2175 lega-

2421 2207 2534 2253 tum
2568 2198 2634 2253 ad
2667 2197 2962 2268 Bajazitem
3017 2199 3208 2260 mittit,
3262 2197 3354 2267 qui
3414 2207 3530 2252 tum
3565 2196 3888 2252 muneribus
3931 2198 3992 2256 ei,

2421 2305 2543 2349 tum
2563 2297 2729 2350 variis
2753 2295 3064 2350 rationibus
3107 2294 3499 2364 persuaderet,
3559 2302 3619 2347 ut
3653 2293 3854 2347 bellmn
3901 2290 3992 2346 Ve-

2419 2389 2561 2442 netis
2586 2387 2836 2442 inferret.
2878 2388 3091 2456 Quippe
3135 2387 3382 2441 futurum
3418 2387 3621 2452 aiebat,
3647 2386 3994 2455 uloccupatis

2420 2478 2607 2534 italico
2637 2479 2782 2534 bello
2822 2478 3064 2544 Venetis,
3125 2479 3242 2549 ipse
3294 2479 3448 2534 nullo
3517 2481 3742 2548 negotio
3805 2479 3994 2534 Graecis

2423 2573 2651 2628 urbibus
2685 2581 2738 2626 et
2769 2572 2990 2636 castris,
3017 2577 3072 2628 et
3097 2571 3295 2626 insulis
3323 2585 3420 2625 eos
3469 2582 3722 2626 exueret.
3752 2569 3867 2624 llac
3895 2569 3995 2623 ille-

2421 2674 2541 2719 ctus
2586 2680 2682 2732 spe
2714 2663 3002 2733 Bajazites,
3038 2679 3067 2717 a
3096 2678 3228 2732 pace
3262 2677 3384 2716 cum
3419 2660 3640 2716 Venetis
3672 2661 3884 2716 sancita
3900 2658 3997 2712 dis-

2421 2759 2607 2812 cessit.
2643 2757 2717 2811 Ac
2748 2755 2850 2810 fuit
2884 2757 3134 2825 profecto
3163 2754 3386 2809 noxium
3444 2753 3668 2808 Venetis
3729 2753 3784 2806 id
3842 2751 3994 2805 ﬂanti

2425 2851 2657 2912 facinus,
2689 2850 2781 2904 sed
2807 2851 3028 2905 tandem
3062 2849 3180 2903 haec
3217 2851 3270 2903 in
3305 2845 3677 2918 ipsutn,quod
3703 2847 3812 2899 dici
3848 2846 3993 2904 solet,

2423 2955 2551 2994 cusa
2586 2939 2878 3008 fabajusto
2910 2938 3001 2994 Dei
3029 2939 3242 3007 judicio
3265 2939 3388 2993 fuit.
3421 2938 3556 2992 Nam
3585 2948 3638 2992 et
3665 2937 3991 2996 ambitionis,

2423 3041 2476 3086 et
2507 3031 2828 3100 injuriarnm
2856 3032 3241 3101 multiplicium
3265 3047 3391 3101 erga
3407 3031 3674 3086 Joannem
3695 3031 3992 3085 Caleaciutu

2426 3121 2614 3178 fratris
2644 3124 2838 3187 lilium.
2872 3135 2928 3180 et
2972 3125 3317 3180 funestorum
3381 3125 3569 3195 patria:
3625 3125 3997 3180 consiliorum.

2429 3217 2627 3288 quibus
2649 3215 2833 3272 Gallos
2869 3217 3133 3272 adversus
3163 3217 3555 3286 Neapolitanos
3586 3232 3764 3285 reges,
3802 3216 3998 3270 Turctts

2430 3309 2694 3364 adversus
2733 3308 2971 3365 Venetos
2993 3311 3316 3373 commovit,
3346 3311 3575 3364 acerbas
3633 3309 3878 3377 denique
3898 3323 3999 3377 po:—

2434 3416 2532 3455 nas
2564 3400 2683 3454 luit.
2718 3401 2871 3466 Quod
2906 3401 3126 3469 quidem
3160 3401 3208 3455 ei
3239 3400 3460 3456 subtilis
3483 3408 3538 3453 et
3570 3399 3749 3467 arguti
3784 3399 3868 3452 vir
3928 3397 3999 3449 in-

2431 3493 2600 3561 genii,
2628 3492 2838 3563 legatus
2877 3491 3207 3548 Floreutinte
3237 3491 3579 3562 reipublicae.
3645 3489 3892 3544 futurum
3918 3488 4005 3540 ali-

2431 3580 2649 3650 quando
2676 3582 3018 3650 przedixerat.
3052 3579 3263 3651 Quippe
3297 3596 3422 3636 cum
3452 3581 3582 3636 huic
3609 3581 3677 3634 ad
3716 3597 3780 3635 se
3851 3579 4004 3632 misso

2431 3689 2563 3728 suos
2595 3683 2911 3744 arroganter
2935 3683 3267 3739 ostentaret,
3301 3674 3382 3728 uti
3415 3674 3744 3744 plerumque
3809 3672 4006 3727 soleba.‘

2433 3773 2485 3819 et
2513 3780 2667 3834 opes,
2699 3776 2751 3819 et
2803 3767 3005 3835 ingenii
3061 3769 3246 3823 vires:
3299 3767 3442 3821 inter
3508 3766 3610 3820 alia
3674 3768 3914 3835 quodam
3959 3765 4003 3814 in

2433 3857 2673 3912 conclavi
2697 3858 2971 3926 depictum
2997 3861 3043 3914 ei
3077 3869 3350 3914 monstrat
3377 3858 3738 3915 simulacrum
3769 3857 4006 3911 mulieris

2435 3951 2635 4003 amictu
2669 3951 3037 4020 pulcherrimo
3069 3953 3304 4026 vestitae,
3340 3953 3394 4005 in
3449 3965 3561 4021 quo
3611 3967 3880 4020 expressa
3919 3948 4004 4002 nti-

2435 4041 2591 4097 rilico
2616 4042 2849 4097 artificio
2909 4053 3020 4097 tota
3065 4041 3513 4110 conspiciebatur
3567 4042 3743 4095 italia.
3792 4041 4012 4111 Propter

2437 4134 2577 4187 hanc
2605 4134 2886 4188 mulierem
2921 4133 3137 4187 astabat
3163 4131 3418 4201 Ethiops
3450 4148 3576 4188 cum
3611 4135 3891 4203 peniculo,
3916 4146 4012 4201 quo

2439 4241 2496 4280 se
2533 4227 2704 4294 ipsum
2726 4226 2957 4280 innuere
2992 4226 3234 4292 volebat,
3266 4227 3360 4295 qui
3391 4235 3449 4279 et
3498 4225 3723 4280 Maurus
3746 4229 3914 4296 vulgo
3939 4229 4011 4279 vel

2442 4318 2692 4387 Aitliiops
2718 4319 2952 4384 audiret,
2982 4329 3036 4373 et
3083 4319 3469 4374 emblematum
3519 4318 3639 4372 loco
3704 4319 3912 4373 soleret
3947 4319 4011 4370 uti

2439 4411 2521 4462 Vel
2562 4410 2983 4477 peniculo,cum
3026 4411 3388 4480 inscriptione
3437 4409 3655 4474 Latina,
3686 4421 3733 4464 et
3769 4415 4015 4464 meritae:

826 4509 1143 4579 Naupactus
1171 4510 1390 4564 Achaim
1416 4509 1690 4562 maritima
1711 4508 1906 4562 civitas
1936 4513 2041 4567 est,
2069 4503 2331 4581 opinione
2367 4489 2408 4546 θ
2443 4513 2696 4573 tempore,
2726 4503 2808 4557 vel
2847 4507 3163 4558 ramusculo
3189 4514 3296 4558 tres
3355 4503 3837 4572 complesorosas,
3896 4521 4010 4556 cum

755 4603 1146 4669 quorumdam,
1201 4601 1417 4656 Aftolire
1476 4599 1642 4654 Leoni
1693 4600 1954 4667 AuguSto.
2023 4596 2088 4649 ad
2146 4597 2326 4650 sinum

757 4696 1033 4762 anndam
1054 4694 1471 4747 Corinthiaemu
1507 4702 1755 4746 vocatum
1784 4691 1908 4743 sita.
1937 4687 2132 4744 Nautis
2165 4687 2330 4755 vulgo

753 4786 866 4851 jam
931 4784 1176 4852 Lepanto
1237 4783 1460 4846 dicitur,
1503 4779 1777 4836 lnebechti
1836 4778 2050 4841 Turcis,
2103 4777 2244 4846 quod
2302 4790 2331 4830 a

755 4874 1008 4942 Nepanto
1038 4875 1188 4928 Marii
1220 4873 1368 4944 Nigri
1397 4889 1506 4928 non
1553 4873 1746 4944 procul
1800 4872 2006 4927 recedit
2037 4888 2051 4924 :
2101 4869 2328 4933 Achaia,

757 4964 981 5020 Livadia
1019 4966 1277 5032 :AEtolia,
1309 4969 1636 5036 Despotatus
1671 4986 1683 5021 :
1722 4966 1877 5021 sinus
1925 4964 2333 5028 Corinthiacus,

759 5061 952 5128 Colpo,
983 5062 1096 5117 sive
1133 5063 1291 5116 Golfo
1331 5064 1383 5114 di
1411 5061 1672 5129 Lepanto.
1724 5062 1858 5115 Erat
1912 5059 2018 5113 hoc
2064 5066 2331 5126 tempore,

760 5156 1024 5209 nimirum
1062 5171 1208 5210 anno
1237 5155 1558 5208 Christiano
1603 5154 1761 5228 “98,
1811 5151 2128 5220 Naupactus
2156 5152 2206 5203 in
2241 5163 2335 5218 po-

758 5254 957 5300 testate
983 5246 1307 5301 Venetorum
1337 5261 1365 5299 a
1389 5247 1478 5306 7t),
1504 5246 1624 5314 plus
1644 5230 1846 5321 minus,
1871 5244 2029 5297 annis
2049 5260 2063 5298 :
2083 5243 2174 5311 qui
2200 5241 2335 5294 mis-

757 5355 820 5394 so
850 5338 914 5390 ad
946 5338 1239 5408 Bajazitem
1283 5338 1498 5391 Audrea
1543 5336 1808 5399 Zantano,
1855 5337 2033 5406 legato
2085 5350 2206 5396 suo,
2243 5349 2334 5400 pa-

760 5446 877 5486 cem
911 5430 961 5482 iu
994 5445 1177 5484 annos
1201 5430 1273 5483 25
1312 5443 1434 5482 cum
1486 5443 1551 5482 eo
1616 5428 1876 5488 fecerant,
1930 5426 2092 5495 cujus
2150 5426 2332 5478 tabula

760 5519 1028 5586 Bajazites
1061 5519 1334 5586 scriptura
1373 5535 1566 5573 manus
1588 5534 1725 5582 sum,
1784 5533 1880 5586 pro
1923 5533 2074 5571 more
2133 5517 2334 5570 contir-

765 5619 958 5664 marat.
995 5608 1363 5662 Nihilominus
1390 5611 1471 5660 vix
1505 5609 1776 5677 appellere
1834 5607 2094 5662 Veuetias
2122 5607 2332 5674 legatus

769 5707 962 5765 intuit,
999 5718 1119 5753 eum
1148 5701 1331 5753 datam
1369 5701 1587 5753 Venetis
1619 5701 1774 5753 Iidem
1823 5701 2089 5768 Bajazites
2131 5700 2319 5750 violat.

765 5796 978 5862 Qutppe
1000 5794 1104 5848 sibi
1131 5795 1243 5863 lvgc
1276 5809 1368 5848 sua
1433 5792 1813 5848 lllahttmctana
1878 5792 2118 5860 permitti
2145 5793 2334 5846 Volunt

2441 4597 2795 4663 inscriptione
2822 4597 3144 4650 Germanica
3159 4597 3249 4648 mit
3269 4595 3400 4658 Zett,
3420 4597 3469 4648 id
3490 4607 3593 4658 est,
3622 4613 3740 4648 cum
3769 4607 4020 4661 teniport’.

2442 4688 2572 4754 Qme
2612 4688 2830 4756 quidem
2873 4689 3049 4755 ipsius
3069 4687 3394 4741 emblemata
3426 4688 3792 4757 symbolaque
3817 4691 4013 4755 passim

2444 4783 2496 4836 in
2528 4784 2828 4850 parietibus
2852 4791 2907 4837 et
2949 4783 3136 4835 aulaeis
3161 4781 3476 4845 Mediolani,
3514 4779 3720 4842 Ticini,
3764 4781 4019 4840 Taurini,

2444 4876 2580 4944 apud
2613 4875 2993 4928 doctissimum
3033 4884 3084 4928 et
3115 4874 3386 4927 illustrem
3409 4873 3528 4942 ejus
3560 4875 3716 4928 urbis
3751 4877 4019 4942 archiepi-

2443 4981 2690 5036 scopum,
2726 4966 3117 5035 Hieronymum
3159 4967 3484 5023 [locet-eum.
3511 4975 3564 5019 et
3600 4967 3728 5019 aliis
3773 4968 3828 5021 in
3892 4971 4020 5021 locis

2444 5061 2626 5115 videre
2654 5060 2897 5114 memini.
2930 5061 3058 5114 Erat
3115 5061 3201 5112 hic
3256 5059 3510 5126 Etltiops
3571 5058 3652 5112 ira
3714 5061 3920 5127 pit-tus,
3973 5072 4017 5109 ιιι

2443 5149 2697 5217 peniculo
2727 5149 3016 5202 mulierise
3052 5160 3201 5202 veSIe
3257 5149 3532 5215 pulverem
3577 5161 3708 5200 cum
3762 5150 4021 5200 sontibus

2445 5244 2566 5296 aliis
2598 5251 2922 5310 extergeret.
2951 5241 3024 5293 Ea
3049 5241 3260 5309 pictura
3299 5242 3476 5307 legato
3505 5250 3847 5298 monstrata.
3891 5243 4016 5309 quid

2445 5337 2545 5403 ipsi
2581 5335 2644 5388 de
2676 5335 2774 5386 hac
2801 5333 3104 5396 videretur,
3140 5333 3463 5388 interrogat.
3503 5329 3644 5382 Tum
3675 5333 3720 5384 is
3758 5351 3770 5385 :
3801 5333 3864 5387 Ut
3897 5335 4019 5385 mihi

2443 5427 2664 5497 quidem
2699 5428 2932 5486 videtur,
2966 5425 3163 5493 inquit,
3193 5423 3279 5476 hic
3309 5421 3565 5487 .Ethiops
3604 5423 3891 5486 pulverem
3915 5441 4024 5475 οη,-

2445 5536 2566 5574 nem
2595 5519 2647 5572 in
2667 5533 2724 5572 se.
2757 5519 2935 5586 ipsum
2972 5517 3275 5571 c0uvcrrit.
3312 5515 3465 5580 Quod
3503 5515 3747 5568 hamiuis
3788 5519 3938 5569 acuti
3966 5519 4020 5563 tl.-

2447 5611 2722 5665 Ludovico
2749 5609 2938 5663 Mauro
2986 5609 3304 5663 vaticinium
3347 5607 3605 5674 deinceps
3657 5620 3865 5661 evetitu
3892 5624 4020 5661 tom

2447 5704 2728 5773 probatum
2765 5701 2886 5755 fuit.
