  <div class='ocr_page' id='page_1' title='image "/cluster/home/n/w/nwhite01/storage/ocr_20150623/159/nnc1.0046980628/436.png"; bbox 0 0 4198 6426; ppageno 0'>
   <div class='ocr_carea' id='block_1_1' title="bbox 185 343 277 406">
    <p class='ocr_par' dir='ltr' id='par_1_1' title="bbox 185 343 277 406">
     <span class='ocr_line' id='line_1_1' title="bbox 185 343 277 406; baseline -0.033 0"><span class='ocrx_word' id='word_1_1' title='bbox 185 343 277 406; x_wconf 77' lang='lat'><strong>853</strong></span> 
     </span>
    </p>
   </div>
   <div class='ocr_carea' id='block_1_2' title="bbox 1290 355 2278 434">
    <p class='ocr_par' dir='ltr' id='par_1_2' title="bbox 1290 355 2278 434">
     <span class='ocr_line' id='line_1_2' title="bbox 1290 355 2278 434; baseline 0.01 -19"><span class='ocrx_word' id='word_1_2' title='bbox 1290 355 1705 434; x_wconf 13' lang='lat' dir='ltr'><strong>PANDECTE,</strong></span> <span class='ocrx_word' id='word_1_3' title='bbox 1726 358 1923 422; x_wconf 83' lang='lat' dir='ltr'><strong>HlS&#39;l‘.</strong></span> <span class='ocrx_word' id='word_1_4' title='bbox 1969 362 2278 425; x_wconf 84' lang='lat' dir='ltr'><strong>TURCIC.</strong></span> 
     </span>
    </p>
   </div>
   <div class='ocr_carea' id='block_1_3' title="bbox 3303 373 3415 436">
    <p class='ocr_par' dir='ltr' id='par_1_3' title="bbox 3303 373 3415 436">
     <span class='ocr_line' id='line_1_3' title="bbox 3303 373 3415 436; baseline 0 0"><span class='ocrx_word' id='word_1_5' title='bbox 3303 373 3415 436; x_wconf 68' lang='grc'><strong>854</strong></span> 
     </span>
    </p>
   </div>
   <div class='ocr_carea' id='block_1_4' title="bbox 186 464 3406 556">
    <p class='ocr_par' dir='ltr' id='par_1_4' title="bbox 186 464 3406 556">
     <span class='ocr_line' id='line_1_4' title="bbox 186 464 3406 556; baseline 0.01 -41"><span class='ocrx_word' id='word_1_6' title='bbox 186 464 289 519; x_wconf 77' lang='grc'><strong>176.</strong></span> <span class='ocrx_word' id='word_1_7' title='bbox 326 465 700 556; x_wconf 44' lang='lat' dir='ltr'><strong>[inalbeclttiijis</strong></span> <span class='ocrx_word' id='word_1_8' title='bbox 737 471 936 552; x_wconf 64' lang='lat' dir='ltr'><strong>frustra</strong></span> <span class='ocrx_word' id='word_1_9' title='bbox 999 471 1196 556; x_wconf 44' lang='grc' dir='ltr'><strong>,νεμοιὶ</strong></span> <span class='ocrx_word' id='word_1_10' title='bbox 1222 493 1551 556; x_wconf 42' lang='lat' dir='ltr'><strong>succurrere</strong></span> <span class='ocrx_word' id='word_1_11' title='bbox 1610 496 1726 533; x_wconf 81' lang='lat' dir='ltr'><strong>cum</strong></span> <span class='ocrx_word' id='word_1_12' title='bbox 1754 485 1802 545; x_wconf 74' lang='grc' dir='ltr'><strong>Α</strong></span> <span class='ocrx_word' id='word_1_13' title='bbox 1832 482 2032 553; x_wconf 81' lang='lat' dir='ltr'><strong>Tangri</strong></span> <span class='ocrx_word' id='word_1_14' title='bbox 2069 485 2283 540; x_wconf 82' lang='lat' dir='ltr'><strong>Vereris</strong></span> <span class='ocrx_word' id='word_1_15' title='bbox 2303 499 2400 554; x_wconf 86' lang='lat' dir='ltr'><strong>per</strong></span> <span class='ocrx_word' id='word_1_16' title='bbox 2426 485 2681 541; x_wconf 86' lang='lat' dir='ltr'><strong>virtutem</strong></span> <span class='ocrx_word' id='word_1_17' title='bbox 2712 485 2935 545; x_wconf 86' lang='lat' dir='ltr'><strong>Sinanis</strong></span> <span class='ocrx_word' id='word_1_18' title='bbox 2957 489 3166 556; x_wconf 70' lang='lat' dir='ltr'><strong>bassaz,</strong></span> <span class='ocrx_word' id='word_1_19' title='bbox 3189 491 3406 549; x_wconf 65' lang='lat' dir='ltr'><strong>bebltBr-</strong></span> 
     </span>
    </p>
   </div>
   <div class='ocr_carea' id='block_1_5' title="bbox 325 534 1561 612">
    <p class='ocr_par' dir='ltr' id='par_1_5' title="bbox 325 534 1561 612">
     <span class='ocr_line' id='line_1_5' title="bbox 325 534 1561 612; baseline 0.012 -25"><span class='ocrx_word' id='word_1_20' title='bbox 325 534 488 588; x_wconf 75' lang='lat' dir='ltr'><strong>Gallis</strong></span> <span class='ocrx_word' id='word_1_21' title='bbox 527 546 577 590; x_wconf 78' lang='lat' dir='ltr'><strong>et</strong></span> <span class='ocrx_word' id='word_1_22' title='bbox 610 534 860 607; x_wconf 72' lang='lat' dir='ltr'><strong>Hisponis</strong></span> <span class='ocrx_word' id='word_1_23' title='bbox 888 543 1257 612; x_wconf 69' lang='lat' dir='ltr'><strong>confaderatit</strong></span> <span class='ocrx_word' id='word_1_24' title='bbox 1298 550 1561 602; x_wconf 81' lang='lat' dir='ltr'><strong>nituntur.</strong></span> 
     </span>
    </p>
   </div>
   <div class='ocr_carea' id='block_1_6' title="bbox 244 649 1726 735">
    <p class='ocr_par' dir='ltr' id='par_1_6' title="bbox 244 649 1726 735">
     <span class='ocr_line' id='line_1_6' title="bbox 244 649 1726 735; baseline 0.013 -33"><span class='ocrx_word' id='word_1_25' title='bbox 244 649 355 714; x_wconf 65' lang='lat' dir='ltr'><strong>Quae</strong></span> <span class='ocrx_word' id='word_1_26' title='bbox 379 651 446 708; x_wconf 88' lang='lat' dir='ltr'><strong>de</strong></span> <span class='ocrx_word' id='word_1_27' title='bbox 471 653 679 711; x_wconf 82' lang='lat' dir='ltr'><strong>infelici</strong></span> <span class='ocrx_word' id='word_1_28' title='bbox 738 668 939 715; x_wconf 90' lang='lat' dir='ltr'><strong>conatu</strong></span> <span class='ocrx_word' id='word_1_29' title='bbox 986 662 1301 717; x_wconf 85' lang='lat' dir='ltr'><strong>removendi</strong></span> <span class='ocrx_word' id='word_1_30' title='bbox 1354 664 1610 735; x_wconf 85' lang='lat' dir='ltr'><strong>Bajazitis</strong></span> <span class='ocrx_word' id='word_1_31' title='bbox 1659 668 1726 721; x_wconf 90' lang='lat' dir='ltr'><strong>ab</strong></span> 
     </span>
    </p>
   </div>
   <div class='ocr_carea' id='block_1_7' title="bbox 180 742 1729 828">
    <p class='ocr_par' dir='ltr' id='par_1_7' title="bbox 180 742 1729 828">
     <span class='ocr_line' id='line_1_7' title="bbox 180 742 1729 828; baseline 0.014 -34"><span class='ocrx_word' id='word_1_32' title='bbox 180 742 441 801; x_wconf 78' lang='lat' dir='ltr'><strong>obsidione</strong></span> <span class='ocrx_word' id='word_1_33' title='bbox 472 747 737 820; x_wconf 85' lang='lat' dir='ltr'><strong>Naupacti</strong></span> <span class='ocrx_word' id='word_1_34' title='bbox 764 763 991 809; x_wconf 89' lang='lat' dir='ltr'><strong>narrant</strong></span> <span class='ocrx_word' id='word_1_35' title='bbox 1023 757 1280 824; x_wconf 80' lang='lat' dir='ltr'><strong>Annales,</strong></span> <span class='ocrx_word' id='word_1_36' title='bbox 1314 759 1478 828; x_wconf 91' lang='lat' dir='ltr'><strong>paulo</strong></span> <span class='ocrx_word' id='word_1_37' title='bbox 1530 760 1729 815; x_wconf 80' lang='lat' dir='ltr'><strong>diluci-</strong></span> 
     </span>
    </p>
   </div>
   <div class='ocr_carea' id='block_1_8' title="bbox 177 837 1727 922">
    <p class='ocr_par' dir='ltr' id='par_1_8' title="bbox 177 837 1727 922">
     <span class='ocr_line' id='line_1_8' title="bbox 177 837 1727 922; baseline 0.014 -34"><span class='ocrx_word' id='word_1_38' title='bbox 177 837 289 892; x_wconf 88' lang='lat' dir='ltr'><strong>dius</strong></span> <span class='ocrx_word' id='word_1_39' title='bbox 319 838 397 894; x_wconf 91' lang='lat' dir='ltr'><strong>his</strong></span> <span class='ocrx_word' id='word_1_40' title='bbox 432 838 544 896; x_wconf 81' lang='lat' dir='ltr'><strong>fere</strong></span> <span class='ocrx_word' id='word_1_41' title='bbox 580 845 764 900; x_wconf 80' lang='lat' dir='ltr'><strong>verbis</strong></span> <span class='ocrx_word' id='word_1_42' title='bbox 799 847 1191 917; x_wconf 79' lang='lat' dir='ltr'><strong>Spanduginus</strong></span> <span class='ocrx_word' id='word_1_43' title='bbox 1225 856 1480 922; x_wconf 75' lang='lat' dir='ltr'><strong>exposuit</strong></span> <span class='ocrx_word' id='word_1_44' title='bbox 1569 856 1727 909; x_wconf 88' lang='lat' dir='ltr'><strong>Anno</strong></span> 
     </span>
    </p>
   </div>
   <div class='ocr_carea' id='block_1_9' title="bbox 180 928 1729 1014">
    <p class='ocr_par' dir='ltr' id='par_1_9' title="bbox 180 928 1729 1014">
     <span class='ocr_line' id='line_1_9' title="bbox 180 928 1729 1014; baseline 0.015 -35"><span class='ocrx_word' id='word_1_45' title='bbox 180 928 358 997; x_wconf 91' lang='lat' dir='ltr'><strong>inquit,</strong></span> <span class='ocrx_word' id='word_1_46' title='bbox 412 933 709 989; x_wconf 90' lang='lat' dir='ltr'><strong>millesimo</strong></span> <span class='ocrx_word' id='word_1_47' title='bbox 767 939 1317 1008; x_wconf 69' lang='lat' dir='ltr'><strong>quadringentesimo</strong></span> <span class='ocrx_word' id='word_1_48' title='bbox 1372 946 1729 1014; x_wconf 72' lang='lat' dir='ltr'><strong>nonagesimo</strong></span> 
     </span>
    </p>
   </div>
   <div class='ocr_carea' id='block_1_10' title="bbox 177 1024 1725 1107">
    <p class='ocr_par' dir='ltr' id='par_1_10' title="bbox 177 1024 1725 1107">
     <span class='ocr_line' id='line_1_10' title="bbox 177 1024 1725 1107; baseline 0.016 -35"><span class='ocrx_word' id='word_1_49' title='bbox 177 1037 327 1087; x_wconf 89' lang='lat' dir='ltr'><strong>nono,</strong></span> <span class='ocrx_word' id='word_1_50' title='bbox 362 1024 738 1086; x_wconf 83' lang='lat' dir='ltr'><strong>Ferdlnandus</strong></span> <span class='ocrx_word' id='word_1_51' title='bbox 776 1047 868 1086; x_wconf 90' lang='lat' dir='ltr'><strong>rex</strong></span> <span class='ocrx_word' id='word_1_52' title='bbox 892 1032 1169 1103; x_wconf 84' lang='lat' dir='ltr'><strong>Hispanus</strong></span> <span class='ocrx_word' id='word_1_53' title='bbox 1192 1042 1476 1106; x_wconf 72' lang='lat' dir='ltr'><strong>occupatis</strong></span> <span class='ocrx_word' id='word_1_54' title='bbox 1510 1038 1725 1107; x_wconf 81' lang='lat' dir='ltr'><strong>Naupa-</strong></span> 
     </span>
    </p>
   </div>
   <div class='ocr_carea' id='block_1_11' title="bbox 176 1120 1725 1203">
    <p class='ocr_par' dir='ltr' id='par_1_11' title="bbox 176 1120 1725 1203">
     <span class='ocr_line' id='line_1_11' title="bbox 176 1120 1725 1203; baseline 0.012 -33"><span class='ocrx_word' id='word_1_55' title='bbox 176 1120 275 1173; x_wconf 84' lang='lat' dir='ltr'><strong>ctio</strong></span> <span class='ocrx_word' id='word_1_56' title='bbox 298 1120 432 1174; x_wconf 87' lang='lat' dir='ltr'><strong>bello</strong></span> <span class='ocrx_word' id='word_1_57' title='bbox 460 1122 700 1190; x_wconf 76' lang='lat' dir='ltr'><strong>Venetis,</strong></span> <span class='ocrx_word' id='word_1_58' title='bbox 731 1141 793 1180; x_wconf 87' lang='lat' dir='ltr'><strong>ex</strong></span> <span class='ocrx_word' id='word_1_59' title='bbox 820 1126 935 1198; x_wconf 91' lang='lat' dir='ltr'><strong>lege</strong></span> <span class='ocrx_word' id='word_1_60' title='bbox 962 1127 1182 1184; x_wconf 68' lang='lat' dir='ltr'><strong>foederis</strong></span> <span class='ocrx_word' id='word_1_61' title='bbox 1244 1133 1484 1187; x_wconf 82' lang='lat' dir='ltr'><strong>subsidia</strong></span> <span class='ocrx_word' id='word_1_62' title='bbox 1539 1136 1725 1203; x_wconf 86' lang='lat' dir='ltr'><strong>misit;</strong></span> 
     </span>
    </p>
   </div>
   <div class='ocr_carea' id='block_1_12' title="bbox 176 1214 1724 1295">
    <p class='ocr_par' dir='ltr' id='par_1_12' title="bbox 176 1214 1724 1295">
     <span class='ocr_line' id='line_1_12' title="bbox 176 1214 1724 1295; baseline 0.012 -32"><span class='ocrx_word' id='word_1_63' title='bbox 176 1214 419 1282; x_wconf 87' lang='lat' dir='ltr'><strong>auspiciis</strong></span> <span class='ocrx_word' id='word_1_64' title='bbox 441 1216 697 1272; x_wconf 83' lang='lat' dir='ltr'><strong>Consalvi</strong></span> <span class='ocrx_word' id='word_1_65' title='bbox 730 1221 837 1285; x_wconf 90' lang='lat' dir='ltr'><strong>sui,</strong></span> <span class='ocrx_word' id='word_1_66' title='bbox 869 1237 1033 1290; x_wconf 82' lang='lat' dir='ltr'><strong>quem</strong></span> <span class='ocrx_word' id='word_1_67' title='bbox 1090 1224 1343 1292; x_wconf 78' lang='lat' dir='ltr'><strong>Magnum</strong></span> <span class='ocrx_word' id='word_1_68' title='bbox 1374 1228 1724 1295; x_wconf 89' lang='lat' dir='ltr'><strong>capitaneum</strong></span> 
     </span>
    </p>
   </div>
   <div class='ocr_carea' id='block_1_13' title="bbox 176 1306 1725 1388">
    <p class='ocr_par' dir='ltr' id='par_1_13' title="bbox 176 1306 1725 1388">
     <span class='ocr_line' id='line_1_13' title="bbox 176 1306 1725 1388; baseline 0.012 -34"><span class='ocrx_word' id='word_1_69' title='bbox 176 1306 443 1361; x_wconf 71' lang='lat' dir='ltr'><strong>vocabant.</strong></span> <span class='ocrx_word' id='word_1_70' title='bbox 476 1307 526 1363; x_wconf 90' lang='lat' dir='ltr'><strong>Is</strong></span> <span class='ocrx_word' id='word_1_71' title='bbox 543 1311 839 1380; x_wconf 84' lang='lat' dir='ltr'><strong>adjunctus</strong></span> <span class='ocrx_word' id='word_1_72' title='bbox 862 1316 1025 1367; x_wconf 88' lang='lat' dir='ltr'><strong>classi</strong></span> <span class='ocrx_word' id='word_1_73' title='bbox 1052 1315 1295 1379; x_wconf 74' lang='lat' dir='ltr'><strong>Venetze,</strong></span> <span class='ocrx_word' id='word_1_74' title='bbox 1314 1318 1725 1388; x_wconf 68' lang='lat' dir='ltr'><strong>Cephalleniam</strong></span> 
     </span>
    </p>
   </div>
   <div class='ocr_carea' id='block_1_14' title="bbox 174 1397 1727 1477">
    <p class='ocr_par' dir='ltr' id='par_1_14' title="bbox 174 1397 1727 1477">
     <span class='ocr_line' id='line_1_14' title="bbox 174 1397 1727 1477; baseline 0.011 -28"><span class='ocrx_word' id='word_1_75' title='bbox 174 1397 392 1453; x_wconf 91' lang='lat' dir='ltr'><strong>insulam</strong></span> <span class='ocrx_word' id='word_1_76' title='bbox 409 1399 602 1456; x_wconf 83' lang='lat' dir='ltr'><strong>Turcis</strong></span> <span class='ocrx_word' id='word_1_77' title='bbox 628 1410 866 1472; x_wconf 76' lang='lat' dir='ltr'><strong>ereptam</strong></span> <span class='ocrx_word' id='word_1_78' title='bbox 902 1410 1265 1477; x_wconf 82' lang='lat' dir='ltr'><strong>recuperavit,</strong></span> <span class='ocrx_word' id='word_1_79' title='bbox 1296 1425 1420 1465; x_wconf 87' lang='lat' dir='ltr'><strong>eum</strong></span> <span class='ocrx_word' id='word_1_80' title='bbox 1442 1412 1499 1465; x_wconf 77' lang='lat' dir='ltr'><strong>S.</strong></span> <span class='ocrx_word' id='word_1_81' title='bbox 1543 1411 1727 1466; x_wconf 85' lang='lat' dir='ltr'><strong>Maura</strong></span> 
     </span>
    </p>
   </div>
   <div class='ocr_carea' id='block_1_15' title="bbox 172 1492 1729 1574">
    <p class='ocr_par' dir='ltr' id='par_1_15' title="bbox 172 1492 1729 1574">
     <span class='ocr_line' id='line_1_15' title="bbox 172 1492 1729 1574; baseline 0.012 -32"><span class='ocrx_word' id='word_1_82' title='bbox 172 1492 304 1560; x_wconf 89' lang='lat' dir='ltr'><strong>quod</strong></span> <span class='ocrx_word' id='word_1_83' title='bbox 340 1495 594 1563; x_wconf 83' lang='lat' dir='ltr'><strong>oppidum</strong></span> <span class='ocrx_word' id='word_1_84' title='bbox 636 1496 896 1552; x_wconf 86' lang='lat' dir='ltr'><strong>ininsula</strong></span> <span class='ocrx_word' id='word_1_85' title='bbox 937 1503 1283 1569; x_wconf 82' lang='lat' dir='ltr'><strong>cognomine,</strong></span> <span class='ocrx_word' id='word_1_86' title='bbox 1340 1504 1526 1574; x_wconf 90' lang='lat' dir='ltr'><strong>(prisci</strong></span> <span class='ocrx_word' id='word_1_87' title='bbox 1585 1505 1729 1559; x_wconf 77' lang='lat' dir='ltr'><strong>Leu-</strong></span> 
     </span>
    </p>
   </div>
   <div class='ocr_carea' id='block_1_16' title="bbox 173 1588 1733 1665">
    <p class='ocr_par' dir='ltr' id='par_1_16' title="bbox 173 1588 1733 1665">
     <span class='ocr_line' id='line_1_16' title="bbox 173 1588 1733 1665; baseline 0.01 -27"><span class='ocrx_word' id='word_1_88' title='bbox 173 1588 346 1640; x_wconf 85' lang='lat' dir='ltr'><strong>cadem</strong></span> <span class='ocrx_word' id='word_1_89' title='bbox 384 1590 670 1659; x_wconf 87' lang='lat' dir='ltr'><strong>vocarunt)</strong></span> <span class='ocrx_word' id='word_1_90' title='bbox 702 1608 811 1645; x_wconf 92' lang='lat' dir='ltr'><strong>non</strong></span> <span class='ocrx_word' id='word_1_91' title='bbox 856 1595 1047 1662; x_wconf 89' lang='lat' dir='ltr'><strong>procul</strong></span> <span class='ocrx_word' id='word_1_92' title='bbox 1078 1593 1408 1665; x_wconf 79' lang='lat' dir='ltr'><strong>aNaupacto</strong></span> <span class='ocrx_word' id='word_1_93' title='bbox 1440 1598 1733 1664; x_wconf 84' lang='lat' dir='ltr'><strong>Patrisque</strong></span> 
     </span>
    </p>
   </div>
   <div class='ocr_carea' id='block_1_17' title="bbox 169 1678 1725 1757">
    <p class='ocr_par' dir='ltr' id='par_1_17' title="bbox 169 1678 1725 1757">
     <span class='ocr_line' id='line_1_17' title="bbox 169 1678 1725 1757; baseline 0.006 -25"><span class='ocrx_word' id='word_1_94' title='bbox 169 1678 322 1748; x_wconf 66' lang='grc'><strong>467</strong></span> <span class='ocrx_word' id='word_1_95' title='bbox 341 1681 527 1745; x_wconf 82' lang='lat' dir='ltr'><strong>situm,</strong></span> <span class='ocrx_word' id='word_1_96' title='bbox 559 1683 627 1736; x_wconf 92' lang='lat' dir='ltr'><strong>ab</strong></span> <span class='ocrx_word' id='word_1_97' title='bbox 647 1687 889 1753; x_wconf 87' lang='lat' dir='ltr'><strong>Augusto</strong></span> <span class='ocrx_word' id='word_1_98' title='bbox 924 1696 1045 1754; x_wconf 85' lang='lat' dir='ltr'><strong>post</strong></span> <span class='ocrx_word' id='word_1_99' title='bbox 1074 1688 1354 1742; x_wconf 80' lang='lat' dir='ltr'><strong>Actiacam</strong></span> <span class='ocrx_word' id='word_1_100' title='bbox 1420 1690 1725 1757; x_wconf 86' lang='lat' dir='ltr'><strong>victoriam,</strong></span> 
     </span>
    </p>
   </div>
   <div class='ocr_carea' id='block_1_18' title="bbox 168 1771 1725 1851">
    <p class='ocr_par' dir='ltr' id='par_1_18' title="bbox 168 1771 1725 1851">
     <span class='ocr_line' id='line_1_18' title="bbox 168 1771 1725 1851; baseline 0.009 -27"><span class='ocrx_word' id='word_1_101' title='bbox 168 1771 429 1841; x_wconf 81' lang='lat' dir='ltr'><strong>Nicopolis</strong></span> <span class='ocrx_word' id='word_1_102' title='bbox 453 1776 659 1830; x_wconf 85' lang='lat' dir='ltr'><strong>dictum</strong></span> <span class='ocrx_word' id='word_1_103' title='bbox 684 1776 804 1831; x_wconf 82' lang='lat' dir='ltr'><strong>fuit.</strong></span> <span class='ocrx_word' id='word_1_104' title='bbox 835 1780 1080 1835; x_wconf 86' lang='lat' dir='ltr'><strong>Adaucta</strong></span> <span class='ocrx_word' id='word_1_105' title='bbox 1105 1796 1325 1851; x_wconf 88' lang='lat' dir='ltr'><strong>quoque</strong></span> <span class='ocrx_word' id='word_1_106' title='bbox 1350 1791 1479 1838; x_wconf 88' lang='lat' dir='ltr'><strong>tunc</strong></span> <span class='ocrx_word' id='word_1_107' title='bbox 1523 1783 1725 1839; x_wconf 82' lang='lat' dir='ltr'><strong>Veneta</strong></span> 
     </span>
    </p>
   </div>
   <div class='ocr_carea' id='block_1_19' title="bbox 1832 576 3403 648">
    <p class='ocr_par' dir='ltr' id='par_1_19' title="bbox 1832 576 3403 648">
     <span class='ocr_line' id='line_1_19' title="bbox 1832 576 3403 648; baseline 0.006 -19"><span class='ocrx_word' id='word_1_108' title='bbox 1832 576 1949 645; x_wconf 87' lang='lat' dir='ltr'><strong>begi</strong></span> <span class='ocrx_word' id='word_1_109' title='bbox 1982 577 2108 639; x_wconf 88' lang='lat' dir='ltr'><strong>mei,</strong></span> <span class='ocrx_word' id='word_1_110' title='bbox 2144 578 2549 648; x_wconf 87' lang='lat' dir='ltr'><strong>violent-amqne</strong></span> <span class='ocrx_word' id='word_1_111' title='bbox 2580 580 2965 648; x_wconf 85' lang='lat' dir='ltr'><strong>genizarorum</strong></span> <span class='ocrx_word' id='word_1_112' title='bbox 3020 597 3266 637; x_wconf 89' lang='lat' dir='ltr'><strong>meorum</strong></span> <span class='ocrx_word' id='word_1_113' title='bbox 3306 600 3403 638; x_wconf 89' lang='lat' dir='ltr'><strong>ex-</strong></span> 
     </span>
    </p>
   </div>
   <div class='ocr_carea' id='block_1_20' title="bbox 1830 672 3404 741">
    <p class='ocr_par' dir='ltr' id='par_1_20' title="bbox 1830 672 3404 741">
     <span class='ocr_line' id='line_1_20' title="bbox 1830 672 3404 741; baseline 0.007 -21"><span class='ocrx_word' id='word_1_114' title='bbox 1830 673 2239 741; x_wconf 88' lang='lat' dir='ltr'><strong>pugnationem,</strong></span> <span class='ocrx_word' id='word_1_115' title='bbox 2273 674 2566 728; x_wconf 82' lang='lat' dir='ltr'><strong>concessit.</strong></span> <span class='ocrx_word' id='word_1_116' title='bbox 2595 672 2806 739; x_wconf 85' lang='lat' dir='ltr'><strong>Quibus</strong></span> <span class='ocrx_word' id='word_1_117' title='bbox 2836 675 2888 729; x_wconf 84' lang='lat' dir='ltr'><strong>in</strong></span> <span class='ocrx_word' id='word_1_118' title='bbox 2924 676 3107 731; x_wconf 84' lang='lat' dir='ltr'><strong>verbis</strong></span> <span class='ocrx_word' id='word_1_119' title='bbox 3149 677 3239 732; x_wconf 91' lang='lat' dir='ltr'><strong>illa</strong></span> <span class='ocrx_word' id='word_1_120' title='bbox 3259 676 3404 731; x_wconf 83' lang='lat' dir='ltr'><strong>Tur-</strong></span> 
     </span>
    </p>
   </div>
   <div class='ocr_carea' id='block_1_21' title="bbox 1830 764 3405 840">
    <p class='ocr_par' dir='ltr' id='par_1_21' title="bbox 1830 764 3405 840">
     <span class='ocr_line' id='line_1_21' title="bbox 1830 764 3405 840; baseline 0.004 -21"><span class='ocrx_word' id='word_1_121' title='bbox 1830 766 1968 829; x_wconf 89' lang='lat' dir='ltr'><strong>cica,</strong></span> <span class='ocrx_word' id='word_1_122' title='bbox 1989 764 2189 835; x_wconf 80' lang='lat' dir='ltr'><strong>Taugri</strong></span> <span class='ocrx_word' id='word_1_123' title='bbox 2217 766 2454 830; x_wconf 67' lang='lat' dir='ltr'><strong>Vereris,</strong></span> <span class='ocrx_word' id='word_1_124' title='bbox 2483 776 2579 822; x_wconf 89' lang='lat' dir='ltr'><strong>aut</strong></span> <span class='ocrx_word' id='word_1_125' title='bbox 2603 766 2822 824; x_wconf 76' lang='lat' dir='ltr'><strong>Verersi</strong></span> <span class='ocrx_word' id='word_1_126' title='bbox 2852 769 3055 839; x_wconf 89' lang='lat' dir='ltr'><strong>potius,</strong></span> <span class='ocrx_word' id='word_1_127' title='bbox 3080 769 3247 825; x_wconf 84' lang='lat' dir='ltr'><strong>Deum</strong></span> <span class='ocrx_word' id='word_1_128' title='bbox 3273 785 3405 840; x_wconf 91' lang='lat' dir='ltr'><strong>pro-</strong></span> 
     </span>
    </p>
   </div>
   <div class='ocr_carea' id='block_1_22' title="bbox 1833 858 3404 930">
    <p class='ocr_par' dir='ltr' id='par_1_22' title="bbox 1833 858 3404 930">
     <span class='ocr_line' id='line_1_22' title="bbox 1833 858 3404 930; baseline 0.004 -19"><span class='ocrx_word' id='word_1_129' title='bbox 1833 858 2024 928; x_wconf 88' lang='lat' dir='ltr'><strong>pitium</strong></span> <span class='ocrx_word' id='word_1_130' title='bbox 2074 859 2401 930; x_wconf 80' lang='lat' dir='ltr'><strong>signiﬁcant.</strong></span> <span class='ocrx_word' id='word_1_131' title='bbox 2446 859 2614 915; x_wconf 80' lang='lat' dir='ltr'><strong>Sinan</strong></span> <span class='ocrx_word' id='word_1_132' title='bbox 2672 877 2802 917; x_wconf 88' lang='lat' dir='ltr'><strong>vero</strong></span> <span class='ocrx_word' id='word_1_133' title='bbox 2853 862 3037 928; x_wconf 87' lang='lat' dir='ltr'><strong>bassa,</strong></span> <span class='ocrx_word' id='word_1_134' title='bbox 3094 861 3252 930; x_wconf 83' lang='lat' dir='ltr'><strong>cujus</strong></span> <span class='ocrx_word' id='word_1_135' title='bbox 3315 863 3404 918; x_wconf 91' lang='lat' dir='ltr'><strong>hic</strong></span> 
     </span>
    </p>
   </div>
   <div class='ocr_carea' id='block_1_23' title="bbox 1831 951 3402 1023">
    <p class='ocr_par' dir='ltr' id='par_1_23' title="bbox 1831 951 3402 1023">
     <span class='ocr_line' id='line_1_23' title="bbox 1831 951 3402 1023; baseline 0.004 -20"><span class='ocrx_word' id='word_1_136' title='bbox 1831 951 2034 1005; x_wconf 90' lang='lat' dir='ltr'><strong>mentio</strong></span> <span class='ocrx_word' id='word_1_137' title='bbox 2067 952 2145 1014; x_wconf 86' lang='lat' dir='ltr'><strong>lit,</strong></span> <span class='ocrx_word' id='word_1_138' title='bbox 2189 951 2349 1006; x_wconf 90' lang='lat' dir='ltr'><strong>initio</strong></span> <span class='ocrx_word' id='word_1_139' title='bbox 2398 954 2694 1023; x_wconf 77' lang='lat' dir='ltr'><strong>expugnati</strong></span> <span class='ocrx_word' id='word_1_140' title='bbox 2748 952 2896 1007; x_wconf 86' lang='lat' dir='ltr'><strong>Cairi</strong></span> <span class='ocrx_word' id='word_1_141' title='bbox 2930 954 3101 1007; x_wconf 90' lang='lat' dir='ltr'><strong>ductu</strong></span> <span class='ocrx_word' id='word_1_142' title='bbox 3156 954 3402 1018; x_wconf 88' lang='lat' dir='ltr'><strong>Selimis,</strong></span> 
     </span>
    </p>
   </div>
   <div class='ocr_carea' id='block_1_24' title="bbox 1832 1041 3406 1113">
    <p class='ocr_par' dir='ltr' id='par_1_24' title="bbox 1832 1041 3406 1113">
     <span class='ocr_line' id='line_1_24' title="bbox 1832 1041 3406 1113; baseline 0.003 -18"><span class='ocrx_word' id='word_1_143' title='bbox 1832 1041 2082 1113; x_wconf 81' lang='lat' dir='ltr'><strong>Bajazitis</strong></span> <span class='ocrx_word' id='word_1_144' title='bbox 2117 1043 2235 1106; x_wconf 81' lang='lat' dir='ltr'><strong>lilii,</strong></span> <span class='ocrx_word' id='word_1_145' title='bbox 2267 1059 2440 1099; x_wconf 73' lang='lat' dir='ltr'><strong>ctesus</strong></span> <span class='ocrx_word' id='word_1_146' title='bbox 2466 1060 2493 1098; x_wconf 89' lang='lat' dir='ltr'><strong>a</strong></span> <span class='ocrx_word' id='word_1_147' title='bbox 2545 1044 2867 1099; x_wconf 81' lang='lat' dir='ltr'><strong>Mamelucis</strong></span> <span class='ocrx_word' id='word_1_148' title='bbox 2916 1046 3209 1110; x_wconf 82' lang='lat' dir='ltr'><strong>occubuit,</strong></span> <span class='ocrx_word' id='word_1_149' title='bbox 3266 1055 3325 1100; x_wconf 90' lang='lat' dir='ltr'><strong>ut</strong></span> <span class='ocrx_word' id='word_1_150' title='bbox 3351 1047 3406 1101; x_wconf 93' lang='lat' dir='ltr'><strong>in</strong></span> 
     </span>
    </p>
   </div>
   <div class='ocr_carea' id='block_1_25' title="bbox 1830 1135 2733 1207">
    <p class='ocr_par' dir='ltr' id='par_1_25' title="bbox 1830 1135 2733 1207">
     <span class='ocr_line' id='line_1_25' title="bbox 1830 1135 2733 1207; baseline 0.007 -21"><span class='ocrx_word' id='word_1_151' title='bbox 1830 1135 2131 1191; x_wconf 79' lang='lat' dir='ltr'><strong>Annalibus</strong></span> <span class='ocrx_word' id='word_1_152' title='bbox 2170 1150 2271 1191; x_wconf 91' lang='lat' dir='ltr'><strong>suo</strong></span> <span class='ocrx_word' id='word_1_153' title='bbox 2304 1137 2423 1191; x_wconf 88' lang='lat' dir='ltr'><strong>loco</strong></span> <span class='ocrx_word' id='word_1_154' title='bbox 2452 1145 2733 1207; x_wconf 88' lang='lat' dir='ltr'><strong>sequetur.</strong></span> 
     </span>
    </p>
   </div>
   <div class='ocr_carea' id='block_1_26' title="bbox 1832 1248 3404 1323">
    <p class='ocr_par' dir='ltr' id='par_1_26' title="bbox 1832 1248 3404 1323">
     <span class='ocr_line' id='line_1_26' title="bbox 1832 1248 3404 1323; baseline 0 -20"><span class='ocrx_word' id='word_1_155' title='bbox 1832 1248 1952 1303; x_wconf 81' lang='grc'><strong>178.</strong></span> <span class='ocrx_word' id='word_1_156' title='bbox 1976 1248 2218 1323; x_wconf 52' lang='lat' dir='ltr'><strong>Mitylin}</strong></span> <span class='ocrx_word' id='word_1_157' title='bbox 2236 1267 2283 1323; x_wconf 8' lang='lat' dir='ltr'><strong>ag</strong></span> <span class='ocrx_word' id='word_1_158' title='bbox 2297 1250 2521 1323; x_wconf 51' lang='lat' dir='ltr'><strong>Venetis,</strong></span> <span class='ocrx_word' id='word_1_159' title='bbox 2539 1260 2584 1305; x_wconf 86' lang='lat' dir='ltr'><strong>et</strong></span> <span class='ocrx_word' id='word_1_160' title='bbox 2608 1251 2997 1319; x_wconf 72' lang='lat' dir='ltr'><strong>confwderatis,</strong></span> <span class='ocrx_word' id='word_1_161' title='bbox 3018 1253 3171 1305; x_wconf 85' lang='lat' dir='ltr'><strong>irrito</strong></span> <span class='ocrx_word' id='word_1_162' title='bbox 3189 1261 3404 1323; x_wconf 73' lang='lat' dir='ltr'><strong>conatu,</strong></span> 
     </span>
    </p>
   </div>
   <div class='ocr_carea' id='block_1_27' title="bbox 1904 1320 3333 1392">
    <p class='ocr_par' dir='ltr' id='par_1_27' title="bbox 1904 1320 3333 1392">
     <span class='ocr_line' id='line_1_27' title="bbox 1904 1320 3333 1392; baseline 0.003 -20"><span class='ocrx_word' id='word_1_163' title='bbox 1904 1329 2124 1373; x_wconf 79' lang='lat' dir='ltr'><strong>tentata.</strong></span> <span class='ocrx_word' id='word_1_164' title='bbox 2162 1320 2397 1389; x_wconf 80' lang='lat' dir='ltr'><strong>Philippi</strong></span> <span class='ocrx_word' id='word_1_165' title='bbox 2432 1321 2718 1376; x_wconf 70' lang='lat' dir='ltr'><strong>Ravestani</strong></span> <span class='ocrx_word' id='word_1_166' title='bbox 2756 1323 2923 1392; x_wconf 78' lang='lat' dir='ltr'><strong>reguli</strong></span> <span class='ocrx_word' id='word_1_167' title='bbox 2971 1323 3333 1392; x_wconf 76' lang='lat' dir='ltr'><strong>naufragium.</strong></span> 
     </span>
    </p>
   </div>
   <div class='ocr_carea' id='block_1_28' title="bbox 1901 1412 3403 1484">
    <p class='ocr_par' dir='ltr' id='par_1_28' title="bbox 1901 1412 3403 1484">
     <span class='ocr_line' id='line_1_28' title="bbox 1901 1412 3403 1484; baseline 0.005 -20"><span class='ocrx_word' id='word_1_168' title='bbox 1901 1412 2140 1466; x_wconf 80' lang='lat' dir='ltr'><strong>Annales</strong></span> <span class='ocrx_word' id='word_1_169' title='bbox 2172 1412 2391 1467; x_wconf 86' lang='lat' dir='ltr'><strong>Turcici</strong></span> <span class='ocrx_word' id='word_1_170' title='bbox 2426 1415 2690 1467; x_wconf 76' lang='lat' dir='ltr'><strong>duntaxat</strong></span> <span class='ocrx_word' id='word_1_171' title='bbox 2718 1413 3137 1484; x_wconf 86' lang='lat' dir='ltr'><strong>llispanicornm</strong></span> <span class='ocrx_word' id='word_1_172' title='bbox 3168 1417 3403 1472; x_wconf 78' lang='lat' dir='ltr'><strong>auxilio-</strong></span> 
     </span>
    </p>
   </div>
   <div class='ocr_carea' id='block_1_29' title="bbox 1830 1505 3405 1578">
    <p class='ocr_par' dir='ltr' id='par_1_29' title="bbox 1830 1505 3405 1578">
     <span class='ocr_line' id='line_1_29' title="bbox 1830 1505 3405 1578; baseline 0.003 -20"><span class='ocrx_word' id='word_1_173' title='bbox 1830 1520 1951 1558; x_wconf 85' lang='lat' dir='ltr'><strong>rum</strong></span> <span class='ocrx_word' id='word_1_174' title='bbox 1988 1505 2305 1567; x_wconf 87' lang='lat' dir='ltr'><strong>meminere,</strong></span> <span class='ocrx_word' id='word_1_175' title='bbox 2336 1519 2458 1573; x_wconf 69' lang='lat' dir='ltr'><strong>qua:</strong></span> <span class='ocrx_word' id='word_1_176' title='bbox 2493 1505 2704 1559; x_wconf 88' lang='lat' dir='ltr'><strong>scilicet</strong></span> <span class='ocrx_word' id='word_1_177' title='bbox 2750 1520 2777 1558; x_wconf 92' lang='lat' dir='ltr'><strong>a</strong></span> <span class='ocrx_word' id='word_1_178' title='bbox 2811 1506 3157 1562; x_wconf 84' lang='lat' dir='ltr'><strong>Ferdinando</strong></span> <span class='ocrx_word' id='word_1_179' title='bbox 3192 1510 3405 1578; x_wconf 86' lang='lat' dir='ltr'><strong>Arago-</strong></span> 
     </span>
    </p>
   </div>
   <div class='ocr_carea' id='block_1_30' title="bbox 1834 1595 3408 1666">
    <p class='ocr_par' dir='ltr' id='par_1_30' title="bbox 1834 1595 3408 1666">
     <span class='ocr_line' id='line_1_30' title="bbox 1834 1595 3408 1666; baseline 0.003 -16"><span class='ocrx_word' id='word_1_180' title='bbox 1834 1613 1960 1651; x_wconf 90' lang='lat' dir='ltr'><strong>num</strong></span> <span class='ocrx_word' id='word_1_181' title='bbox 1990 1606 2045 1650; x_wconf 89' lang='lat' dir='ltr'><strong>et</strong></span> <span class='ocrx_word' id='word_1_182' title='bbox 2074 1595 2325 1651; x_wconf 68' lang='lat' dir='ltr'><strong>Castellse</strong></span> <span class='ocrx_word' id='word_1_183' title='bbox 2367 1612 2514 1666; x_wconf 88' lang='lat' dir='ltr'><strong>rege,</strong></span> <span class='ocrx_word' id='word_1_184' title='bbox 2552 1597 2739 1652; x_wconf 85' lang='lat' dir='ltr'><strong>Karuli</strong></span> <span class='ocrx_word' id='word_1_185' title='bbox 2773 1596 2811 1651; x_wconf 84' lang='lat' dir='ltr'><strong>V</strong></span> <span class='ocrx_word' id='word_1_186' title='bbox 2866 1598 3102 1654; x_wconf 68' lang='lat' dir='ltr'><strong>Caesaris</strong></span> <span class='ocrx_word' id='word_1_187' title='bbox 3139 1616 3244 1655; x_wconf 87' lang='lat' dir='ltr'><strong>avo</strong></span> <span class='ocrx_word' id='word_1_188' title='bbox 3292 1616 3408 1655; x_wconf 86' lang='lat' dir='ltr'><strong>ma-</strong></span> 
     </span>
    </p>
   </div>
   <div class='ocr_carea' id='block_1_31' title="bbox 1832 1689 3404 1759">
    <p class='ocr_par' dir='ltr' id='par_1_31' title="bbox 1832 1689 3404 1759">
     <span class='ocr_line' id='line_1_31' title="bbox 1832 1689 3404 1759; baseline 0.003 -14"><span class='ocrx_word' id='word_1_189' title='bbox 1832 1700 2006 1753; x_wconf 91' lang='lat' dir='ltr'><strong>terno,</strong></span> <span class='ocrx_word' id='word_1_190' title='bbox 2064 1690 2407 1759; x_wconf 89' lang='lat' dir='ltr'><strong>suppeditata</strong></span> <span class='ocrx_word' id='word_1_191' title='bbox 2444 1689 2596 1745; x_wconf 85' lang='lat' dir='ltr'><strong>luere</strong></span> <span class='ocrx_word' id='word_1_192' title='bbox 2627 1690 2872 1757; x_wconf 68' lang='lat' dir='ltr'><strong>Venetis,</strong></span> <span class='ocrx_word' id='word_1_193' title='bbox 2927 1691 3065 1746; x_wconf 90' lang='lat' dir='ltr'><strong>duce</strong></span> <span class='ocrx_word' id='word_1_194' title='bbox 3096 1693 3404 1758; x_wconf 84' lang='lat' dir='ltr'><strong>Consalvo.</strong></span> 
     </span>
    </p>
   </div>
   <div class='ocr_carea' id='block_1_32' title="bbox 1832 1781 3402 1851">
    <p class='ocr_par' dir='ltr' id='par_1_32' title="bbox 1832 1781 3402 1851">
     <span class='ocr_line' id='line_1_32' title="bbox 1832 1781 3402 1851; baseline 0.001 -14"><span class='ocrx_word' id='word_1_195' title='bbox 1832 1784 1899 1837; x_wconf 90' lang='lat' dir='ltr'><strong>de</strong></span> <span class='ocrx_word' id='word_1_196' title='bbox 1923 1798 2031 1851; x_wconf 91' lang='lat' dir='ltr'><strong>quo</strong></span> <span class='ocrx_word' id='word_1_197' title='bbox 2057 1783 2312 1837; x_wconf 87' lang='lat' dir='ltr'><strong>diximus.</strong></span> <span class='ocrx_word' id='word_1_198' title='bbox 2340 1781 2445 1837; x_wconf 85' lang='lat' dir='ltr'><strong>Sed</strong></span> <span class='ocrx_word' id='word_1_199' title='bbox 2480 1792 2701 1837; x_wconf 88' lang='lat' dir='ltr'><strong>constat</strong></span> <span class='ocrx_word' id='word_1_200' title='bbox 2732 1784 2837 1838; x_wconf 87' lang='lat' dir='ltr'><strong>hoc</strong></span> <span class='ocrx_word' id='word_1_201' title='bbox 2889 1785 3053 1839; x_wconf 86' lang='lat' dir='ltr'><strong>etiam</strong></span> <span class='ocrx_word' id='word_1_202' title='bbox 3090 1785 3234 1839; x_wconf 90' lang='lat' dir='ltr'><strong>bello</strong></span> <span class='ocrx_word' id='word_1_203' title='bbox 3273 1787 3402 1841; x_wconf 88' lang='lat' dir='ltr'><strong>Gal-</strong></span> 
     </span>
    </p>
   </div>
   <div class='ocr_carea' id='block_1_33' title="bbox 168 1859 3404 1947">
    <p class='ocr_par' dir='ltr' id='par_1_33' title="bbox 168 1859 3404 1947">
     <span class='ocr_line' id='line_1_33' title="bbox 168 1859 3404 1947; baseline 0.005 -29"><span class='ocrx_word' id='word_1_204' title='bbox 168 1865 348 1919; x_wconf 89' lang='lat' dir='ltr'><strong>classis</strong></span> <span class='ocrx_word' id='word_1_205' title='bbox 371 1865 468 1920; x_wconf 81' lang='lat' dir='ltr'><strong>fuit</strong></span> <span class='ocrx_word' id='word_1_206' title='bbox 498 1868 855 1924; x_wconf 77' lang='lat' dir='ltr'><strong>auxiliaribus</strong></span> <span class='ocrx_word' id='word_1_207' title='bbox 882 1872 1113 1941; x_wconf 75' lang='lat' dir='ltr'><strong>navigiis</strong></span> <span class='ocrx_word' id='word_1_208' title='bbox 1139 1873 1568 1931; x_wconf 78' lang='lat' dir='ltr'><strong>aconftederato</strong></span> <span class='ocrx_word' id='word_1_209' title='bbox 1596 1893 1724 1947; x_wconf 87' lang='lat' dir='ltr'><strong>rege</strong></span> <span class='ocrx_word' id='word_1_210' title='bbox 1762 1859 1800 1912; x_wconf 71' lang='grc' dir='ltr'><strong><em>Β</em></strong></span> <span class='ocrx_word' id='word_1_211' title='bbox 1833 1877 1933 1930; x_wconf 76' lang='lat' dir='ltr'><strong>lira</strong></span> <span class='ocrx_word' id='word_1_212' title='bbox 1992 1873 2213 1930; x_wconf 75' lang='lat' dir='ltr'><strong>Venetis</strong></span> <span class='ocrx_word' id='word_1_213' title='bbox 2264 1891 2291 1930; x_wconf 90' lang='lat' dir='ltr'><strong>a</strong></span> <span class='ocrx_word' id='word_1_214' title='bbox 2354 1892 2477 1945; x_wconf 88' lang='lat' dir='ltr'><strong>rege</strong></span> <span class='ocrx_word' id='word_1_215' title='bbox 2526 1876 2811 1931; x_wconf 77' lang='lat' dir='ltr'><strong>Ludovico</strong></span> <span class='ocrx_word' id='word_1_216' title='bbox 2854 1879 3070 1934; x_wconf 85' lang='lat' dir='ltr'><strong>venisse</strong></span> <span class='ocrx_word' id='word_1_217' title='bbox 3135 1880 3404 1946; x_wconf 86' lang='lat' dir='ltr'><strong>subsidia,</strong></span> 
     </span>
    </p>
   </div>
   <div class='ocr_carea' id='block_1_34' title="bbox 169 1956 1725 2038">
    <p class='ocr_par' dir='ltr' id='par_1_34' title="bbox 169 1956 1725 2038">
     <span class='ocr_line' id='line_1_34' title="bbox 169 1956 1725 2038; baseline 0.01 -29"><span class='ocrx_word' id='word_1_218' title='bbox 169 1956 487 2012; x_wconf 81' lang='lat' dir='ltr'><strong>Francorum</strong></span> <span class='ocrx_word' id='word_1_219' title='bbox 520 1959 796 2016; x_wconf 81' lang='lat' dir='ltr'><strong>Ludovico</strong></span> <span class='ocrx_word' id='word_1_220' title='bbox 828 1962 925 2018; x_wconf 83' lang='lat' dir='ltr'><strong>XII</strong></span> <span class='ocrx_word' id='word_1_221' title='bbox 954 1964 1122 2021; x_wconf 90' lang='lat' dir='ltr'><strong>ductu</strong></span> <span class='ocrx_word' id='word_1_222' title='bbox 1177 1969 1349 2038; x_wconf 89' lang='lat' dir='ltr'><strong>reguli</strong></span> <span class='ocrx_word' id='word_1_223' title='bbox 1406 1969 1725 2032; x_wconf 81' lang='lat' dir='ltr'><strong>Ravestani.</strong></span> 
     </span>
    </p>
   </div>
   <div class='ocr_carea' id='block_1_35' title="bbox 168 2052 1726 2133">
    <p class='ocr_par' dir='ltr' id='par_1_35' title="bbox 168 2052 1726 2133">
     <span class='ocr_line' id='line_1_35' title="bbox 168 2052 1726 2133; baseline 0.008 -27"><span class='ocrx_word' id='word_1_224' title='bbox 168 2052 387 2121; x_wconf 92' lang='lat' dir='ltr'><strong>Philippi</strong></span> <span class='ocrx_word' id='word_1_225' title='bbox 415 2054 708 2120; x_wconf 68' lang='lat' dir='ltr'><strong>Glivensis,</strong></span> <span class='ocrx_word' id='word_1_226' title='bbox 741 2058 834 2124; x_wconf 89' lang='lat' dir='ltr'><strong>qui</strong></span> <span class='ocrx_word' id='word_1_227' title='bbox 858 2056 1101 2112; x_wconf 81' lang='lat' dir='ltr'><strong>Genuam</strong></span> <span class='ocrx_word' id='word_1_228' title='bbox 1138 2076 1235 2128; x_wconf 90' lang='lat' dir='ltr'><strong>pro</strong></span> <span class='ocrx_word' id='word_1_229' title='bbox 1275 2075 1402 2133; x_wconf 86' lang='lat' dir='ltr'><strong>rege</strong></span> <span class='ocrx_word' id='word_1_230' title='bbox 1435 2073 1567 2117; x_wconf 90' lang='lat' dir='ltr'><strong>tunc</strong></span> <span class='ocrx_word' id='word_1_231' title='bbox 1627 2064 1726 2118; x_wconf 86' lang='lat' dir='ltr'><strong>ad-</strong></span> 
     </span>
    </p>
   </div>
   <div class='ocr_carea' id='block_1_36' title="bbox 167 2147 1724 2222">
    <p class='ocr_par' dir='ltr' id='par_1_36' title="bbox 167 2147 1724 2222">
     <span class='ocr_line' id='line_1_36' title="bbox 167 2147 1724 2222; baseline 0.007 -24"><span class='ocrx_word' id='word_1_232' title='bbox 167 2147 520 2201; x_wconf 79' lang='lat' dir='ltr'><strong>ministrabat.</strong></span> <span class='ocrx_word' id='word_1_233' title='bbox 566 2149 614 2204; x_wconf 89' lang='lat' dir='ltr'><strong>ls</strong></span> <span class='ocrx_word' id='word_1_234' title='bbox 649 2150 837 2219; x_wconf 74' lang='lat' dir='ltr'><strong>przelio</strong></span> <span class='ocrx_word' id='word_1_235' title='bbox 863 2166 987 2205; x_wconf 92' lang='lat' dir='ltr'><strong>cum</strong></span> <span class='ocrx_word' id='word_1_236' title='bbox 1013 2150 1207 2208; x_wconf 81' lang='lat' dir='ltr'><strong>Turcis</strong></span> <span class='ocrx_word' id='word_1_237' title='bbox 1230 2169 1724 2222; x_wconf 87' lang='lat' dir='ltr'><strong>congressus,cum</strong></span> 
     </span>
    </p>
   </div>
   <div class='ocr_carea' id='block_1_37' title="bbox 167 2237 1733 2313">
    <p class='ocr_par' dir='ltr' id='par_1_37' title="bbox 167 2237 1733 2313">
     <span class='ocr_line' id='line_1_37' title="bbox 167 2237 1733 2313; baseline 0.011 -26"><span class='ocrx_word' id='word_1_238' title='bbox 167 2237 488 2293; x_wconf 83' lang='lat' dir='ltr'><strong>Venetorum</strong></span> <span class='ocrx_word' id='word_1_239' title='bbox 510 2241 763 2298; x_wconf 88' lang='lat' dir='ltr'><strong>triremes</strong></span> <span class='ocrx_word' id='word_1_240' title='bbox 793 2242 1001 2297; x_wconf 92' lang='lat' dir='ltr'><strong>nullum</strong></span> <span class='ocrx_word' id='word_1_241' title='bbox 1034 2245 1268 2313; x_wconf 86' lang='lat' dir='ltr'><strong>navigiis</strong></span> <span class='ocrx_word' id='word_1_242' title='bbox 1285 2247 1404 2301; x_wconf 88' lang='lat' dir='ltr'><strong>suis</strong></span> <span class='ocrx_word' id='word_1_243' title='bbox 1423 2248 1566 2303; x_wconf 82' lang='lat' dir='ltr'><strong>ferre</strong></span> <span class='ocrx_word' id='word_1_244' title='bbox 1596 2249 1733 2304; x_wconf 73' lang='lat' dir='ltr'><strong>sub-</strong></span> 
     </span>
    </p>
   </div>
   <div class='ocr_carea' id='block_1_38' title="bbox 163 2331 1728 2405">
    <p class='ocr_par' dir='ltr' id='par_1_38' title="bbox 163 2331 1728 2405">
     <span class='ocr_line' id='line_1_38' title="bbox 163 2331 1728 2405; baseline 0.008 -23"><span class='ocrx_word' id='word_1_245' title='bbox 163 2331 354 2385; x_wconf 86' lang='lat' dir='ltr'><strong>sidium</strong></span> <span class='ocrx_word' id='word_1_246' title='bbox 409 2332 635 2388; x_wconf 78' lang='lat' dir='ltr'><strong>vidisset</strong></span> <span class='ocrx_word' id='word_1_247' title='bbox 666 2352 680 2388; x_wconf 91' lang='lat'><strong>:</strong></span> <span class='ocrx_word' id='word_1_248' title='bbox 746 2336 1083 2405; x_wconf 90' lang='lat' dir='ltr'><strong>indignatus,</strong></span> <span class='ocrx_word' id='word_1_249' title='bbox 1114 2340 1234 2392; x_wconf 72' lang='lat' dir='ltr'><strong>vela</strong></span> <span class='ocrx_word' id='word_1_250' title='bbox 1263 2342 1437 2395; x_wconf 90' lang='lat' dir='ltr'><strong>ventis</strong></span> <span class='ocrx_word' id='word_1_251' title='bbox 1486 2341 1728 2405; x_wconf 89' lang='lat' dir='ltr'><strong>dedit,et</strong></span> 
     </span>
    </p>
   </div>
   <div class='ocr_carea' id='block_1_39' title="bbox 164 2424 1723 2492">
    <p class='ocr_par' dir='ltr' id='par_1_39' title="bbox 164 2424 1723 2492">
     <span class='ocr_line' id='line_1_39' title="bbox 164 2424 1723 2492; baseline 0.007 -15"><span class='ocrx_word' id='word_1_252' title='bbox 164 2424 286 2479; x_wconf 90' lang='lat' dir='ltr'><strong>inde</strong></span> <span class='ocrx_word' id='word_1_253' title='bbox 319 2425 628 2492; x_wconf 83' lang='lat' dir='ltr'><strong>discedens,</strong></span> <span class='ocrx_word' id='word_1_254' title='bbox 649 2426 948 2484; x_wconf 77' lang='lat' dir='ltr'><strong>Massiliam</strong></span> <span class='ocrx_word' id='word_1_255' title='bbox 980 2447 1232 2488; x_wconf 83' lang='lat' dir='ltr'><strong>reversus</strong></span> <span class='ocrx_word' id='word_1_256' title='bbox 1255 2448 1357 2487; x_wconf 86' lang='lat' dir='ltr'><strong>est.</strong></span> <span class='ocrx_word' id='word_1_257' title='bbox 1391 2436 1519 2489; x_wconf 85' lang='lat' dir='ltr'><strong>Erat</strong></span> <span class='ocrx_word' id='word_1_258' title='bbox 1542 2446 1723 2489; x_wconf 85' lang='lat' dir='ltr'><strong>autem</strong></span> 
     </span>
    </p>
   </div>
   <div class='ocr_carea' id='block_1_40' title="bbox 160 2512 1725 2594">
    <p class='ocr_par' dir='ltr' id='par_1_40' title="bbox 160 2512 1725 2594">
     <span class='ocr_line' id='line_1_40' title="bbox 160 2512 1725 2594; baseline 0.009 -28"><span class='ocrx_word' id='word_1_259' title='bbox 160 2512 373 2570; x_wconf 71' lang='lat' dir='ltr'><strong>Veneta:</strong></span> <span class='ocrx_word' id='word_1_260' title='bbox 400 2517 594 2573; x_wconf 84' lang='lat' dir='ltr'><strong>classis</strong></span> <span class='ocrx_word' id='word_1_261' title='bbox 626 2519 926 2589; x_wconf 87' lang='lat' dir='ltr'><strong>imperator</strong></span> <span class='ocrx_word' id='word_1_262' title='bbox 954 2524 1229 2579; x_wconf 80' lang='lat' dir='ltr'><strong>Antonius</strong></span> <span class='ocrx_word' id='word_1_263' title='bbox 1251 2525 1567 2586; x_wconf 82' lang='lat' dir='ltr'><strong>Grimanus.</strong></span> <span class='ocrx_word' id='word_1_264' title='bbox 1631 2525 1725 2594; x_wconf 89' lang='lat' dir='ltr'><strong>qui</strong></span> 
     </span>
    </p>
   </div>
   <div class='ocr_carea' id='block_1_41' title="bbox 162 2611 1728 2683">
    <p class='ocr_par' dir='ltr' id='par_1_41' title="bbox 162 2611 1728 2683">
     <span class='ocr_line' id='line_1_41' title="bbox 162 2611 1728 2683; baseline 0.01 -26"><span class='ocrx_word' id='word_1_265' title='bbox 162 2618 463 2677; x_wconf 84' lang='lat' dir='ltr'><strong>propterea,</strong></span> <span class='ocrx_word' id='word_1_266' title='bbox 496 2611 640 2678; x_wconf 92' lang='lat' dir='ltr'><strong>quod</strong></span> <span class='ocrx_word' id='word_1_267' title='bbox 675 2615 944 2683; x_wconf 87' lang='lat' dir='ltr'><strong>pugnanti</strong></span> <span class='ocrx_word' id='word_1_268' title='bbox 964 2614 1280 2672; x_wconf 80' lang='lat' dir='ltr'><strong>Ravestano</strong></span> <span class='ocrx_word' id='word_1_269' title='bbox 1322 2634 1435 2671; x_wconf 90' lang='lat' dir='ltr'><strong>non</strong></span> <span class='ocrx_word' id='word_1_270' title='bbox 1506 2633 1728 2673; x_wconf 86' lang='lat' dir='ltr'><strong>succur-</strong></span> 
     </span>
    </p>
   </div>
   <div class='ocr_carea' id='block_1_42' title="bbox 160 2701 1727 2777">
    <p class='ocr_par' dir='ltr' id='par_1_42' title="bbox 160 2701 1727 2777">
     <span class='ocr_line' id='line_1_42' title="bbox 160 2701 1727 2777; baseline 0.01 -27"><span class='ocrx_word' id='word_1_271' title='bbox 160 2709 325 2763; x_wconf 67' lang='lat' dir='ltr'><strong>rerat,</strong></span> <span class='ocrx_word' id='word_1_272' title='bbox 358 2710 407 2752; x_wconf 87' lang='lat' dir='ltr'><strong>et</strong></span> <span class='ocrx_word' id='word_1_273' title='bbox 427 2701 667 2770; x_wconf 84' lang='lat' dir='ltr'><strong>alioquin</strong></span> <span class='ocrx_word' id='word_1_274' title='bbox 696 2702 951 2760; x_wconf 78' lang='lat' dir='ltr'><strong>etiam&#39;se</strong></span> <span class='ocrx_word' id='word_1_275' title='bbox 982 2720 1222 2776; x_wconf 86' lang='lat' dir='ltr'><strong>gesserat</strong></span> <span class='ocrx_word' id='word_1_276' title='bbox 1246 2710 1507 2777; x_wconf 82' lang='lat' dir='ltr'><strong>segniter,</strong></span> <span class='ocrx_word' id='word_1_277' title='bbox 1535 2709 1727 2765; x_wconf 76' lang='lat' dir='ltr'><strong>ferreis</strong></span> 
     </span>
    </p>
   </div>
   <div class='ocr_carea' id='block_1_43' title="bbox 154 2793 1724 2861">
    <p class='ocr_par' dir='ltr' id='par_1_43' title="bbox 154 2793 1724 2861">
     <span class='ocr_line' id='line_1_43' title="bbox 154 2793 1724 2861; baseline 0.01 -17"><span class='ocrx_word' id='word_1_278' title='bbox 154 2793 209 2844; x_wconf 91' lang='lat' dir='ltr'><strong>in</strong></span> <span class='ocrx_word' id='word_1_279' title='bbox 244 2793 595 2861; x_wconf 86' lang='lat' dir='ltr'><strong>compedibus</strong></span> <span class='ocrx_word' id='word_1_280' title='bbox 624 2793 882 2852; x_wconf 86' lang='lat' dir='ltr'><strong>Venetias</strong></span> <span class='ocrx_word' id='word_1_281' title='bbox 910 2799 1115 2853; x_wconf 88' lang='lat' dir='ltr'><strong>missus</strong></span> <span class='ocrx_word' id='word_1_282' title='bbox 1151 2799 1272 2854; x_wconf 82' lang='lat' dir='ltr'><strong>fuit.</strong></span> <span class='ocrx_word' id='word_1_283' title='bbox 1301 2801 1487 2855; x_wconf 85' lang='lat' dir='ltr'><strong>Nihilo</strong></span> <span class='ocrx_word' id='word_1_284' title='bbox 1543 2811 1724 2858; x_wconf 90' lang='lat' dir='ltr'><strong>tamen</strong></span> 
     </span>
    </p>
   </div>
   <div class='ocr_carea' id='block_1_44' title="bbox 152 2882 1545 2960">
    <p class='ocr_par' dir='ltr' id='par_1_44' title="bbox 152 2882 1545 2960">
     <span class='ocr_line' id='line_1_44' title="bbox 152 2882 1545 2960; baseline 0.01 -27"><span class='ocrx_word' id='word_1_285' title='bbox 152 2884 336 2935; x_wconf 87' lang='lat' dir='ltr'><strong>minus</strong></span> <span class='ocrx_word' id='word_1_286' title='bbox 366 2882 504 2937; x_wconf 91' lang='lat' dir='ltr'><strong>idem</strong></span> <span class='ocrx_word' id='word_1_287' title='bbox 540 2897 725 2955; x_wconf 80' lang='lat' dir='ltr'><strong>p05tea</strong></span> <span class='ocrx_word' id='word_1_288' title='bbox 754 2886 911 2943; x_wconf 90' lang='lat' dir='ltr'><strong>ducis</strong></span> <span class='ocrx_word' id='word_1_289' title='bbox 938 2890 1259 2960; x_wconf 85' lang='lat' dir='ltr'><strong>dignitatem</strong></span> <span class='ocrx_word' id='word_1_290' title='bbox 1281 2892 1545 2947; x_wconf 88' lang='lat' dir='ltr'><strong>obtinuit.</strong></span> 
     </span>
    </p>
   </div>
   <div class='ocr_carea' id='block_1_45' title="bbox 150 2997 1725 3128">
    <p class='ocr_par' dir='ltr' id='par_1_45' title="bbox 150 2997 1725 3128">
     <span class='ocr_line' id='line_1_45' title="bbox 150 2997 1725 3128; baseline 0.008 -78"><span class='ocrx_word' id='word_1_291' title='bbox 150 2997 279 3052; x_wconf 75' lang='grc'><strong>177.</strong></span> <span class='ocrx_word' id='word_1_292' title='bbox 323 2999 559 3054; x_wconf 78' lang='lat' dir='ltr'><strong>Methone</strong></span> <span class='ocrx_word' id='word_1_293' title='bbox 618 3000 1238 3128; x_wconf 44' lang='lat' dir='ltr'><strong>Cererisque.B¢:jnzitis</strong></span> <span class='ocrx_word' id='word_1_294' title='bbox 1301 3008 1354 3060; x_wconf 80' lang='lat' dir='ltr'><strong>in</strong></span> <span class='ocrx_word' id='word_1_295' title='bbox 1410 3016 1725 3077; x_wconf 75' lang='lat' dir='ltr'><strong>potestatem</strong></span> 
     </span>
     <span class='ocr_line' id='line_1_46' title="bbox 838 3090 1071 3128; baseline 0.004 -1"><span class='ocrx_word' id='word_1_296' title='bbox 838 3090 1026 3128; x_wconf 81' lang='lat' dir='ltr'><strong>venum</strong></span> <span class='ocrx_word' id='word_1_297' title='bbox 1057 3114 1071 3128; x_wconf 92' lang='lat'><strong>.</strong></span> 
     </span>
    </p>
   </div>
   <div class='ocr_carea' id='block_1_46' title="bbox 838 3090 1071 3128">
    <p class='ocr_par' dir='ltr' id='par_1_46' title="bbox 838 3090 1071 3128">
     <span class='ocr_line' id='line_1_47' title="bbox 838 3090 1071 3128; baseline 0.004 -1"><span class='ocrx_word' id='word_1_298' title='bbox 838 3090 1071 3128; x_wconf 76' lang='lat' dir='ltr'><strong>veniunt.</strong></span> 
     </span>
    </p>
   </div>
   <div class='ocr_carea' id='block_1_47' title="bbox 1831 1966 3405 2038">
    <p class='ocr_par' dir='ltr' id='par_1_47' title="bbox 1831 1966 3405 2038">
     <span class='ocr_line' id='line_1_48' title="bbox 1831 1966 3405 2038; baseline 0.003 -17"><span class='ocrx_word' id='word_1_299' title='bbox 1831 1968 1972 2021; x_wconf 85' lang='lat' dir='ltr'><strong>duce</strong></span> <span class='ocrx_word' id='word_1_300' title='bbox 2008 1966 2262 2038; x_wconf 82' lang='lat' dir='ltr'><strong>Philippo</strong></span> <span class='ocrx_word' id='word_1_301' title='bbox 2304 1966 2514 2037; x_wconf 69' lang='lat' dir='ltr'><strong>&#39;regulo</strong></span> <span class='ocrx_word' id='word_1_302' title='bbox 2573 1968 2909 2031; x_wconf 79' lang='lat' dir='ltr'><strong>Ravestano.</strong></span> <span class='ocrx_word' id='word_1_303' title='bbox 2947 1967 3288 2026; x_wconf 84' lang='lat' dir='ltr'><strong>Clivensium</strong></span> <span class='ocrx_word' id='word_1_304' title='bbox 3351 1972 3405 2026; x_wconf 86' lang='lat' dir='ltr'><strong>in</strong></span> 
     </span>
    </p>
   </div>
   <div class='ocr_carea' id='block_1_48' title="bbox 1829 2056 3406 2131">
    <p class='ocr_par' dir='ltr' id='par_1_48' title="bbox 1829 2056 3406 2131">
     <span class='ocr_line' id='line_1_49' title="bbox 1829 2056 3406 2131; baseline 0.003 -20"><span class='ocrx_word' id='word_1_305' title='bbox 1829 2056 2124 2112; x_wconf 86' lang='lat' dir='ltr'><strong>Germania</strong></span> <span class='ocrx_word' id='word_1_306' title='bbox 2161 2058 2471 2128; x_wconf 82' lang='lat' dir='ltr'><strong>principum</strong></span> <span class='ocrx_word' id='word_1_307' title='bbox 2506 2058 2717 2112; x_wconf 76' lang='lat' dir='ltr'><strong>familia</strong></span> <span class='ocrx_word' id='word_1_308' title='bbox 2757 2068 2905 2125; x_wconf 89' lang='lat' dir='ltr'><strong>nato,</strong></span> <span class='ocrx_word' id='word_1_309' title='bbox 2930 2061 3023 2129; x_wconf 90' lang='lat' dir='ltr'><strong>qui</strong></span> <span class='ocrx_word' id='word_1_310' title='bbox 3053 2061 3155 2116; x_wconf 82' lang='lat' dir='ltr'><strong>hae</strong></span> <span class='ocrx_word' id='word_1_311' title='bbox 3178 2061 3406 2131; x_wconf 79' lang='lat' dir='ltr'><strong>expedi-</strong></span> 
     </span>
    </p>
   </div>
   <div class='ocr_carea' id='block_1_49' title="bbox 1832 2148 3407 2217">
    <p class='ocr_par' dir='ltr' id='par_1_49' title="bbox 1832 2148 3407 2217">
     <span class='ocr_line' id='line_1_50' title="bbox 1832 2148 3407 2217; baseline 0.005 -16"><span class='ocrx_word' id='word_1_312' title='bbox 1832 2148 1982 2203; x_wconf 84' lang='lat' dir='ltr'><strong>tione</strong></span> <span class='ocrx_word' id='word_1_313' title='bbox 2039 2165 2228 2204; x_wconf 88' lang='lat' dir='ltr'><strong>secum</strong></span> <span class='ocrx_word' id='word_1_314' title='bbox 2276 2150 2585 2205; x_wconf 85' lang='lat' dir='ltr'><strong>adduxerat</strong></span> <span class='ocrx_word' id='word_1_315' title='bbox 2636 2150 2881 2206; x_wconf 70' lang='lat' dir='ltr'><strong>Albaniae</strong></span> <span class='ocrx_word' id='word_1_316' title='bbox 2924 2154 3116 2207; x_wconf 88' lang='lat' dir='ltr'><strong>ducem</strong></span> <span class='ocrx_word' id='word_1_317' title='bbox 3160 2154 3407 2217; x_wconf 84' lang='lat' dir='ltr'><strong>Scotum,</strong></span> 
     </span>
    </p>
   </div>
   <div class='ocr_carea' id='block_1_50' title="bbox 1829 2240 3408 2311">
    <p class='ocr_par' dir='ltr' id='par_1_50' title="bbox 1829 2240 3408 2311">
     <span class='ocr_line' id='line_1_51' title="bbox 1829 2240 3408 2311; baseline 0.004 -18"><span class='ocrx_word' id='word_1_318' title='bbox 1829 2256 1989 2309; x_wconf 87' lang='lat' dir='ltr'><strong>quem</strong></span> <span class='ocrx_word' id='word_1_319' title='bbox 2045 2240 2358 2309; x_wconf 84' lang='lat' dir='ltr'><strong>Albignium</strong></span> <span class='ocrx_word' id='word_1_320' title='bbox 2395 2242 2477 2296; x_wconf 87' lang='lat' dir='ltr'><strong>vel</strong></span> <span class='ocrx_word' id='word_1_321' title='bbox 2508 2240 2801 2311; x_wconf 87' lang='lat' dir='ltr'><strong>Obignium</strong></span> <span class='ocrx_word' id='word_1_322' title='bbox 2830 2244 3072 2299; x_wconf 69' lang='lat' dir='ltr'><strong>historiae</strong></span> <span class='ocrx_word' id='word_1_323' title='bbox 3098 2254 3320 2311; x_wconf 86' lang='lat' dir='ltr'><strong>vocant,</strong></span> <span class='ocrx_word' id='word_1_324' title='bbox 3352 2254 3408 2300; x_wconf 87' lang='lat' dir='ltr'><strong>et</strong></span> 
     </span>
    </p>
   </div>
   <div class='ocr_carea' id='block_1_51' title="bbox 1830 2330 3413 2405">
    <p class='ocr_par' dir='ltr' id='par_1_51' title="bbox 1830 2330 3413 2405">
     <span class='ocr_line' id='line_1_52' title="bbox 1830 2330 3413 2405; baseline 0.003 -19"><span class='ocrx_word' id='word_1_325' title='bbox 1830 2331 2097 2388; x_wconf 75' lang='lat' dir='ltr'><strong>infantem</strong></span> <span class='ocrx_word' id='word_1_326' title='bbox 2130 2330 2504 2388; x_wconf 79' lang='lat' dir='ltr'><strong>Navarrenum</strong></span> <span class='ocrx_word' id='word_1_327' title='bbox 2540 2334 2646 2405; x_wconf 89' lang='lat' dir='ltr'><strong>(sic</strong></span> <span class='ocrx_word' id='word_1_328' title='bbox 2680 2334 3115 2405; x_wconf 24' lang='lat' dir='ltr'><strong>llispanormore</strong></span> <span class='ocrx_word' id='word_1_329' title='bbox 3139 2337 3413 2392; x_wconf 84' lang='lat' dir='ltr'><strong>secundo-</strong></span> 
     </span>
    </p>
   </div>
   <div class='ocr_carea' id='block_1_52' title="bbox 1829 2426 3406 2497">
    <p class='ocr_par' dir='ltr' id='par_1_52' title="bbox 1829 2426 3406 2497">
     <span class='ocr_line' id='line_1_53' title="bbox 1829 2426 3406 2497; baseline 0.002 -18"><span class='ocrx_word' id='word_1_330' title='bbox 1829 2426 1992 2495; x_wconf 86' lang='lat' dir='ltr'><strong>geniti</strong></span> <span class='ocrx_word' id='word_1_331' title='bbox 2012 2440 2198 2494; x_wconf 87' lang='lat' dir='ltr'><strong>regum</strong></span> <span class='ocrx_word' id='word_1_332' title='bbox 2231 2426 2328 2480; x_wconf 83' lang='lat' dir='ltr'><strong>lilii</strong></span> <span class='ocrx_word' id='word_1_333' title='bbox 2355 2429 2755 2496; x_wconf 84' lang='lat' dir='ltr'><strong>nominantur),</strong></span> <span class='ocrx_word' id='word_1_334' title='bbox 2788 2444 2914 2483; x_wconf 90' lang='lat' dir='ltr'><strong>cum</strong></span> <span class='ocrx_word' id='word_1_335' title='bbox 2949 2444 3147 2497; x_wconf 89' lang='lat' dir='ltr'><strong>magno</strong></span> <span class='ocrx_word' id='word_1_336' title='bbox 3177 2429 3406 2483; x_wconf 86' lang='lat' dir='ltr'><strong>aliorum</strong></span> 
     </span>
    </p>
   </div>
   <div class='ocr_carea' id='block_1_53' title="bbox 1829 2518 3407 2578">
    <p class='ocr_par' dir='ltr' id='par_1_53' title="bbox 1829 2518 3407 2578">
     <span class='ocr_line' id='line_1_54' title="bbox 1829 2518 3407 2578; baseline 0.004 -7"><span class='ocrx_word' id='word_1_337' title='bbox 1829 2518 2097 2572; x_wconf 61' lang='lat' dir='ltr'><strong>utibilium</strong></span> <span class='ocrx_word' id='word_1_338' title='bbox 2144 2533 2175 2573; x_wconf 94' lang='lat' dir='ltr'><strong>e</strong></span> <span class='ocrx_word' id='word_1_339' title='bbox 2214 2518 2391 2574; x_wconf 81' lang='lat' dir='ltr'><strong>Gallia</strong></span> <span class='ocrx_word' id='word_1_340' title='bbox 2430 2536 2681 2576; x_wconf 76' lang='lat' dir='ltr'><strong>numero.</strong></span> <span class='ocrx_word' id='word_1_341' title='bbox 2724 2521 2860 2577; x_wconf 85' lang='lat' dir='ltr'><strong>Tota</strong></span> <span class='ocrx_word' id='word_1_342' title='bbox 2899 2523 3095 2578; x_wconf 89' lang='lat' dir='ltr'><strong>classis</strong></span> <span class='ocrx_word' id='word_1_343' title='bbox 3125 2523 3407 2578; x_wconf 87' lang='lat' dir='ltr'><strong>hominum</strong></span> 
     </span>
    </p>
   </div>
   <div class='ocr_carea' id='block_1_54' title="bbox 1830 2610 3409 2684">
    <p class='ocr_par' dir='ltr' id='par_1_54' title="bbox 1830 2610 3409 2684">
     <span class='ocr_line' id='line_1_55' title="bbox 1830 2610 3409 2684; baseline 0.004 -20"><span class='ocrx_word' id='word_1_344' title='bbox 1830 2610 1969 2665; x_wconf 91' lang='lat' dir='ltr'><strong>bello</strong></span> <span class='ocrx_word' id='word_1_345' title='bbox 2004 2611 2323 2667; x_wconf 89' lang='lat' dir='ltr'><strong>idoneorum</strong></span> <span class='ocrx_word' id='word_1_346' title='bbox 2364 2614 2429 2667; x_wconf 86' lang='lat' dir='ltr'><strong>ad</strong></span> <span class='ocrx_word' id='word_1_347' title='bbox 2490 2614 2666 2669; x_wconf 76' lang='grc'>10000</span> <span class='ocrx_word' id='word_1_348' title='bbox 2720 2616 3066 2679; x_wconf 87' lang='lat' dir='ltr'><strong>continebat,</strong></span> <span class='ocrx_word' id='word_1_349' title='bbox 3118 2628 3176 2670; x_wconf 88' lang='lat' dir='ltr'><strong>ut</strong></span> <span class='ocrx_word' id='word_1_350' title='bbox 3229 2615 3409 2684; x_wconf 39' lang='lat' dir='ltr'><strong>Spans</strong></span> 
     </span>
    </p>
   </div>
   <div class='ocr_carea' id='block_1_55' title="bbox 1827 2702 3408 2771">
    <p class='ocr_par' dir='ltr' id='par_1_55' title="bbox 1827 2702 3408 2771">
     <span class='ocr_line' id='line_1_56' title="bbox 1827 2702 3408 2771; baseline 0.003 -15"><span class='ocrx_word' id='word_1_351' title='bbox 1827 2702 2065 2771; x_wconf 86' lang='lat' dir='ltr'><strong>duginus</strong></span> <span class='ocrx_word' id='word_1_352' title='bbox 2099 2704 2287 2761; x_wconf 76' lang='lat' dir='ltr'><strong>refert.</strong></span> <span class='ocrx_word' id='word_1_353' title='bbox 2315 2706 2395 2759; x_wconf 90' lang='lat' dir='ltr'><strong>Ab</strong></span> <span class='ocrx_word' id='word_1_354' title='bbox 2451 2706 2537 2761; x_wconf 92' lang='lat' dir='ltr'><strong>his</strong></span> <span class='ocrx_word' id='word_1_355' title='bbox 2570 2707 2796 2763; x_wconf 87' lang='lat' dir='ltr'><strong>obsessa</strong></span> <span class='ocrx_word' id='word_1_356' title='bbox 2826 2706 2929 2761; x_wconf 82' lang='lat' dir='ltr'><strong>fuit</strong></span> <span class='ocrx_word' id='word_1_357' title='bbox 2960 2710 3093 2763; x_wconf 91' lang='lat' dir='ltr'><strong>urbs</strong></span> <span class='ocrx_word' id='word_1_358' title='bbox 3121 2707 3281 2761; x_wconf 87' lang='lat' dir='ltr'><strong>Lesbi</strong></span> <span class='ocrx_word' id='word_1_359' title='bbox 3307 2706 3408 2761; x_wconf 82' lang='lat' dir='ltr'><strong>Mi-</strong></span> 
     </span>
    </p>
   </div>
   <div class='ocr_carea' id='block_1_56' title="bbox 1829 2796 3421 2869">
    <p class='ocr_par' dir='ltr' id='par_1_56' title="bbox 1829 2796 3421 2869">
     <span class='ocr_line' id='line_1_57' title="bbox 1829 2796 3421 2869; baseline 0.004 -22"><span class='ocrx_word' id='word_1_360' title='bbox 1829 2796 2020 2864; x_wconf 84' lang='lat' dir='ltr'><strong>tyline,</strong></span> <span class='ocrx_word' id='word_1_361' title='bbox 2058 2798 2347 2867; x_wconf 83' lang='lat' dir='ltr'><strong>captisque</strong></span> <span class='ocrx_word' id='word_1_362' title='bbox 2378 2799 2662 2853; x_wconf 84' lang='lat' dir='ltr'><strong>suburbiis</strong></span> <span class='ocrx_word' id='word_1_363' title='bbox 2684 2800 2983 2869; x_wconf 85' lang='lat' dir='ltr'><strong>oppugnati</strong></span> <span class='ocrx_word' id='word_1_364' title='bbox 3029 2800 3330 2856; x_wconf 87' lang='lat' dir='ltr'><strong>terribilem</strong></span> <span class='ocrx_word' id='word_1_365' title='bbox 3354 2802 3421 2853; x_wconf 54' lang='lat' dir='ltr'><strong>inv</strong></span> 
     </span>
    </p>
   </div>
   <div class='ocr_carea' id='block_1_57' title="bbox 1828 2885 3406 2959">
    <p class='ocr_par' dir='ltr' id='par_1_57' title="bbox 1828 2885 3406 2959">
     <span class='ocr_line' id='line_1_58' title="bbox 1828 2885 3406 2959; baseline 0.005 -20"><span class='ocrx_word' id='word_1_366' title='bbox 1828 2885 2049 2940; x_wconf 88' lang='lat' dir='ltr'><strong>modum</strong></span> <span class='ocrx_word' id='word_1_367' title='bbox 2119 2888 2285 2950; x_wconf 88' lang='lat' dir='ltr'><strong>muri.</strong></span> <span class='ocrx_word' id='word_1_368' title='bbox 2336 2889 2431 2944; x_wconf 91' lang='lat' dir='ltr'><strong>sed</strong></span> <span class='ocrx_word' id='word_1_369' title='bbox 2481 2888 2709 2945; x_wconf 76' lang='lat' dir='ltr'><strong>frustra.</strong></span> <span class='ocrx_word' id='word_1_370' title='bbox 2746 2890 2990 2959; x_wconf 80' lang='lat' dir='ltr'><strong>Regulus</strong></span> <span class='ocrx_word' id='word_1_371' title='bbox 3043 2892 3406 2955; x_wconf 81' lang='lat' dir='ltr'><strong>Ravestanus,</strong></span> 
     </span>
    </p>
   </div>
   <div class='ocr_carea' id='block_1_58' title="bbox 1828 2980 3404 3049">
    <p class='ocr_par' dir='ltr' id='par_1_58' title="bbox 1828 2980 3404 3049">
     <span class='ocr_line' id='line_1_59' title="bbox 1828 2980 3404 3049; baseline 0.004 -17"><span class='ocrx_word' id='word_1_372' title='bbox 1828 2987 2116 3047; x_wconf 78' lang='lat' dir='ltr'><strong>postquam</strong></span> <span class='ocrx_word' id='word_1_373' title='bbox 2155 2980 2445 3035; x_wconf 86' lang='lat' dir='ltr'><strong>obsidione</strong></span> <span class='ocrx_word' id='word_1_374' title='bbox 2502 2982 2679 3035; x_wconf 90' lang='lat' dir='ltr'><strong>soluta</strong></span> <span class='ocrx_word' id='word_1_375' title='bbox 2738 2980 3043 3037; x_wconf 88' lang='lat' dir='ltr'><strong>discessum</strong></span> <span class='ocrx_word' id='word_1_376' title='bbox 3076 2999 3140 3037; x_wconf 92' lang='lat' dir='ltr'><strong>ex</strong></span> <span class='ocrx_word' id='word_1_377' title='bbox 3202 2984 3404 3049; x_wconf 83' lang='lat' dir='ltr'><strong>insula,</strong></span> 
     </span>
    </p>
   </div>
   <div class='ocr_carea' id='block_1_59' title="bbox 1826 3067 3408 3148">
    <p class='ocr_par' dir='ltr' id='par_1_59' title="bbox 1826 3067 3408 3148">
     <span class='ocr_line' id='line_1_60' title="bbox 1826 3067 3408 3148; baseline 0.008 -27"><span class='ocrx_word' id='word_1_378' title='bbox 1826 3067 2081 3137; x_wconf 82' lang='lat' dir='ltr'><strong>Magnum</strong></span> <span class='ocrx_word' id='word_1_379' title='bbox 2110 3070 2284 3125; x_wconf 73' lang='lat' dir='ltr'><strong>Rhodi</strong></span> <span class='ocrx_word' id='word_1_380' title='bbox 2324 3070 2644 3141; x_wconf 80' lang='lat' dir='ltr'><strong>Magistrum</strong></span> <span class='ocrx_word' id='word_1_381' title='bbox 2678 3088 2803 3128; x_wconf 90' lang='lat' dir='ltr'><strong>cum</strong></span> <span class='ocrx_word' id='word_1_382' title='bbox 2835 3074 2905 3130; x_wconf 72' lang='lat'><strong>29</strong></span> <span class='ocrx_word' id='word_1_383' title='bbox 2938 3077 3169 3145; x_wconf 80' lang='lat' dir='ltr'><strong>navigiis</strong></span> <span class='ocrx_word' id='word_1_384' title='bbox 3207 3093 3408 3148; x_wconf 88' lang='lat' dir='ltr'><strong>exspe-</strong></span> 
     </span>
    </p>
   </div>
   <div class='ocr_carea' id='block_1_60' title="bbox 220 3159 1725 3251">
    <p class='ocr_par' dir='ltr' id='par_1_60' title="bbox 220 3159 1723 3235">
     <span class='ocr_line' id='line_1_61' title="bbox 220 3159 1723 3235; baseline 0.009 -22"><span class='ocrx_word' id='word_1_385' title='bbox 220 3159 442 3218; x_wconf 85' lang='lat' dir='ltr'><strong>Nobiles</strong></span> <span class='ocrx_word' id='word_1_386' title='bbox 464 3163 517 3218; x_wconf 91' lang='lat' dir='ltr'><strong>in</strong></span> <span class='ocrx_word' id='word_1_387' title='bbox 544 3162 733 3233; x_wconf 89' lang='lat' dir='ltr'><strong>primis</strong></span> <span class='ocrx_word' id='word_1_388' title='bbox 760 3164 1117 3235; x_wconf 87' lang='lat' dir='ltr'><strong>Peloponnesi</strong></span> <span class='ocrx_word' id='word_1_389' title='bbox 1150 3178 1278 3224; x_wconf 92' lang='lat' dir='ltr'><strong>sunt</strong></span> <span class='ocrx_word' id='word_1_390' title='bbox 1310 3171 1474 3226; x_wconf 88' lang='lat' dir='ltr'><strong>urbes</strong></span> <span class='ocrx_word' id='word_1_391' title='bbox 1509 3172 1565 3226; x_wconf 94' lang='lat' dir='ltr'><strong>in</strong></span> <span class='ocrx_word' id='word_1_392' title='bbox 1587 3171 1723 3227; x_wconf 64' lang='lat' dir='ltr'><strong>Mes»</strong></span> 
     </span>
    </p>
   </div>
   <div class='ocr_carea' id='block_1_61' title="bbox 1830 3159 3410 3251">
    <p class='ocr_par' dir='ltr' id='par_1_61' title="bbox 1830 3163 3410 3239">
     <span class='ocr_line' id='line_1_62' title="bbox 1830 3163 3410 3239; baseline 0.004 -24"><span class='ocrx_word' id='word_1_393' title='bbox 1830 3174 1984 3216; x_wconf 90' lang='lat' dir='ltr'><strong>ctare</strong></span> <span class='ocrx_word' id='word_1_394' title='bbox 2015 3163 2232 3227; x_wconf 84' lang='lat' dir='ltr'><strong>nolens,</strong></span> <span class='ocrx_word' id='word_1_395' title='bbox 2253 3163 2599 3235; x_wconf 79' lang='lat' dir='ltr'><strong>naufragium</strong></span> <span class='ocrx_word' id='word_1_396' title='bbox 2625 3176 2847 3235; x_wconf 86' lang='lat' dir='ltr'><strong>propter</strong></span> <span class='ocrx_word' id='word_1_397' title='bbox 2873 3168 3109 3223; x_wconf 85' lang='lat' dir='ltr'><strong>insulam</strong></span> <span class='ocrx_word' id='word_1_398' title='bbox 3127 3169 3410 3239; x_wconf 85' lang='lat' dir='ltr'><strong>Cerigum,</strong></span> 
     </span>
    </p>
   </div>
   <div class='ocr_carea' id='block_1_62' title="bbox 140 3255 1726 3335">
    <p class='ocr_par' dir='ltr' id='par_1_62' title="bbox 140 3255 1726 3335">
     <span class='ocr_line' id='line_1_63' title="bbox 140 3255 1726 3335; baseline 0.006 -25"><span class='ocrx_word' id='word_1_399' title='bbox 140 3255 301 3310; x_wconf 87' lang='lat' dir='ltr'><strong>senia</strong></span> <span class='ocrx_word' id='word_1_400' title='bbox 348 3258 653 3323; x_wconf 66' lang='lat' dir='ltr'><strong>maritimae,</strong></span> <span class='ocrx_word' id='word_1_401' title='bbox 706 3257 960 3315; x_wconf 77' lang='lat' dir='ltr'><strong>Methone</strong></span> <span class='ocrx_word' id='word_1_402' title='bbox 1015 3269 1069 3315; x_wconf 89' lang='lat' dir='ltr'><strong>et</strong></span> <span class='ocrx_word' id='word_1_403' title='bbox 1113 3261 1349 3329; x_wconf 91' lang='lat' dir='ltr'><strong>Corone,</strong></span> <span class='ocrx_word' id='word_1_404' title='bbox 1396 3278 1517 3334; x_wconf 73' lang='lat' dir='ltr'><strong>qua:</strong></span> <span class='ocrx_word' id='word_1_405' title='bbox 1565 3264 1726 3335; x_wconf 84' lang='lat' dir='ltr'><strong>vulgo</strong></span> 
     </span>
    </p>
   </div>
   <div class='ocr_carea' id='block_1_63' title="bbox 141 3348 1723 3426">
    <p class='ocr_par' dir='ltr' id='par_1_63' title="bbox 141 3348 1723 3426">
     <span class='ocr_line' id='line_1_64' title="bbox 141 3348 1723 3426; baseline 0.007 -25"><span class='ocrx_word' id='word_1_406' title='bbox 141 3363 297 3403; x_wconf 88' lang='lat' dir='ltr'><strong>nunc</strong></span> <span class='ocrx_word' id='word_1_407' title='bbox 335 3348 530 3403; x_wconf 80' lang='lat' dir='ltr'><strong>Modon</strong></span> <span class='ocrx_word' id='word_1_408' title='bbox 560 3359 616 3404; x_wconf 93' lang='lat' dir='ltr'><strong>et</strong></span> <span class='ocrx_word' id='word_1_409' title='bbox 646 3350 826 3405; x_wconf 89' lang='lat' dir='ltr'><strong>Coron</strong></span> <span class='ocrx_word' id='word_1_410' title='bbox 875 3353 1246 3423; x_wconf 89' lang='lat' dir='ltr'><strong>appellantur.</strong></span> <span class='ocrx_word' id='word_1_411' title='bbox 1282 3356 1582 3426; x_wconf 89' lang='lat' dir='ltr'><strong>Utramque</strong></span> <span class='ocrx_word' id='word_1_412' title='bbox 1613 3372 1723 3412; x_wconf 94' lang='lat' dir='ltr'><strong>non</strong></span> 
     </span>
    </p>
   </div>
   <div class='ocr_carea' id='block_1_64' title="bbox 138 3435 1726 3516">
    <p class='ocr_par' dir='ltr' id='par_1_64' title="bbox 138 3435 1726 3516">
     <span class='ocr_line' id='line_1_65' title="bbox 138 3435 1726 3516; baseline 0.008 -27"><span class='ocrx_word' id='word_1_413' title='bbox 138 3435 271 3489; x_wconf 88' lang='lat' dir='ltr'><strong>sine</strong></span> <span class='ocrx_word' id='word_1_414' title='bbox 321 3435 568 3504; x_wconf 87' lang='lat' dir='ltr'><strong>periculo</strong></span> <span class='ocrx_word' id='word_1_415' title='bbox 604 3438 866 3496; x_wconf 86' lang='lat' dir='ltr'><strong>vidimus.</strong></span> <span class='ocrx_word' id='word_1_416' title='bbox 920 3441 1227 3497; x_wconf 80' lang='lat' dir='ltr'><strong>Methonem</strong></span> <span class='ocrx_word' id='word_1_417' title='bbox 1281 3445 1592 3502; x_wconf 81' lang='lat' dir='ltr'><strong>Nicolaides</strong></span> <span class='ocrx_word' id='word_1_418' title='bbox 1630 3462 1726 3516; x_wconf 89' lang='lat' dir='ltr'><strong>per</strong></span> 
     </span>
    </p>
   </div>
   <div class='ocr_carea' id='block_1_65' title="bbox 137 3530 1723 3596">
    <p class='ocr_par' dir='ltr' id='par_1_65' title="bbox 137 3530 1723 3596">
     <span class='ocr_line' id='line_1_66' title="bbox 137 3530 1723 3596; baseline 0.009 -16"><span class='ocrx_word' id='word_1_419' title='bbox 137 3542 392 3582; x_wconf 88' lang='lat' dir='ltr'><strong>errorem</strong></span> <span class='ocrx_word' id='word_1_420' title='bbox 448 3530 672 3596; x_wconf 86' lang='lat' dir='ltr'><strong>scripsit</strong></span> <span class='ocrx_word' id='word_1_421' title='bbox 709 3533 839 3586; x_wconf 88' lang='lat' dir='ltr'><strong>olim</strong></span> <span class='ocrx_word' id='word_1_422' title='bbox 898 3534 1101 3588; x_wconf 85' lang='lat' dir='ltr'><strong>dictam</strong></span> <span class='ocrx_word' id='word_1_423' title='bbox 1161 3536 1331 3593; x_wconf 79' lang='lat' dir='ltr'><strong>fuisse</strong></span> <span class='ocrx_word' id='word_1_424' title='bbox 1369 3538 1723 3594; x_wconf 74' lang='lat' dir='ltr'><strong>Mantineam.</strong></span> 
     </span>
    </p>
   </div>
   <div class='ocr_carea' id='block_1_66' title="bbox 134 3617 1723 3699">
    <p class='ocr_par' dir='ltr' id='par_1_66' title="bbox 134 3617 1723 3699">
     <span class='ocr_line' id='line_1_67' title="bbox 134 3617 1723 3699; baseline 0.011 -30"><span class='ocrx_word' id='word_1_425' title='bbox 134 3617 363 3686; x_wconf 86' lang='lat' dir='ltr'><strong>Quippe</strong></span> <span class='ocrx_word' id='word_1_426' title='bbox 385 3629 541 3675; x_wconf 90' lang='lat' dir='ltr'><strong>vetus</strong></span> <span class='ocrx_word' id='word_1_427' title='bbox 576 3622 836 3679; x_wconf 75' lang='lat' dir='ltr'><strong>Methona:</strong></span> <span class='ocrx_word' id='word_1_428' title='bbox 870 3640 1070 3682; x_wconf 89' lang='lat' dir='ltr'><strong>nomen</strong></span> <span class='ocrx_word' id='word_1_429' title='bbox 1100 3638 1205 3692; x_wconf 88' lang='lat' dir='ltr'><strong>est,</strong></span> <span class='ocrx_word' id='word_1_430' title='bbox 1239 3639 1293 3685; x_wconf 89' lang='lat' dir='ltr'><strong>et</strong></span> <span class='ocrx_word' id='word_1_431' title='bbox 1322 3631 1442 3699; x_wconf 90' lang='lat' dir='ltr'><strong>ipsa</strong></span> <span class='ocrx_word' id='word_1_432' title='bbox 1473 3633 1670 3689; x_wconf 88' lang='lat' dir='ltr'><strong>civitas</strong></span> <span class='ocrx_word' id='word_1_433' title='bbox 1694 3649 1723 3687; x_wconf 88' lang='lat' dir='ltr'><strong>a</strong></span> 
     </span>
    </p>
   </div>
   <div class='ocr_carea' id='block_1_67' title="bbox 130 3710 1727 3791">
    <p class='ocr_par' dir='ltr' id='par_1_67' title="bbox 130 3710 1727 3791">
     <span class='ocr_line' id='line_1_68' title="bbox 130 3710 1727 3791; baseline 0.011 -30"><span class='ocrx_word' id='word_1_434' title='bbox 130 3710 351 3778; x_wconf 76' lang='lat' dir='ltr'><strong>duplici</strong></span> <span class='ocrx_word' id='word_1_435' title='bbox 394 3710 685 3775; x_wconf 76' lang='lat' dir='ltr'><strong>Mantinea,</strong></span> <span class='ocrx_word' id='word_1_436' title='bbox 717 3724 827 3768; x_wconf 89' lang='lat' dir='ltr'><strong>tam</strong></span> <span class='ocrx_word' id='word_1_437' title='bbox 866 3717 1025 3771; x_wconf 87' lang='lat' dir='ltr'><strong>sinus</strong></span> <span class='ocrx_word' id='word_1_438' title='bbox 1072 3718 1335 3789; x_wconf 67' lang='lat' dir='ltr'><strong>Argolici,</strong></span> <span class='ocrx_word' id='word_1_439' title='bbox 1369 3723 1539 3791; x_wconf 90' lang='lat' dir='ltr'><strong>(nunc</strong></span> <span class='ocrx_word' id='word_1_440' title='bbox 1573 3723 1727 3779; x_wconf 75' lang='lat' dir='ltr'><strong>lian-</strong></span> 
     </span>
    </p>
   </div>
   <div class='ocr_carea' id='block_1_68' title="bbox 131 3800 1722 3881">
    <p class='ocr_par' dir='ltr' id='par_1_68' title="bbox 131 3800 1722 3881">
     <span class='ocr_line' id='line_1_69' title="bbox 131 3800 1722 3881; baseline 0.013 -30"><span class='ocrx_word' id='word_1_441' title='bbox 131 3800 332 3866; x_wconf 74' lang='lat' dir='ltr'><strong>rligna)</strong></span> <span class='ocrx_word' id='word_1_442' title='bbox 356 3816 523 3870; x_wconf 91' lang='lat' dir='ltr'><strong>quam</strong></span> <span class='ocrx_word' id='word_1_443' title='bbox 569 3802 817 3860; x_wconf 76' lang='lat' dir='ltr'><strong>Arcadiae</strong></span> <span class='ocrx_word' id='word_1_444' title='bbox 847 3807 1016 3874; x_wconf 82' lang='lat' dir='ltr'><strong>(ntInc</strong></span> <span class='ocrx_word' id='word_1_445' title='bbox 1058 3806 1261 3879; x_wconf 79' lang='lat' dir='ltr'><strong>Mandi)</strong></span> <span class='ocrx_word' id='word_1_446' title='bbox 1294 3813 1451 3881; x_wconf 90' lang='lat' dir='ltr'><strong>longe</strong></span> <span class='ocrx_word' id='word_1_447' title='bbox 1484 3815 1722 3872; x_wconf 89' lang='lat' dir='ltr'><strong>diversa.</strong></span> 
     </span>
    </p>
   </div>
   <div class='ocr_carea' id='block_1_69' title="bbox 131 3892 1725 3967">
    <p class='ocr_par' dir='ltr' id='par_1_69' title="bbox 131 3892 1725 3967">
     <span class='ocr_line' id='line_1_70' title="bbox 131 3892 1725 3967; baseline 0.01 -22"><span class='ocrx_word' id='word_1_448' title='bbox 131 3892 347 3947; x_wconf 88' lang='lat' dir='ltr'><strong>Leonis</strong></span> <span class='ocrx_word' id='word_1_449' title='bbox 381 3893 607 3960; x_wconf 76' lang='lat' dir='ltr'><strong>Augusti</strong></span> <span class='ocrx_word' id='word_1_450' title='bbox 647 3896 867 3952; x_wconf 85' lang='lat' dir='ltr'><strong>Novella</strong></span> <span class='ocrx_word' id='word_1_451' title='bbox 908 3899 977 3955; x_wconf 91' lang='lat' dir='ltr'><strong>de</strong></span> <span class='ocrx_word' id='word_1_452' title='bbox 1030 3900 1290 3967; x_wconf 88' lang='lat' dir='ltr'><strong>Thronis,</strong></span> <span class='ocrx_word' id='word_1_453' title='bbox 1328 3904 1615 3961; x_wconf 80' lang='lat' dir='ltr'><strong>Methonen</strong></span> <span class='ocrx_word' id='word_1_454' title='bbox 1672 3918 1725 3963; x_wconf 92' lang='lat' dir='ltr'><strong>et</strong></span> 
     </span>
    </p>
   </div>
   <div class='ocr_carea' id='block_1_70' title="bbox 126 3986 1725 4062">
    <p class='ocr_par' dir='ltr' id='par_1_70' title="bbox 126 3986 1725 4062">
     <span class='ocr_line' id='line_1_71' title="bbox 126 3986 1725 4062; baseline 0.009 -25"><span class='ocrx_word' id='word_1_455' title='bbox 126 3986 399 4039; x_wconf 85' lang='lat' dir='ltr'><strong>Coronen</strong></span> <span class='ocrx_word' id='word_1_456' title='bbox 438 3988 566 4041; x_wconf 83' lang='lat' dir='ltr'><strong>facit</strong></span> <span class='ocrx_word' id='word_1_457' title='bbox 593 3989 961 4058; x_wconf 78' lang='lat' dir='ltr'><strong>episcopatus,</strong></span> <span class='ocrx_word' id='word_1_458' title='bbox 994 4007 1197 4062; x_wconf 90' lang='lat' dir='ltr'><strong>eosque</strong></span> <span class='ocrx_word' id='word_1_459' title='bbox 1230 3994 1479 4051; x_wconf 81' lang='lat' dir='ltr'><strong>Patrensi</strong></span> <span class='ocrx_word' id='word_1_460' title='bbox 1523 3996 1725 4053; x_wconf 73' lang='lat' dir='ltr'><strong>metro-</strong></span> 
     </span>
    </p>
   </div>
   <div class='ocr_carea' id='block_1_71' title="bbox 127 4078 1725 4161">
    <p class='ocr_par' dir='ltr' id='par_1_71' title="bbox 127 4078 1725 4161">
     <span class='ocr_line' id='line_1_72' title="bbox 127 4078 1725 4161; baseline 0.011 -33"><span class='ocrx_word' id='word_1_461' title='bbox 127 4079 394 4146; x_wconf 89' lang='lat' dir='ltr'><strong>politano</strong></span> <span class='ocrx_word' id='word_1_462' title='bbox 440 4080 493 4133; x_wconf 92' lang='lat' dir='ltr'><strong>in</strong></span> <span class='ocrx_word' id='word_1_463' title='bbox 526 4078 906 4149; x_wconf 73' lang='lat' dir='ltr'><strong>Peloponneso</strong></span> <span class='ocrx_word' id='word_1_464' title='bbox 960 4085 1203 4154; x_wconf 90' lang='lat' dir='ltr'><strong>subjicit.</strong></span> <span class='ocrx_word' id='word_1_465' title='bbox 1237 4086 1507 4143; x_wconf 66' lang='lat' dir='ltr'><strong>Caeterum</strong></span> <span class='ocrx_word' id='word_1_466' title='bbox 1558 4094 1725 4161; x_wconf 87' lang='lat' dir='ltr'><strong>paulo</strong></span> 
     </span>
    </p>
   </div>
   <div class='ocr_carea' id='block_1_72' title="bbox 123 4169 1717 4248">
    <p class='ocr_par' dir='ltr' id='par_1_72' title="bbox 123 4169 1717 4248">
     <span class='ocr_line' id='line_1_73' title="bbox 123 4169 1717 4248; baseline 0.009 -25"><span class='ocrx_word' id='word_1_467' title='bbox 123 4169 305 4223; x_wconf 83' lang='lat' dir='ltr'><strong>aliter</strong></span> <span class='ocrx_word' id='word_1_468' title='bbox 330 4185 358 4222; x_wconf 91' lang='lat' dir='ltr'><strong>a</strong></span> <span class='ocrx_word' id='word_1_469' title='bbox 383 4169 543 4227; x_wconf 83' lang='lat' dir='ltr'><strong>Jovio</strong></span> <span class='ocrx_word' id='word_1_470' title='bbox 566 4183 818 4228; x_wconf 88' lang='lat' dir='ltr'><strong>narratur</strong></span> <span class='ocrx_word' id='word_1_471' title='bbox 840 4191 870 4229; x_wconf 89' lang='lat' dir='ltr'><strong>a</strong></span> <span class='ocrx_word' id='word_1_472' title='bbox 906 4175 1105 4231; x_wconf 84' lang='lat' dir='ltr'><strong>Turcis</strong></span> <span class='ocrx_word' id='word_1_473' title='bbox 1137 4192 1401 4248; x_wconf 88' lang='lat' dir='ltr'><strong>occupata</strong></span> <span class='ocrx_word' id='word_1_474' title='bbox 1437 4182 1717 4248; x_wconf 86' lang='lat' dir='ltr'><strong>Methone,</strong></span> 
     </span>
    </p>
   </div>
   <div class='ocr_carea' id='block_1_73' title="bbox 123 4266 1722 4339">
    <p class='ocr_par' dir='ltr' id='par_1_73' title="bbox 123 4266 1722 4339">
     <span class='ocr_line' id='line_1_74' title="bbox 123 4266 1722 4339; baseline 0.013 -27"><span class='ocrx_word' id='word_1_475' title='bbox 123 4278 308 4332; x_wconf 87' lang='lat' dir='ltr'><strong>quam</strong></span> <span class='ocrx_word' id='word_1_476' title='bbox 338 4266 429 4317; x_wconf 89' lang='lat' dir='ltr'><strong>hic</strong></span> <span class='ocrx_word' id='word_1_477' title='bbox 456 4266 509 4318; x_wconf 94' lang='lat' dir='ltr'><strong>in</strong></span> <span class='ocrx_word' id='word_1_478' title='bbox 538 4268 867 4322; x_wconf 89' lang='lat' dir='ltr'><strong>Annalibus.</strong></span> <span class='ocrx_word' id='word_1_479' title='bbox 915 4269 1129 4339; x_wconf 88' lang='lat' dir='ltr'><strong>Quippe</strong></span> <span class='ocrx_word' id='word_1_480' title='bbox 1164 4275 1329 4327; x_wconf 84' lang='lat' dir='ltr'><strong>tradit</strong></span> <span class='ocrx_word' id='word_1_481' title='bbox 1363 4289 1483 4329; x_wconf 91' lang='lat' dir='ltr'><strong>eam</strong></span> <span class='ocrx_word' id='word_1_482' title='bbox 1513 4279 1722 4333; x_wconf 89' lang='lat' dir='ltr'><strong>incuria</strong></span> 
     </span>
    </p>
   </div>
   <div class='ocr_carea' id='block_1_74' title="bbox 123 4355 1722 4439">
    <p class='ocr_par' dir='ltr' id='par_1_74' title="bbox 123 4355 1722 4439">
     <span class='ocr_line' id='line_1_75' title="bbox 123 4355 1722 4439; baseline 0.01 -32"><span class='ocrx_word' id='word_1_483' title='bbox 123 4355 614 4424; x_wconf 67' lang='lat' dir='ltr'><strong>przrsidiariorum</strong></span> <span class='ocrx_word' id='word_1_484' title='bbox 644 4359 696 4411; x_wconf 88' lang='lat' dir='ltr'><strong>in</strong></span> <span class='ocrx_word' id='word_1_485' title='bbox 749 4360 926 4415; x_wconf 90' lang='lat' dir='ltr'><strong>hostis</strong></span> <span class='ocrx_word' id='word_1_486' title='bbox 960 4371 1285 4430; x_wconf 87' lang='lat' dir='ltr'><strong>potestatem</strong></span> <span class='ocrx_word' id='word_1_487' title='bbox 1332 4367 1566 4431; x_wconf 89' lang='lat' dir='ltr'><strong>venisse,</strong></span> <span class='ocrx_word' id='word_1_488' title='bbox 1630 4370 1722 4439; x_wconf 93' lang='lat' dir='ltr'><strong>qui</strong></span> 
     </span>
    </p>
   </div>
   <div class='ocr_carea' id='block_1_75' title="bbox 120 4449 1724 4519">
    <p class='ocr_par' dir='ltr' id='par_1_75' title="bbox 120 4449 1724 4519">
     <span class='ocr_line' id='line_1_76' title="bbox 120 4449 1724 4519; baseline 0.008 -18"><span class='ocrx_word' id='word_1_489' title='bbox 120 4462 369 4501; x_wconf 87' lang='lat' dir='ltr'><strong>rumore</strong></span> <span class='ocrx_word' id='word_1_490' title='bbox 400 4449 465 4501; x_wconf 89' lang='lat' dir='ltr'><strong>de</strong></span> <span class='ocrx_word' id='word_1_491' title='bbox 492 4450 758 4505; x_wconf 88' lang='lat' dir='ltr'><strong>subsidiis</strong></span> <span class='ocrx_word' id='word_1_492' title='bbox 778 4459 1019 4519; x_wconf 89' lang='lat' dir='ltr'><strong>quatuor</strong></span> <span class='ocrx_word' id='word_1_493' title='bbox 1041 4464 1137 4507; x_wconf 90' lang='lat' dir='ltr'><strong>aut</strong></span> <span class='ocrx_word' id='word_1_494' title='bbox 1167 4471 1259 4509; x_wconf 89' lang='lat' dir='ltr'><strong>sex</strong></span> <span class='ocrx_word' id='word_1_495' title='bbox 1283 4458 1602 4517; x_wconf 86' lang='lat' dir='ltr'><strong>triremibus</strong></span> <span class='ocrx_word' id='word_1_496' title='bbox 1630 4462 1724 4515; x_wconf 82' lang='lat' dir='ltr'><strong>ad-</strong></span> 
     </span>
    </p>
   </div>
   <div class='ocr_carea' id='block_1_76' title="bbox 1828 3256 3411 3333">
    <p class='ocr_par' dir='ltr' id='par_1_76' title="bbox 1828 3256 3411 3333">
     <span class='ocr_line' id='line_1_77' title="bbox 1828 3256 3411 3333; baseline 0.007 -27"><span class='ocrx_word' id='word_1_497' title='bbox 1828 3270 1992 3324; x_wconf 87' lang='lat' dir='ltr'><strong>quam</strong></span> <span class='ocrx_word' id='word_1_498' title='bbox 2054 3265 2267 3310; x_wconf 87' lang='lat' dir='ltr'><strong>veteres</strong></span> <span class='ocrx_word' id='word_1_499' title='bbox 2318 3256 2610 3327; x_wconf 83' lang='lat' dir='ltr'><strong>Cytheram</strong></span> <span class='ocrx_word' id='word_1_500' title='bbox 2666 3258 2875 3324; x_wconf 89' lang='lat' dir='ltr'><strong>dixere,</strong></span> <span class='ocrx_word' id='word_1_501' title='bbox 2933 3261 3099 3314; x_wconf 79' lang='lat' dir='ltr'><strong>fecit:</strong></span> <span class='ocrx_word' id='word_1_502' title='bbox 3161 3264 3411 3333; x_wconf 83' lang='lat' dir='ltr'><strong>adeoque</strong></span> 
     </span>
    </p>
   </div>
   <div class='ocr_carea' id='block_1_77' title="bbox 1828 3345 3408 3418">
    <p class='ocr_par' dir='ltr' id='par_1_77' title="bbox 1828 3345 3408 3418">
     <span class='ocr_line' id='line_1_78' title="bbox 1828 3345 3408 3418; baseline 0.008 -23"><span class='ocrx_word' id='word_1_503' title='bbox 1828 3345 1986 3413; x_wconf 91' lang='lat' dir='ltr'><strong>pauci</strong></span> <span class='ocrx_word' id='word_1_504' title='bbox 2043 3362 2107 3399; x_wconf 83' lang='lat' dir='ltr'><strong>ex</strong></span> <span class='ocrx_word' id='word_1_505' title='bbox 2168 3347 2237 3400; x_wconf 89' lang='lat' dir='ltr'><strong>iis</strong></span> <span class='ocrx_word' id='word_1_506' title='bbox 2277 3348 2371 3415; x_wconf 88' lang='lat' dir='ltr'><strong>qui</strong></span> <span class='ocrx_word' id='word_1_507' title='bbox 2402 3348 2636 3403; x_wconf 88' lang='lat' dir='ltr'><strong>navibus</strong></span> <span class='ocrx_word' id='word_1_508' title='bbox 2667 3349 2821 3405; x_wconf 88' lang='lat' dir='ltr'><strong>hisce</strong></span> <span class='ocrx_word' id='word_1_509' title='bbox 2856 3350 3217 3418; x_wconf 86' lang='lat' dir='ltr'><strong>vehebantur,</strong></span> <span class='ocrx_word' id='word_1_510' title='bbox 3254 3354 3408 3407; x_wconf 77' lang='lat' dir='ltr'><strong>inco-</strong></span> 
     </span>
    </p>
   </div>
   <div class='ocr_carea' id='block_1_78' title="bbox 1832 3440 3408 3511">
    <p class='ocr_par' dir='ltr' id='par_1_78' title="bbox 1832 3440 3408 3511">
     <span class='ocr_line' id='line_1_79' title="bbox 1832 3440 3408 3511; baseline 0.004 -19"><span class='ocrx_word' id='word_1_511' title='bbox 1832 3440 2007 3492; x_wconf 88' lang='lat' dir='ltr'><strong>lumes</strong></span> <span class='ocrx_word' id='word_1_512' title='bbox 2047 3449 2364 3495; x_wconf 89' lang='lat' dir='ltr'><strong>evaserunt.</strong></span> <span class='ocrx_word' id='word_1_513' title='bbox 2413 3440 2493 3494; x_wconf 85' lang='lat' dir='ltr'><strong>Ad</strong></span> <span class='ocrx_word' id='word_1_514' title='bbox 2535 3456 2595 3495; x_wconf 90' lang='lat' dir='ltr'><strong>ea</strong></span> <span class='ocrx_word' id='word_1_515' title='bbox 2622 3457 2742 3511; x_wconf 72' lang='lat' dir='ltr'><strong>qua:</strong></span> <span class='ocrx_word' id='word_1_516' title='bbox 2800 3442 3021 3497; x_wconf 86' lang='lat' dir='ltr'><strong>tradunt</strong></span> <span class='ocrx_word' id='word_1_517' title='bbox 3071 3444 3311 3501; x_wconf 85' lang='lat' dir='ltr'><strong>Annales</strong></span> <span class='ocrx_word' id='word_1_518' title='bbox 3341 3446 3408 3499; x_wconf 88' lang='lat' dir='ltr'><strong>de</strong></span> 
     </span>
    </p>
   </div>
   <div class='ocr_carea' id='block_1_79' title="bbox 1827 3529 3407 3602">
    <p class='ocr_par' dir='ltr' id='par_1_79' title="bbox 1827 3529 3407 3602">
     <span class='ocr_line' id='line_1_80' title="bbox 1827 3529 3407 3602; baseline 0.006 -19"><span class='ocrx_word' id='word_1_519' title='bbox 1827 3530 2039 3601; x_wconf 89' lang='lat' dir='ltr'><strong>placato</strong></span> <span class='ocrx_word' id='word_1_520' title='bbox 2060 3544 2093 3583; x_wconf 89' lang='lat' dir='ltr'><strong>a</strong></span> <span class='ocrx_word' id='word_1_521' title='bbox 2123 3529 2369 3593; x_wconf 85' lang='lat' dir='ltr'><strong>Venetis.</strong></span> <span class='ocrx_word' id='word_1_522' title='bbox 2410 3532 2771 3602; x_wconf 73' lang='lat' dir='ltr'><strong>impetrandae</strong></span> <span class='ocrx_word' id='word_1_523' title='bbox 2803 3535 2954 3602; x_wconf 88' lang='lat' dir='ltr'><strong>pacis</strong></span> <span class='ocrx_word' id='word_1_524' title='bbox 2990 3550 3182 3599; x_wconf 88' lang='lat' dir='ltr'><strong>causa,</strong></span> <span class='ocrx_word' id='word_1_525' title='bbox 3216 3551 3407 3592; x_wconf 58' lang='lat' dir='ltr'><strong>muneo</strong></span> 
     </span>
    </p>
   </div>
   <div class='ocr_carea' id='block_1_80' title="bbox 1827 3620 3406 3694">
    <p class='ocr_par' dir='ltr' id='par_1_80' title="bbox 1827 3620 3406 3694">
     <span class='ocr_line' id='line_1_81' title="bbox 1827 3620 3406 3694; baseline 0.003 -17"><span class='ocrx_word' id='word_1_526' title='bbox 1827 3623 1979 3677; x_wconf 89' lang='lat' dir='ltr'><strong>ribus</strong></span> <span class='ocrx_word' id='word_1_527' title='bbox 1996 3620 2254 3689; x_wconf 78' lang='lat' dir='ltr'><strong>Bajazitis</strong></span> <span class='ocrx_word' id='word_1_528' title='bbox 2275 3625 2482 3692; x_wconf 89' lang='lat' dir='ltr'><strong>animo,</strong></span> <span class='ocrx_word' id='word_1_529' title='bbox 2535 3624 2867 3690; x_wconf 84' lang='lat' dir='ltr'><strong>addendum,</strong></span> <span class='ocrx_word' id='word_1_530' title='bbox 2892 3641 2988 3680; x_wconf 88' lang='lat' dir='ltr'><strong>eos</strong></span> <span class='ocrx_word' id='word_1_531' title='bbox 3017 3642 3115 3694; x_wconf 90' lang='lat' dir='ltr'><strong>per</strong></span> <span class='ocrx_word' id='word_1_532' title='bbox 3137 3627 3406 3683; x_wconf 84' lang='lat' dir='ltr'><strong>Andream</strong></span> 
     </span>
    </p>
   </div>
   <div class='ocr_carea' id='block_1_81' title="bbox 1826 3717 3409 3787">
    <p class='ocr_par' dir='ltr' id='par_1_81' title="bbox 1826 3717 3409 3787">
     <span class='ocr_line' id='line_1_82' title="bbox 1826 3717 3409 3787; baseline 0.001 -15"><span class='ocrx_word' id='word_1_533' title='bbox 1826 3718 2092 3781; x_wconf 88' lang='lat' dir='ltr'><strong>Grittum,</strong></span> <span class='ocrx_word' id='word_1_534' title='bbox 2111 3726 2235 3787; x_wconf 90' lang='lat' dir='ltr'><strong>post</strong></span> <span class='ocrx_word' id='word_1_535' title='bbox 2258 3719 2370 3772; x_wconf 56' lang='lat' dir='ltr'><strong>hac</strong></span> <span class='ocrx_word' id='word_1_536' title='bbox 2398 3717 2641 3786; x_wconf 89' lang='lat' dir='ltr'><strong>ipsorum</strong></span> <span class='ocrx_word' id='word_1_537' title='bbox 2666 3717 2884 3783; x_wconf 90' lang='lat' dir='ltr'><strong>ducem,</strong></span> <span class='ocrx_word' id='word_1_538' title='bbox 2906 3718 3137 3785; x_wconf 83' lang='lat' dir='ltr'><strong>Bajaziti</strong></span> <span class='ocrx_word' id='word_1_539' title='bbox 3162 3720 3220 3774; x_wconf 90' lang='lat' dir='ltr'><strong>S.</strong></span> <span class='ocrx_word' id='word_1_540' title='bbox 3258 3719 3409 3773; x_wconf 80' lang='lat' dir='ltr'><strong>Mau-</strong></span> 
     </span>
    </p>
   </div>
   <div class='ocr_carea' id='block_1_82' title="bbox 1829 3809 3401 3881">
    <p class='ocr_par' dir='ltr' id='par_1_82' title="bbox 1829 3809 3401 3881">
     <span class='ocr_line' id='line_1_83' title="bbox 1829 3809 3401 3881; baseline 0.001 -18"><span class='ocrx_word' id='word_1_541' title='bbox 1829 3824 1943 3863; x_wconf 87' lang='lat' dir='ltr'><strong>ram</strong></span> <span class='ocrx_word' id='word_1_542' title='bbox 1969 3824 2189 3879; x_wconf 86' lang='lat' dir='ltr'><strong>quoque</strong></span> <span class='ocrx_word' id='word_1_543' title='bbox 2219 3809 2548 3875; x_wconf 86' lang='lat' dir='ltr'><strong>restituisse,</strong></span> <span class='ocrx_word' id='word_1_544' title='bbox 2583 3810 2763 3864; x_wconf 91' lang='lat' dir='ltr'><strong>locum</strong></span> <span class='ocrx_word' id='word_1_545' title='bbox 2798 3810 3070 3881; x_wconf 89' lang='lat' dir='ltr'><strong>hodieque</strong></span> <span class='ocrx_word' id='word_1_546' title='bbox 3090 3810 3401 3867; x_wconf 85' lang='lat' dir='ltr'><strong>Turcorum</strong></span> 
     </span>
    </p>
   </div>
   <div class='ocr_carea' id='block_1_83' title="bbox 1832 3899 3405 3969">
    <p class='ocr_par' dir='ltr' id='par_1_83' title="bbox 1832 3899 3405 3969">
     <span class='ocr_line' id='line_1_84' title="bbox 1832 3899 3405 3969; baseline 0.001 -14"><span class='ocrx_word' id='word_1_547' title='bbox 1832 3900 1884 3955; x_wconf 94' lang='lat' dir='ltr'><strong>in</strong></span> <span class='ocrx_word' id='word_1_548' title='bbox 1922 3908 2202 3969; x_wconf 87' lang='lat' dir='ltr'><strong>potestate</strong></span> <span class='ocrx_word' id='word_1_549' title='bbox 2218 3899 2608 3965; x_wconf 86' lang='lat' dir='ltr'><strong>constitutum,</strong></span> <span class='ocrx_word' id='word_1_550' title='bbox 2644 3900 2911 3969; x_wconf 86' lang='lat' dir='ltr'><strong>longeque</strong></span> <span class='ocrx_word' id='word_1_551' title='bbox 2945 3902 3405 3959; x_wconf 84' lang='lat' dir='ltr'><strong>munitissimum.</strong></span> 
     </span>
    </p>
   </div>
   <div class='ocr_carea' id='block_1_84' title="bbox 1832 3992 3403 4062">
    <p class='ocr_par' dir='ltr' id='par_1_84' title="bbox 1832 3992 3403 4062">
     <span class='ocr_line' id='line_1_85' title="bbox 1832 3992 3403 4062; baseline 0.001 -16"><span class='ocrx_word' id='word_1_552' title='bbox 1832 3992 2146 4047; x_wconf 87' lang='lat' dir='ltr'><strong>Leucadem</strong></span> <span class='ocrx_word' id='word_1_553' title='bbox 2182 3992 2270 4046; x_wconf 89' lang='lat' dir='ltr'><strong>alii</strong></span> <span class='ocrx_word' id='word_1_554' title='bbox 2304 3992 2503 4062; x_wconf 88' lang='lat' dir='ltr'><strong>priscis</strong></span> <span class='ocrx_word' id='word_1_555' title='bbox 2530 3993 2733 4047; x_wconf 90' lang='lat' dir='ltr'><strong>dictam</strong></span> <span class='ocrx_word' id='word_1_556' title='bbox 2764 3993 2981 4059; x_wconf 87' lang='lat' dir='ltr'><strong>volunt,</strong></span> <span class='ocrx_word' id='word_1_557' title='bbox 3012 3994 3103 4049; x_wconf 89' lang='lat' dir='ltr'><strong>alii</strong></span> <span class='ocrx_word' id='word_1_558' title='bbox 3136 3992 3403 4049; x_wconf 72' lang='lat' dir='ltr'><strong>Neritum.</strong></span> 
     </span>
    </p>
   </div>
   <div class='ocr_carea' id='block_1_85' title="bbox 1828 4083 3410 4157">
    <p class='ocr_par' dir='ltr' id='par_1_85' title="bbox 1828 4083 3410 4157">
     <span class='ocr_line' id='line_1_86' title="bbox 1828 4083 3410 4157; baseline 0.001 -17"><span class='ocrx_word' id='word_1_559' title='bbox 1828 4086 2169 4141; x_wconf 88' lang='lat' dir='ltr'><strong>Sententiam</strong></span> <span class='ocrx_word' id='word_1_560' title='bbox 2198 4084 2442 4153; x_wconf 87' lang='lat' dir='ltr'><strong>priorum</strong></span> <span class='ocrx_word' id='word_1_561' title='bbox 2470 4100 2535 4139; x_wconf 91' lang='lat' dir='ltr'><strong>ex</strong></span> <span class='ocrx_word' id='word_1_562' title='bbox 2562 4094 2799 4155; x_wconf 62' lang='lat' dir='ltr'><strong>prmtore</strong></span> <span class='ocrx_word' id='word_1_563' title='bbox 2825 4083 3047 4141; x_wconf 66' lang='lat' dir='ltr'><strong>Graecia:</strong></span> <span class='ocrx_word' id='word_1_564' title='bbox 3077 4096 3267 4143; x_wconf 84' lang='lat' dir='ltr'><strong>nostro</strong></span> <span class='ocrx_word' id='word_1_565' title='bbox 3285 4103 3410 4157; x_wconf 88' lang='lat' dir='ltr'><strong>pro-</strong></span> 
     </span>
    </p>
   </div>
   <div class='ocr_carea' id='block_1_86' title="bbox 1832 4176 2393 4248">
    <p class='ocr_par' dir='ltr' id='par_1_86' title="bbox 1832 4176 2393 4248">
     <span class='ocr_line' id='line_1_87' title="bbox 1832 4176 2393 4248; baseline -0.002 -17"><span class='ocrx_word' id='word_1_566' title='bbox 1832 4178 1962 4232; x_wconf 88' lang='lat' dir='ltr'><strong>bare</strong></span> <span class='ocrx_word' id='word_1_567' title='bbox 1995 4176 2206 4248; x_wconf 91' lang='lat' dir='ltr'><strong>liquido</strong></span> <span class='ocrx_word' id='word_1_568' title='bbox 2243 4176 2393 4231; x_wconf 92' lang='lat' dir='ltr'><strong>licet.</strong></span> 
     </span>
    </p>
   </div>
   <div class='ocr_carea' id='block_1_87' title="bbox 1836 4289 3405 4356">
    <p class='ocr_par' dir='ltr' id='par_1_87' title="bbox 1836 4289 3405 4356">
     <span class='ocr_line' id='line_1_88' title="bbox 1836 4289 3405 4356; baseline -0.002 -10"><span class='ocrx_word' id='word_1_569' title='bbox 1836 4292 1956 4346; x_wconf 76' lang='grc'><strong>179.</strong></span> <span class='ocrx_word' id='word_1_570' title='bbox 1984 4292 2255 4345; x_wconf 68' lang='lat' dir='ltr'><strong>Secundus</strong></span> <span class='ocrx_word' id='word_1_571' title='bbox 2280 4289 2705 4356; x_wconf 71' lang='lat' dir='ltr'><strong>Sopltilariorum</strong></span> <span class='ocrx_word' id='word_1_572' title='bbox 2733 4302 2901 4345; x_wconf 79' lang='lat' dir='ltr'><strong>motus</strong></span> <span class='ocrx_word' id='word_1_573' title='bbox 2929 4293 3180 4346; x_wconf 79' lang='lat' dir='ltr'><strong>adversus</strong></span> <span class='ocrx_word' id='word_1_574' title='bbox 3213 4291 3405 4347; x_wconf 77' lang='lat' dir='ltr'><strong>Osma-</strong></span> 
     </span>
    </p>
   </div>
   <div class='ocr_carea' id='block_1_88' title="bbox 1932 4360 3303 4426">
    <p class='ocr_par' dir='ltr' id='par_1_88' title="bbox 1932 4360 3303 4426">
     <span class='ocr_line' id='line_1_89' title="bbox 1932 4360 3303 4426; baseline 0.001 -11"><span class='ocrx_word' id='word_1_575' title='bbox 1932 4364 2095 4426; x_wconf 84' lang='lat' dir='ltr'><strong>nicos,</strong></span> <span class='ocrx_word' id='word_1_576' title='bbox 2134 4362 2322 4423; x_wconf 84' lang='lat' dir='ltr'><strong>Scach,</strong></span> <span class='ocrx_word' id='word_1_577' title='bbox 2354 4360 2497 4423; x_wconf 81' lang='lat' dir='ltr'><strong>Culi,</strong></span> <span class='ocrx_word' id='word_1_578' title='bbox 2530 4361 2715 4415; x_wconf 85' lang='lat' dir='ltr'><strong>Scitan</strong></span> <span class='ocrx_word' id='word_1_579' title='bbox 2750 4360 2889 4426; x_wconf 79' lang='lat' dir='ltr'><strong>Culi,</strong></span> <span class='ocrx_word' id='word_1_580' title='bbox 2935 4360 3083 4416; x_wconf 77' lang='lat' dir='ltr'><strong>Kisel</strong></span> <span class='ocrx_word' id='word_1_581' title='bbox 3124 4365 3303 4417; x_wconf 69' lang='lat' dir='ltr'><strong>basta.</strong></span> 
     </span>
    </p>
   </div>
   <div class='ocr_carea' id='block_1_89' title="bbox 1904 4452 3407 4524">
    <p class='ocr_par' dir='ltr' id='par_1_89' title="bbox 1904 4452 3407 4524">
     <span class='ocr_line' id='line_1_90' title="bbox 1904 4452 3407 4524; baseline 0.001 -15"><span class='ocrx_word' id='word_1_582' title='bbox 1904 4457 1976 4510; x_wconf 88' lang='lat' dir='ltr'><strong>De</strong></span> <span class='ocrx_word' id='word_1_583' title='bbox 2040 4455 2263 4523; x_wconf 82' lang='lat' dir='ltr'><strong>regione</strong></span> <span class='ocrx_word' id='word_1_584' title='bbox 2315 4452 2483 4508; x_wconf 84' lang='lat' dir='ltr'><strong>Tekie</strong></span> <span class='ocrx_word' id='word_1_585' title='bbox 2538 4454 2653 4508; x_wconf 87' lang='lat' dir='ltr'><strong>sive</strong></span> <span class='ocrx_word' id='word_1_586' title='bbox 2684 4452 2829 4508; x_wconf 79' lang='lat' dir='ltr'><strong>Teke</strong></span> <span class='ocrx_word' id='word_1_587' title='bbox 2873 4454 3081 4507; x_wconf 88' lang='lat' dir='ltr'><strong>dictum</strong></span> <span class='ocrx_word' id='word_1_588' title='bbox 3136 4457 3407 4524; x_wconf 89' lang='lat' dir='ltr'><strong>superius,</strong></span> 
     </span>
    </p>
   </div>
   <div class='ocr_carea' id='block_1_90' title="bbox 119 4530 1725 4614">
    <p class='ocr_par' dir='ltr' id='par_1_90' title="bbox 119 4540 1725 4606">
     <span class='ocr_line' id='line_1_91' title="bbox 119 4540 1725 4606; baseline 0.009 -15"><span class='ocrx_word' id='word_1_589' title='bbox 119 4540 321 4593; x_wconf 83' lang='lat' dir='ltr'><strong>vectis</strong></span> <span class='ocrx_word' id='word_1_590' title='bbox 355 4550 451 4606; x_wconf 87' lang='lat' dir='ltr'><strong>per</strong></span> <span class='ocrx_word' id='word_1_591' title='bbox 493 4540 684 4595; x_wconf 87' lang='lat' dir='ltr'><strong>urbem</strong></span> <span class='ocrx_word' id='word_1_592' title='bbox 722 4542 917 4603; x_wconf 91' lang='lat' dir='ltr'><strong>didito.</strong></span> <span class='ocrx_word' id='word_1_593' title='bbox 974 4545 1187 4601; x_wconf 88' lang='lat' dir='ltr'><strong>relictis</strong></span> <span class='ocrx_word' id='word_1_594' title='bbox 1218 4548 1555 4605; x_wconf 87' lang='lat' dir='ltr'><strong>stationibus</strong></span> <span class='ocrx_word' id='word_1_595' title='bbox 1609 4552 1725 4605; x_wconf 87' lang='lat' dir='ltr'><strong>suis</strong></span> 
     </span>
    </p>
   </div>
   <div class='ocr_carea' id='block_1_91' title="bbox 1830 4530 3414 4614">
    <p class='ocr_par' dir='ltr' id='par_1_91' title="bbox 1836 4543 3414 4614">
     <span class='ocr_line' id='line_1_92' title="bbox 1836 4543 3414 4614; baseline 0.001 -15"><span class='ocrx_word' id='word_1_596' title='bbox 1836 4562 1958 4614; x_wconf 88' lang='lat' dir='ltr'><strong>cap.</strong></span> <span class='ocrx_word' id='word_1_597' title='bbox 1995 4546 2086 4600; x_wconf 89' lang='lat'><strong>57.</strong></span> <span class='ocrx_word' id='word_1_598' title='bbox 2120 4546 2303 4597; x_wconf 85' lang='lat' dir='ltr'><strong>Altera</strong></span> <span class='ocrx_word' id='word_1_599' title='bbox 2340 4543 2443 4598; x_wconf 81' lang='lat' dir='ltr'><strong>fuit</strong></span> <span class='ocrx_word' id='word_1_600' title='bbox 2494 4544 2608 4597; x_wconf 52' lang='lat' dir='ltr'><strong>haec</strong></span> <span class='ocrx_word' id='word_1_601' title='bbox 2661 4544 2930 4600; x_wconf 86' lang='lat' dir='ltr'><strong>adversus</strong></span> <span class='ocrx_word' id='word_1_602' title='bbox 2962 4543 3314 4611; x_wconf 89' lang='lat' dir='ltr'><strong>Osmanidas,</strong></span> <span class='ocrx_word' id='word_1_603' title='bbox 3359 4556 3414 4601; x_wconf 87' lang='lat' dir='ltr'><strong>et</strong></span> 
     </span>
    </p>
   </div>
   <div class='ocr_carea' id='block_1_92' title="bbox 115 4631 1727 4709">
    <p class='ocr_par' dir='ltr' id='par_1_92' title="bbox 115 4631 1727 4709">
     <span class='ocr_line' id='line_1_93' title="bbox 115 4631 1727 4709; baseline 0.01 -26"><span class='ocrx_word' id='word_1_604' title='bbox 115 4631 198 4683; x_wconf 66' lang='lat' dir='ltr'><strong>all</strong></span> <span class='ocrx_word' id='word_1_605' title='bbox 223 4640 455 4699; x_wconf 88' lang='lat' dir='ltr'><strong>portum</strong></span> <span class='ocrx_word' id='word_1_606' title='bbox 484 4634 887 4688; x_wconf 91' lang='lat' dir='ltr'><strong>concurrerint.</strong></span> <span class='ocrx_word' id='word_1_607' title='bbox 912 4635 969 4688; x_wconf 84' lang='lat' dir='ltr'><strong>id</strong></span> <span class='ocrx_word' id='word_1_608' title='bbox 990 4650 1119 4689; x_wconf 84' lang='lat' dir='ltr'><strong>vero</strong></span> <span class='ocrx_word' id='word_1_609' title='bbox 1144 4640 1497 4705; x_wconf 88' lang='lat' dir='ltr'><strong>conspicatos</strong></span> <span class='ocrx_word' id='word_1_610' title='bbox 1518 4642 1727 4709; x_wconf 85' lang='lat' dir='ltr'><strong>hostes,</strong></span> 
     </span>
    </p>
   </div>
   <div class='ocr_carea' id='block_1_93' title="bbox 114 4723 1724 4800">
    <p class='ocr_par' dir='ltr' id='par_1_93' title="bbox 114 4723 1724 4800">
     <span class='ocr_line' id='line_1_94' title="bbox 114 4723 1724 4800; baseline 0.009 -25"><span class='ocrx_word' id='word_1_611' title='bbox 114 4736 231 4790; x_wconf 89' lang='lat' dir='ltr'><strong>spe</strong></span> <span class='ocrx_word' id='word_1_612' title='bbox 274 4723 479 4791; x_wconf 75' lang='lat' dir='ltr'><strong>praedae</strong></span> <span class='ocrx_word' id='word_1_613' title='bbox 508 4735 838 4790; x_wconf 86' lang='lat' dir='ltr'><strong>commotos,</strong></span> <span class='ocrx_word' id='word_1_614' title='bbox 891 4728 1187 4785; x_wconf 89' lang='lat' dir='ltr'><strong>accedente</strong></span> <span class='ocrx_word' id='word_1_615' title='bbox 1234 4729 1489 4800; x_wconf 81' lang='lat' dir='ltr'><strong>Bajazitis</strong></span> <span class='ocrx_word' id='word_1_616' title='bbox 1522 4734 1724 4789; x_wconf 87' lang='lat' dir='ltr'><strong>incita-</strong></span> 
     </span>
    </p>
   </div>
   <div class='ocr_carea' id='block_1_94' title="bbox 114 4817 1729 4890">
    <p class='ocr_par' dir='ltr' id='par_1_94' title="bbox 114 4817 1729 4890">
     <span class='ocr_line' id='line_1_95' title="bbox 114 4817 1729 4890; baseline 0.006 -18"><span class='ocrx_word' id='word_1_617' title='bbox 114 4821 319 4880; x_wconf 88' lang='lat' dir='ltr'><strong>tione,</strong></span> <span class='ocrx_word' id='word_1_618' title='bbox 352 4830 475 4869; x_wconf 90' lang='lat' dir='ltr'><strong>cum</strong></span> <span class='ocrx_word' id='word_1_619' title='bbox 512 4817 679 4872; x_wconf 80' lang='lat' dir='ltr'><strong>variis</strong></span> <span class='ocrx_word' id='word_1_620' title='bbox 719 4820 1067 4887; x_wconf 71' lang='lat' dir='ltr'><strong>praemiorum</strong></span> <span class='ocrx_word' id='word_1_621' title='bbox 1106 4824 1418 4890; x_wconf 88' lang='lat' dir='ltr'><strong>promissis.</strong></span> <span class='ocrx_word' id='word_1_622' title='bbox 1453 4825 1507 4879; x_wconf 91' lang='lat' dir='ltr'><strong>in</strong></span> <span class='ocrx_word' id='word_1_623' title='bbox 1539 4828 1729 4881; x_wconf 89' lang='lat' dir='ltr'><strong>urbem</strong></span> 
     </span>
    </p>
   </div>
   <div class='ocr_carea' id='block_1_95' title="bbox 115 4910 1728 4986">
    <p class='ocr_par' dir='ltr' id='par_1_95' title="bbox 115 4910 1728 4986">
     <span class='ocr_line' id='line_1_96' title="bbox 115 4910 1728 4986; baseline 0.004 -21"><span class='ocrx_word' id='word_1_624' title='bbox 115 4913 514 4977; x_wconf 84' lang='lat' dir='ltr'><strong>desertasque</strong></span> <span class='ocrx_word' id='word_1_625' title='bbox 570 4910 835 4965; x_wconf 89' lang='lat' dir='ltr'><strong>stationes</strong></span> <span class='ocrx_word' id='word_1_626' title='bbox 876 4911 1167 4981; x_wconf 87' lang='lat' dir='ltr'><strong>irrupisse,</strong></span> <span class='ocrx_word' id='word_1_627' title='bbox 1228 4924 1556 4986; x_wconf 89' lang='lat' dir='ltr'><strong>captamque</strong></span> <span class='ocrx_word' id='word_1_628' title='bbox 1590 4918 1728 4972; x_wconf 89' lang='lat' dir='ltr'><strong>diri-</strong></span> 
     </span>
    </p>
   </div>
   <div class='ocr_carea' id='block_1_96' title="bbox 116 5001 1730 5073">
    <p class='ocr_par' dir='ltr' id='par_1_96' title="bbox 116 5001 1730 5073">
     <span class='ocr_line' id='line_1_97' title="bbox 116 5001 1730 5073; baseline 0.007 -18"><span class='ocrx_word' id='word_1_629' title='bbox 116 5002 360 5072; x_wconf 85' lang='lat' dir='ltr'><strong>puisse.</strong></span> <span class='ocrx_word' id='word_1_630' title='bbox 405 5001 560 5067; x_wconf 87' lang='lat' dir='ltr'><strong>Quod</strong></span> <span class='ocrx_word' id='word_1_631' title='bbox 615 5003 815 5058; x_wconf 90' lang='lat' dir='ltr'><strong>deinde</strong></span> <span class='ocrx_word' id='word_1_632' title='bbox 869 5005 1189 5073; x_wconf 88' lang='lat' dir='ltr'><strong>subjicitur,</strong></span> <span class='ocrx_word' id='word_1_633' title='bbox 1239 5022 1267 5058; x_wconf 89' lang='lat' dir='ltr'><strong>a</strong></span> <span class='ocrx_word' id='word_1_634' title='bbox 1310 5008 1504 5063; x_wconf 77' lang='lat' dir='ltr'><strong>Turcis</strong></span> <span class='ocrx_word' id='word_1_635' title='bbox 1541 5026 1730 5073; x_wconf 80' lang='lat' dir='ltr'><strong>preces</strong></span> 
     </span>
    </p>
   </div>
   <div class='ocr_carea' id='block_1_97' title="bbox 113 5095 1730 5167">
    <p class='ocr_par' dir='ltr' id='par_1_97' title="bbox 113 5095 1730 5167">
     <span class='ocr_line' id='line_1_98' title="bbox 113 5095 1730 5167; baseline 0.004 -16"><span class='ocrx_word' id='word_1_636' title='bbox 113 5101 184 5152; x_wconf 87' lang='lat' dir='ltr'><strong>in</strong></span> <span class='ocrx_word' id='word_1_637' title='bbox 249 5095 398 5150; x_wconf 90' lang='lat' dir='ltr'><strong>urbe</strong></span> <span class='ocrx_word' id='word_1_638' title='bbox 428 5105 584 5164; x_wconf 85' lang='lat' dir='ltr'><strong>capta</strong></span> <span class='ocrx_word' id='word_1_639' title='bbox 617 5096 789 5150; x_wconf 78' lang='lat' dir='ltr'><strong>fuisse</strong></span> <span class='ocrx_word' id='word_1_640' title='bbox 829 5108 1147 5167; x_wconf 78' lang='lat' dir='ltr'><strong>conceptas,</strong></span> <span class='ocrx_word' id='word_1_641' title='bbox 1196 5114 1316 5167; x_wconf 68' lang='lat' dir='ltr'><strong>qua:</strong></span> <span class='ocrx_word' id='word_1_642' title='bbox 1357 5102 1442 5153; x_wconf 88' lang='lat' dir='ltr'><strong>die</strong></span> <span class='ocrx_word' id='word_1_643' title='bbox 1503 5100 1730 5158; x_wconf 80' lang='lat' dir='ltr'><strong>Veneris</strong></span> 
     </span>
    </p>
   </div>
   <div class='ocr_carea' id='block_1_98' title="bbox 112 5185 1727 5256">
    <p class='ocr_par' dir='ltr' id='par_1_98' title="bbox 112 5185 1727 5256">
     <span class='ocr_line' id='line_1_99' title="bbox 112 5185 1727 5256; baseline 0.002 -13"><span class='ocrx_word' id='word_1_644' title='bbox 112 5187 340 5243; x_wconf 83' lang='lat' dir='ltr'><strong>haberi</strong></span> <span class='ocrx_word' id='word_1_645' title='bbox 383 5187 646 5252; x_wconf 84' lang='lat' dir='ltr'><strong>soleant,</strong></span> <span class='ocrx_word' id='word_1_646' title='bbox 705 5186 794 5240; x_wconf 88' lang='lat' dir='ltr'><strong>his</strong></span> <span class='ocrx_word' id='word_1_647' title='bbox 830 5200 857 5239; x_wconf 92' lang='lat' dir='ltr'><strong>a</strong></span> <span class='ocrx_word' id='word_1_648' title='bbox 909 5185 1267 5256; x_wconf 88' lang='lat' dir='ltr'><strong>Spandugino</strong></span> <span class='ocrx_word' id='word_1_649' title='bbox 1311 5190 1493 5243; x_wconf 80' lang='lat' dir='ltr'><strong>verbis</strong></span> <span class='ocrx_word' id='word_1_650' title='bbox 1538 5190 1727 5246; x_wconf 89' lang='lat' dir='ltr'><strong>itidem</strong></span> 
     </span>
    </p>
   </div>
   <div class='ocr_carea' id='block_1_99' title="bbox 1838 4634 3413 4707">
    <p class='ocr_par' dir='ltr' id='par_1_99' title="bbox 1838 4634 3413 4707">
     <span class='ocr_line' id='line_1_100' title="bbox 1838 4634 3413 4707; baseline 0.003 -19"><span class='ocrx_word' id='word_1_651' title='bbox 1838 4646 2042 4689; x_wconf 87' lang='lat' dir='ltr'><strong>sectam</strong></span> <span class='ocrx_word' id='word_1_652' title='bbox 2071 4635 2493 4690; x_wconf 83' lang='lat' dir='ltr'><strong>tlsmanicornm</strong></span> <span class='ocrx_word' id='word_1_653' title='bbox 2527 4634 2748 4699; x_wconf 82' lang='lat' dir='ltr'><strong>seditio,</strong></span> <span class='ocrx_word' id='word_1_654' title='bbox 2775 4636 2844 4688; x_wconf 88' lang='lat' dir='ltr'><strong>ab</strong></span> <span class='ocrx_word' id='word_1_655' title='bbox 2885 4634 2957 4689; x_wconf 92' lang='lat' dir='ltr'><strong>iis</strong></span> <span class='ocrx_word' id='word_1_656' title='bbox 2984 4636 3241 4703; x_wconf 88' lang='lat' dir='ltr'><strong>excitata,</strong></span> <span class='ocrx_word' id='word_1_657' title='bbox 3272 4653 3413 4707; x_wconf 92' lang='lat' dir='ltr'><strong>quos</strong></span> 
     </span>
    </p>
   </div>
   <div class='ocr_carea' id='block_1_100' title="bbox 1837 4728 3412 4799">
    <p class='ocr_par' dir='ltr' id='par_1_100' title="bbox 1837 4728 3412 4799">
     <span class='ocr_line' id='line_1_101' title="bbox 1837 4728 3412 4799; baseline 0.002 -18"><span class='ocrx_word' id='word_1_658' title='bbox 1837 4728 2178 4796; x_wconf 89' lang='lat' dir='ltr'><strong>Sophilarios</strong></span> <span class='ocrx_word' id='word_1_659' title='bbox 2201 4737 2255 4783; x_wconf 91' lang='lat' dir='ltr'><strong>et</strong></span> <span class='ocrx_word' id='word_1_660' title='bbox 2290 4728 2510 4783; x_wconf 83' lang='lat' dir='ltr'><strong>Kiseles</strong></span> <span class='ocrx_word' id='word_1_661' title='bbox 2540 4729 2732 4783; x_wconf 86' lang='lat' dir='ltr'><strong>bassas</strong></span> <span class='ocrx_word' id='word_1_662' title='bbox 2765 4729 3047 4783; x_wconf 77' lang='lat' dir='ltr'><strong>dixerunt.</strong></span> <span class='ocrx_word' id='word_1_663' title='bbox 3093 4728 3307 4799; x_wconf 86' lang='lat' dir='ltr'><strong>Quippe</strong></span> <span class='ocrx_word' id='word_1_664' title='bbox 3345 4732 3412 4784; x_wconf 88' lang='lat' dir='ltr'><strong>de</strong></span> 
     </span>
    </p>
   </div>
   <div class='ocr_carea' id='block_1_101' title="bbox 1838 4819 3407 4888">
    <p class='ocr_par' dir='ltr' id='par_1_101' title="bbox 1838 4819 3407 4888">
     <span class='ocr_line' id='line_1_102' title="bbox 1838 4819 3407 4888; baseline 0.002 -18"><span class='ocrx_word' id='word_1_665' title='bbox 1838 4819 2011 4887; x_wconf 88' lang='lat' dir='ltr'><strong>prima</strong></span> <span class='ocrx_word' id='word_1_666' title='bbox 2038 4819 2298 4887; x_wconf 86' lang='lat' dir='ltr'><strong>superius</strong></span> <span class='ocrx_word' id='word_1_667' title='bbox 2326 4820 2633 4873; x_wconf 82' lang='lat' dir='ltr'><strong>indicatum</strong></span> <span class='ocrx_word' id='word_1_668' title='bbox 2652 4834 2773 4888; x_wconf 89' lang='lat' dir='ltr'><strong>cap.</strong></span> <span class='ocrx_word' id='word_1_669' title='bbox 2802 4819 2891 4874; x_wconf 73' lang='lat' dir='ltr'><strong>8i.</strong></span> <span class='ocrx_word' id='word_1_670' title='bbox 2916 4819 3105 4876; x_wconf 76' lang='lat' dir='ltr'><strong>Jovius</strong></span> <span class='ocrx_word' id='word_1_671' title='bbox 3127 4832 3407 4876; x_wconf 90' lang='lat' dir='ltr'><strong>auctorem</strong></span> 
     </span>
    </p>
   </div>
   <div class='ocr_carea' id='block_1_102' title="bbox 1837 4906 3411 4981">
    <p class='ocr_par' dir='ltr' id='par_1_102' title="bbox 1837 4906 3411 4981">
     <span class='ocr_line' id='line_1_103' title="bbox 1837 4906 3411 4981; baseline 0.006 -22"><span class='ocrx_word' id='word_1_672' title='bbox 1837 4906 2125 4961; x_wconf 87' lang='lat' dir='ltr'><strong>seditionis</strong></span> <span class='ocrx_word' id='word_1_673' title='bbox 2156 4908 2389 4975; x_wconf 89' lang='lat' dir='ltr'><strong>appellat</strong></span> <span class='ocrx_word' id='word_1_674' title='bbox 2418 4907 2750 4973; x_wconf 87' lang='lat' dir='ltr'><strong>Techellem,</strong></span> <span class='ocrx_word' id='word_1_675' title='bbox 2778 4922 2806 4961; x_wconf 87' lang='lat' dir='ltr'><strong>a</strong></span> <span class='ocrx_word' id='word_1_676' title='bbox 2831 4912 3022 4977; x_wconf 87' lang='lat' dir='ltr'><strong>patria,</strong></span> <span class='ocrx_word' id='word_1_677' title='bbox 3053 4921 3188 4981; x_wconf 90' lang='lat' dir='ltr'><strong>puto</strong></span> <span class='ocrx_word' id='word_1_678' title='bbox 3212 4930 3225 4965; x_wconf 88' lang='lat'><strong>:</strong></span> <span class='ocrx_word' id='word_1_679' title='bbox 3248 4911 3411 4968; x_wconf 82' lang='lat' dir='ltr'><strong>Dres-</strong></span> 
     </span>
    </p>
   </div>
   <div class='ocr_carea' id='block_1_103' title="bbox 1840 4998 3403 5063">
    <p class='ocr_par' dir='ltr' id='par_1_103' title="bbox 1840 4998 3403 5063">
     <span class='ocr_line' id='line_1_104' title="bbox 1840 4998 3403 5063; baseline 0.002 -9"><span class='ocrx_word' id='word_1_680' title='bbox 1840 5000 1987 5054; x_wconf 79' lang='lat' dir='ltr'><strong>lerus</strong></span> <span class='ocrx_word' id='word_1_681' title='bbox 2048 5015 2171 5053; x_wconf 92' lang='lat' dir='ltr'><strong>cum</strong></span> <span class='ocrx_word' id='word_1_682' title='bbox 2216 5001 2339 5054; x_wconf 90' lang='lat' dir='ltr'><strong>aliis</strong></span> <span class='ocrx_word' id='word_1_683' title='bbox 2367 4998 2563 5063; x_wconf 84' lang='lat' dir='ltr'><strong>Eliam,</strong></span> <span class='ocrx_word' id='word_1_684' title='bbox 2623 5001 2767 5054; x_wconf 83' lang='lat' dir='ltr'><strong>nulla</strong></span> <span class='ocrx_word' id='word_1_685' title='bbox 2802 5003 3009 5056; x_wconf 91' lang='lat' dir='ltr'><strong>ratione</strong></span> <span class='ocrx_word' id='word_1_686' title='bbox 3042 5020 3056 5056; x_wconf 93' lang='lat'><strong>:</strong></span> <span class='ocrx_word' id='word_1_687' title='bbox 3097 5003 3403 5059; x_wconf 91' lang='lat' dir='ltr'><strong>Turcorum</strong></span> 
     </span>
    </p>
   </div>
   <div class='ocr_carea' id='block_1_104' title="bbox 1837 5091 3408 5163">
    <p class='ocr_par' dir='ltr' id='par_1_104' title="bbox 1837 5091 3408 5163">
     <span class='ocr_line' id='line_1_105' title="bbox 1837 5091 3408 5163; baseline 0.003 -18"><span class='ocrx_word' id='word_1_688' title='bbox 1837 5091 2144 5147; x_wconf 87' lang='lat' dir='ltr'><strong>Annalibus</strong></span> <span class='ocrx_word' id='word_1_689' title='bbox 2203 5092 2518 5147; x_wconf 81' lang='lat' dir='ltr'><strong>ScacltCuli</strong></span> <span class='ocrx_word' id='word_1_690' title='bbox 2572 5093 2887 5147; x_wconf 80' lang='lat' dir='ltr'><strong>nominatus</strong></span> <span class='ocrx_word' id='word_1_691' title='bbox 2941 5092 3114 5149; x_wconf 79' lang='lat' dir='ltr'><strong>fuisse</strong></span> <span class='ocrx_word' id='word_1_692' title='bbox 3153 5095 3408 5163; x_wconf 74' lang='lat' dir='ltr'><strong>refertur,</strong></span> 
     </span>
    </p>
   </div>
   <div class='ocr_carea' id='block_1_105' title="bbox 1837 5183 3406 5256">
    <p class='ocr_par' dir='ltr' id='par_1_105' title="bbox 1837 5183 3406 5256">
     <span class='ocr_line' id='line_1_106' title="bbox 1837 5183 3406 5256; baseline 0.002 -18"><span class='ocrx_word' id='word_1_693' title='bbox 1837 5200 1967 5239; x_wconf 92' lang='lat' dir='ltr'><strong>voce</strong></span> <span class='ocrx_word' id='word_1_694' title='bbox 1993 5185 2335 5255; x_wconf 77' lang='lat' dir='ltr'><strong>signiﬁcante</strong></span> <span class='ocrx_word' id='word_1_695' title='bbox 2362 5184 2557 5241; x_wconf 87' lang='lat' dir='ltr'><strong>Scachi</strong></span> <span class='ocrx_word' id='word_1_696' title='bbox 2592 5200 2834 5239; x_wconf 89' lang='lat' dir='ltr'><strong>servum.</strong></span> <span class='ocrx_word' id='word_1_697' title='bbox 2867 5184 2931 5237; x_wconf 75' lang='lat' dir='ltr'><strong>Et</strong></span> <span class='ocrx_word' id='word_1_698' title='bbox 2981 5183 3175 5240; x_wconf 88' lang='lat' dir='ltr'><strong>Scachi</strong></span> <span class='ocrx_word' id='word_1_699' title='bbox 3216 5189 3406 5256; x_wconf 88' lang='lat' dir='ltr'><strong>appel-</strong></span> 
     </span>
    </p>
   </div>
   <div class='ocr_carea' id='block_1_106' title="bbox 1838 5273 3404 5343">
    <p class='ocr_par' dir='ltr' id='par_1_106' title="bbox 1838 5273 3404 5343">
     <span class='ocr_line' id='line_1_107' title="bbox 1838 5273 3404 5343; baseline 0.002 -16"><span class='ocrx_word' id='word_1_700' title='bbox 1838 5274 2039 5329; x_wconf 86' lang='lat' dir='ltr'><strong>latione</strong></span> <span class='ocrx_word' id='word_1_701' title='bbox 2065 5274 2393 5343; x_wconf 87' lang='lat' dir='ltr'><strong>intelligitur</strong></span> <span class='ocrx_word' id='word_1_702' title='bbox 2434 5273 2609 5329; x_wconf 86' lang='lat' dir='ltr'><strong>Scacb</strong></span> <span class='ocrx_word' id='word_1_703' title='bbox 2659 5274 3077 5339; x_wconf 88' lang='lat' dir='ltr'><strong>lsmail,recens</strong></span> <span class='ocrx_word' id='word_1_704' title='bbox 3110 5276 3404 5331; x_wconf 89' lang='lat' dir='ltr'><strong>Persarum</strong></span> 
     </span>
    </p>
   </div>
   <div class='ocr_carea' id='block_1_107' title="bbox 1839 5365 3410 5437">
    <p class='ocr_par' dir='ltr' id='par_1_107' title="bbox 1839 5365 3410 5437">
     <span class='ocr_line' id='line_1_108' title="bbox 1839 5365 3410 5437; baseline 0.004 -18"><span class='ocrx_word' id='word_1_705' title='bbox 1839 5381 2006 5433; x_wconf 86' lang='lat' dir='ltr'><strong>regno</strong></span> <span class='ocrx_word' id='word_1_706' title='bbox 2039 5366 2266 5434; x_wconf 90' lang='lat' dir='ltr'><strong>potitus,</strong></span> <span class='ocrx_word' id='word_1_707' title='bbox 2295 5366 2363 5419; x_wconf 87' lang='lat' dir='ltr'><strong>dc</strong></span> <span class='ocrx_word' id='word_1_708' title='bbox 2396 5382 2508 5435; x_wconf 92' lang='lat' dir='ltr'><strong>quo</strong></span> <span class='ocrx_word' id='word_1_709' title='bbox 2544 5366 2704 5435; x_wconf 87' lang='lat' dir='ltr'><strong>paulo</strong></span> <span class='ocrx_word' id='word_1_710' title='bbox 2738 5365 2906 5437; x_wconf 67' lang='grc'><strong>468</strong></span> <span class='ocrx_word' id='word_1_711' title='bbox 2937 5378 3061 5435; x_wconf 87' lang='lat' dir='ltr'><strong>post</strong></span> <span class='ocrx_word' id='word_1_712' title='bbox 3107 5370 3410 5435; x_wconf 84' lang='lat' dir='ltr'><strong>exposittni</strong></span> 
     </span>
    </p>
   </div>
   <div class='ocr_carea' id='block_1_108' title="bbox 1837 5457 3407 5533">
    <p class='ocr_par' dir='ltr' id='par_1_108' title="bbox 1837 5457 3407 5533">
     <span class='ocr_line' id='line_1_109' title="bbox 1837 5457 3407 5533; baseline 0.002 -21"><span class='ocrx_word' id='word_1_713' title='bbox 1837 5460 2045 5529; x_wconf 89' lang='lat' dir='ltr'><strong>prolixe</strong></span> <span class='ocrx_word' id='word_1_714' title='bbox 2077 5475 2288 5515; x_wconf 90' lang='lat' dir='ltr'><strong>sumus.</strong></span> <span class='ocrx_word' id='word_1_715' title='bbox 2324 5459 2411 5512; x_wconf 93' lang='lat' dir='ltr'><strong>Ait</strong></span> <span class='ocrx_word' id='word_1_716' title='bbox 2440 5457 2660 5533; x_wconf 63' lang='lat' dir='ltr'><strong>Jovius,</strong></span> <span class='ocrx_word' id='word_1_717' title='bbox 2699 5473 2825 5513; x_wconf 90' lang='lat' dir='ltr'><strong>eum</strong></span> <span class='ocrx_word' id='word_1_718' title='bbox 2865 5458 3038 5513; x_wconf 85' lang='lat' dir='ltr'><strong>fuisse</strong></span> <span class='ocrx_word' id='word_1_719' title='bbox 3070 5460 3407 5531; x_wconf 86' lang='lat' dir='ltr'><strong>discipulum</strong></span> 
     </span>
    </p>
   </div>
   <div class='ocr_carea' id='block_1_109' title="bbox 1835 5550 3412 5621">
    <p class='ocr_par' dir='ltr' id='par_1_109' title="bbox 1835 5550 3412 5621">
     <span class='ocr_line' id='line_1_110' title="bbox 1835 5550 3412 5621; baseline 0.003 -18"><span class='ocrx_word' id='word_1_720' title='bbox 1835 5551 2111 5615; x_wconf 85' lang='lat' dir='ltr'><strong>Arduelis,</strong></span> <span class='ocrx_word' id='word_1_721' title='bbox 2139 5552 2205 5605; x_wconf 89' lang='lat' dir='ltr'><strong>de</strong></span> <span class='ocrx_word' id='word_1_722' title='bbox 2235 5567 2346 5616; x_wconf 84' lang='lat' dir='ltr'><strong>quo</strong></span> <span class='ocrx_word' id='word_1_723' title='bbox 2382 5551 2567 5605; x_wconf 88' lang='lat' dir='ltr'><strong>itidem</strong></span> <span class='ocrx_word' id='word_1_724' title='bbox 2602 5566 2725 5604; x_wconf 90' lang='lat' dir='ltr'><strong>mox</strong></span> <span class='ocrx_word' id='word_1_725' title='bbox 2770 5550 3066 5604; x_wconf 90' lang='lat' dir='ltr'><strong>dicendum</strong></span> <span class='ocrx_word' id='word_1_726' title='bbox 3104 5569 3119 5605; x_wconf 90' lang='lat'><strong>:</strong></span> <span class='ocrx_word' id='word_1_727' title='bbox 3154 5563 3281 5621; x_wconf 89' lang='lat' dir='ltr'><strong>post</strong></span> <span class='ocrx_word' id='word_1_728' title='bbox 3314 5570 3412 5607; x_wconf 86' lang='lat' dir='ltr'><strong>cu-</strong></span> 
     </span>
    </p>
   </div>
   <div class='ocr_carea' id='block_1_110' title="bbox 1831 5641 3413 5713">
    <p class='ocr_par' dir='ltr' id='par_1_110' title="bbox 1831 5641 3413 5713">
     <span class='ocr_line' id='line_1_111' title="bbox 1831 5641 3413 5713; baseline 0.001 -16"><span class='ocrx_word' id='word_1_729' title='bbox 1831 5643 1922 5713; x_wconf 89' lang='lat' dir='ltr'><strong>jus</strong></span> <span class='ocrx_word' id='word_1_730' title='bbox 1959 5644 2184 5707; x_wconf 68' lang='lat' dir='ltr'><strong>caadem,</strong></span> <span class='ocrx_word' id='word_1_731' title='bbox 2224 5641 2504 5712; x_wconf 87' lang='lat' dir='ltr'><strong>Euphrate</strong></span> <span class='ocrx_word' id='word_1_732' title='bbox 2562 5642 2910 5704; x_wconf 90' lang='lat' dir='ltr'><strong>transmisso,</strong></span> <span class='ocrx_word' id='word_1_733' title='bbox 2954 5644 3165 5696; x_wconf 91' lang='lat' dir='ltr'><strong>venerit</strong></span> <span class='ocrx_word' id='word_1_734' title='bbox 3216 5645 3270 5698; x_wconf 90' lang='lat' dir='ltr'><strong>in</strong></span> <span class='ocrx_word' id='word_1_735' title='bbox 3308 5646 3413 5700; x_wconf 84' lang='lat' dir='ltr'><strong>Ar-</strong></span> 
     </span>
    </p>
   </div>
   <div class='ocr_carea' id='block_1_111' title="bbox 1837 5735 3414 5805">
    <p class='ocr_par' dir='ltr' id='par_1_111' title="bbox 1837 5735 3414 5805">
     <span class='ocr_line' id='line_1_112' title="bbox 1837 5735 3414 5805; baseline 0.001 -15"><span class='ocrx_word' id='word_1_736' title='bbox 1837 5738 2071 5791; x_wconf 82' lang='lat' dir='ltr'><strong>meniam</strong></span> <span class='ocrx_word' id='word_1_737' title='bbox 2108 5737 2394 5800; x_wconf 82' lang='lat' dir='ltr'><strong>minorem,</strong></span> <span class='ocrx_word' id='word_1_738' title='bbox 2430 5745 2476 5788; x_wconf 93' lang='lat' dir='ltr'><strong>et</strong></span> <span class='ocrx_word' id='word_1_739' title='bbox 2510 5735 2563 5789; x_wconf 90' lang='lat' dir='ltr'><strong>in</strong></span> <span class='ocrx_word' id='word_1_740' title='bbox 2608 5735 2867 5805; x_wconf 79' lang='lat' dir='ltr'><strong>spelunca</strong></span> <span class='ocrx_word' id='word_1_741' title='bbox 2901 5735 3136 5802; x_wconf 89' lang='lat' dir='ltr'><strong>quadam</strong></span> <span class='ocrx_word' id='word_1_742' title='bbox 3175 5738 3240 5789; x_wconf 89' lang='lat' dir='ltr'><strong>ad</strong></span> <span class='ocrx_word' id='word_1_743' title='bbox 3267 5738 3414 5791; x_wconf 90' lang='lat' dir='ltr'><strong>radi-</strong></span> 
     </span>
    </p>
   </div>
   <div class='ocr_carea' id='block_1_112' title="bbox 1835 5825 3407 5897">
    <p class='ocr_par' dir='ltr' id='par_1_112' title="bbox 1835 5825 3407 5897">
     <span class='ocr_line' id='line_1_113' title="bbox 1835 5825 3407 5897; baseline 0 -12"><span class='ocrx_word' id='word_1_744' title='bbox 1835 5847 1927 5886; x_wconf 81' lang='lat' dir='ltr'><strong>ces</strong></span> <span class='ocrx_word' id='word_1_745' title='bbox 1981 5830 2255 5885; x_wconf 81' lang='lat' dir='ltr'><strong>Antitauri</strong></span> <span class='ocrx_word' id='word_1_746' title='bbox 2298 5828 2501 5885; x_wconf 89' lang='lat' dir='ltr'><strong>montis</strong></span> <span class='ocrx_word' id='word_1_747' title='bbox 2554 5827 2904 5883; x_wconf 79' lang='lat' dir='ltr'><strong>habitaverit.</strong></span> <span class='ocrx_word' id='word_1_748' title='bbox 2940 5825 3012 5880; x_wconf 84' lang='lat' dir='ltr'><strong>Ea</strong></span> <span class='ocrx_word' id='word_1_749' title='bbox 3048 5843 3241 5897; x_wconf 87' lang='lat' dir='ltr'><strong>parum</strong></span> <span class='ocrx_word' id='word_1_750' title='bbox 3276 5844 3407 5886; x_wconf 86' lang='lat' dir='ltr'><strong>vero</strong></span> 
     </span>
    </p>
   </div>
   <div class='ocr_carea' id='block_1_113' title="bbox 109 5274 1729 5345">
    <p class='ocr_par' dir='ltr' id='par_1_113' title="bbox 109 5274 1729 5345">
     <span class='ocr_line' id='line_1_114' title="bbox 109 5274 1729 5345; baseline -0.001 -12"><span class='ocrx_word' id='word_1_751' title='bbox 109 5284 434 5340; x_wconf 86' lang='lat' dir='ltr'><strong>narratur,</strong></span> <span class='ocrx_word' id='word_1_752' title='bbox 481 5292 602 5345; x_wconf 77' lang='lat' dir='ltr'><strong>qua:</strong></span> <span class='ocrx_word' id='word_1_753' title='bbox 638 5275 847 5330; x_wconf 87' lang='lat' dir='ltr'><strong>reddita</strong></span> <span class='ocrx_word' id='word_1_754' title='bbox 900 5275 1076 5329; x_wconf 90' lang='lat' dir='ltr'><strong>lubuit</strong></span> <span class='ocrx_word' id='word_1_755' title='bbox 1136 5277 1400 5330; x_wconf 90' lang='lat' dir='ltr'><strong>inserere.</strong></span> <span class='ocrx_word' id='word_1_756' title='bbox 1454 5274 1729 5332; x_wconf 68' lang='lat' dir='ltr'><strong>Memoria:</strong></span> 
     </span>
    </p>
   </div>
   <div class='ocr_carea' id='block_1_114' title="bbox 114 5366 1731 5441">
    <p class='ocr_par' dir='ltr' id='par_1_114' title="bbox 114 5366 1731 5441">
     <span class='ocr_line' id='line_1_115' title="bbox 114 5366 1731 5441; baseline 0 -18"><span class='ocrx_word' id='word_1_757' title='bbox 114 5369 434 5441; x_wconf 87' lang='lat' dir='ltr'><strong>proditum</strong></span> <span class='ocrx_word' id='word_1_758' title='bbox 470 5376 574 5431; x_wconf 91' lang='lat' dir='ltr'><strong>est,</strong></span> <span class='ocrx_word' id='word_1_759' title='bbox 611 5367 811 5437; x_wconf 88' lang='lat' dir='ltr'><strong>inquit,</strong></span> <span class='ocrx_word' id='word_1_760' title='bbox 838 5366 1110 5437; x_wconf 90' lang='lat' dir='ltr'><strong>postridie</strong></span> <span class='ocrx_word' id='word_1_761' title='bbox 1142 5383 1307 5437; x_wconf 90' lang='lat' dir='ltr'><strong>quam</strong></span> <span class='ocrx_word' id='word_1_762' title='bbox 1353 5378 1509 5437; x_wconf 87' lang='lat' dir='ltr'><strong>capta</strong></span> <span class='ocrx_word' id='word_1_763' title='bbox 1535 5368 1731 5425; x_wconf 78' lang='lat' dir='ltr'><strong>fuisset</strong></span> 
     </span>
    </p>
   </div>
   <div class='ocr_carea' id='block_1_115' title="bbox 106 5458 1727 5529">
    <p class='ocr_par' dir='ltr' id='par_1_115' title="bbox 106 5458 1727 5529">
     <span class='ocr_line' id='line_1_116' title="bbox 106 5458 1727 5529; baseline -0.001 -14"><span class='ocrx_word' id='word_1_764' title='bbox 106 5461 429 5521; x_wconf 71' lang='lat' dir='ltr'><strong>Methone,</strong></span> <span class='ocrx_word' id='word_1_765' title='bbox 453 5459 740 5527; x_wconf 88' lang='lat' dir='ltr'><strong>Bajazitem</strong></span> <span class='ocrx_word' id='word_1_766' title='bbox 774 5460 1000 5512; x_wconf 91' lang='lat' dir='ltr'><strong>omnino</strong></span> <span class='ocrx_word' id='word_1_767' title='bbox 1020 5458 1257 5514; x_wconf 85' lang='lat' dir='ltr'><strong>voluisse</strong></span> <span class='ocrx_word' id='word_1_768' title='bbox 1298 5460 1486 5513; x_wconf 90' lang='lat' dir='ltr'><strong>urbem</strong></span> <span class='ocrx_word' id='word_1_769' title='bbox 1520 5459 1727 5529; x_wconf 85' lang='lat' dir='ltr'><strong>ingredi</strong></span> 
     </span>
    </p>
   </div>
   <div class='ocr_carea' id='block_1_116' title="bbox 108 5550 1730 5623">
    <p class='ocr_par' dir='ltr' id='par_1_116' title="bbox 108 5550 1730 5623">
     <span class='ocr_line' id='line_1_117' title="bbox 108 5550 1730 5623; baseline -0.001 -16"><span class='ocrx_word' id='word_1_770' title='bbox 108 5554 193 5608; x_wconf 84' lang='lat' dir='ltr'><strong>ad</strong></span> <span class='ocrx_word' id='word_1_771' title='bbox 225 5553 488 5621; x_wconf 81' lang='lat' dir='ltr'><strong>agendas</strong></span> <span class='ocrx_word' id='word_1_772' title='bbox 530 5551 642 5605; x_wconf 87' lang='lat' dir='ltr'><strong>Deo</strong></span> <span class='ocrx_word' id='word_1_773' title='bbox 676 5551 880 5623; x_wconf 88' lang='lat' dir='ltr'><strong>gratias</strong></span> <span class='ocrx_word' id='word_1_774' title='bbox 906 5552 959 5605; x_wconf 93' lang='lat' dir='ltr'><strong>in</strong></span> <span class='ocrx_word' id='word_1_775' title='bbox 991 5550 1563 5621; x_wconf 85' lang='lat' dir='ltr'><strong>ipsoClnistianorum</strong></span> <span class='ocrx_word' id='word_1_776' title='bbox 1593 5562 1730 5606; x_wconf 85' lang='lat' dir='ltr'><strong>tem-</strong></span> 
     </span>
    </p>
   </div>
   <div class='ocr_carea' id='block_1_117' title="bbox 104 5642 1729 5715">
    <p class='ocr_par' dir='ltr' id='par_1_117' title="bbox 104 5642 1729 5715">
     <span class='ocr_line' id='line_1_118' title="bbox 104 5642 1729 5715; baseline 0 -17"><span class='ocrx_word' id='word_1_777' title='bbox 104 5647 243 5715; x_wconf 82' lang='lat' dir='ltr'><strong>pio.</strong></span> <span class='ocrx_word' id='word_1_778' title='bbox 278 5642 667 5711; x_wconf 86' lang='lat' dir='ltr'><strong>Cumquejam</strong></span> <span class='ocrx_word' id='word_1_779' title='bbox 694 5642 1034 5711; x_wconf 80' lang='lat' dir='ltr'><strong>pervenisset</strong></span> <span class='ocrx_word' id='word_1_780' title='bbox 1064 5645 1115 5695; x_wconf 92' lang='lat' dir='ltr'><strong>in</strong></span> <span class='ocrx_word' id='word_1_781' title='bbox 1144 5652 1386 5710; x_wconf 69' lang='lat' dir='ltr'><strong>pontem,</strong></span> <span class='ocrx_word' id='word_1_782' title='bbox 1411 5658 1521 5712; x_wconf 89' lang='lat' dir='ltr'><strong>quo</strong></span> <span class='ocrx_word' id='word_1_783' title='bbox 1549 5653 1729 5699; x_wconf 88' lang='lat' dir='ltr'><strong>trans-</strong></span> 
     </span>
    </p>
   </div>
   <div class='ocr_carea' id='block_1_118' title="bbox 102 5734 1725 5803">
    <p class='ocr_par' dir='ltr' id='par_1_118' title="bbox 102 5734 1725 5803">
     <span class='ocr_line' id='line_1_119' title="bbox 102 5734 1725 5803; baseline -0.004 -10"><span class='ocrx_word' id='word_1_784' title='bbox 102 5739 346 5794; x_wconf 54' lang='lat' dir='ltr'><strong>eunda).</strong></span> <span class='ocrx_word' id='word_1_785' title='bbox 394 5736 548 5790; x_wconf 90' lang='lat' dir='ltr'><strong>urbis</strong></span> <span class='ocrx_word' id='word_1_786' title='bbox 583 5746 735 5790; x_wconf 88' lang='lat' dir='ltr'><strong>erant</strong></span> <span class='ocrx_word' id='word_1_787' title='bbox 807 5735 991 5799; x_wconf 60' lang='lat' dir='ltr'><strong>fossa},</strong></span> <span class='ocrx_word' id='word_1_788' title='bbox 1032 5736 1412 5803; x_wconf 84' lang='lat' dir='ltr'><strong>conspicatum</strong></span> <span class='ocrx_word' id='word_1_789' title='bbox 1456 5734 1725 5788; x_wconf 82' lang='lat' dir='ltr'><strong>fossarum</strong></span> 
     </span>
    </p>
   </div>
   <div class='ocr_carea' id='block_1_119' title="bbox 104 5826 1725 5895">
    <p class='ocr_par' dir='ltr' id='par_1_119' title="bbox 104 5826 1725 5895">
     <span class='ocr_line' id='line_1_120' title="bbox 104 5826 1725 5895; baseline -0.001 -11"><span class='ocrx_word' id='word_1_790' title='bbox 104 5831 525 5895; x_wconf 66' lang='lat' dir='ltr'><strong>altitudinem,</strong></span> <span class='ocrx_word' id='word_1_791' title='bbox 555 5830 761 5884; x_wconf 80' lang='lat' dir='ltr'><strong>dixisse</strong></span> <span class='ocrx_word' id='word_1_792' title='bbox 794 5846 807 5885; x_wconf 86' lang='lat'><strong>:</strong></span> <span class='ocrx_word' id='word_1_793' title='bbox 834 5826 965 5883; x_wconf 83' lang='lat' dir='ltr'><strong>Tant</strong></span> <span class='ocrx_word' id='word_1_794' title='bbox 993 5826 1259 5883; x_wconf 87' lang='lat' dir='ltr'><strong>munitam</strong></span> <span class='ocrx_word' id='word_1_795' title='bbox 1288 5826 1564 5883; x_wconf 82' lang='lat' dir='ltr'><strong>civitatem</strong></span> <span class='ocrx_word' id='word_1_796' title='bbox 1594 5828 1725 5882; x_wconf 88' lang='lat' dir='ltr'><strong>mihi</strong></span> 
     </span>
    </p>
   </div>
  </div>
