4198 6426
717 395 821 456 855
1874 393 2194 456 JOANNIS
2232 397 2696 458 LEUNCLAVH
3867 392 3967 462 856

720 509 970 563 vldentur
998 514 1380 570 consentanea,
1407 515 1517 561 tum
1544 507 1688 575 quod
1713 506 1853 562 '[eke
1871 509 2019 579 regio
2066 509 2288 564 minime
2320 516 2363 571 Α
2395 525 2511 565 sam
2539 509 2816 566 civitatem
2849 509 3044 564 habeat
3077 508 3238 575 Curii,
3269 483 3374 562 hoc
3412 511 3518 570 est,
3554 504 3823 562 Iconium.
3869 510 3968 562 ltr-

719 599 791 653 sit
815 598 1071 654 Armenia
1103 599 1304 664 minor,
1339 598 1436 654 sed
1471 595 1704 669 Phrygia
1736 598 1931 667 major,
1967 608 2022 652 ut
2073 610 2262 667 aperto
2385 603 2533 658 ctlus
2566 601 2707 656 hanc
2763 602 2997 657 collocat
3028 582 3080 655 in
3128 599 3432 671 Lycaonia.
3476 613 3640 668 quam
3683 599 3965 654 Laonicus

717 692 889 746 lector
917 705 983 745 ex
1016 689 1147 759 ipsis
1175 689 1471 745 Annalium
1496 689 1676 744 verbis
1712 704 1943 744 numero
1982 691 2050 746 57
2080 693 2283 748 notatis
2382 695 2436 748 in
2466 693 2625 748 Caria
2652 710 2668 760 ;
2703 697 2768 748 de
2797 708 2904 762 quo
2929 708 3096 762 supra
3133 707 3363 748 numero
3387 691 3474 754 12,
3502 692 3732 745 dictum.
3772 692 3960 754 Addit,

718 780 1018 850 perspicit;
1061 789 1175 832 tum
1205 779 1393 846 etiam,
1447 780 1589 848 quod
1615 795 1645 833 e
1688 779 1870 835 Persia
1905 783 2140 837 venienti
2179 786 2281 838 mi-
2383 790 2522 842 hanc
2551 801 2673 841 esse
2699 789 2960 855 majorem
2997 787 3165 840 totius
3214 785 3471 854 Turquiae
3516 784 3695 852 regni,
3734 785 3842 836 hoc
3878 795 3959 837 est

719 875 862 927 nime
889 871 1160 942 Bajazites
1193 885 1422 927 munera
1455 874 1755 941 quotannis
1794 875 2062 930 missurus
2091 876 2278 933 fuerit.
2380 879 2747 948 metropolim.
2825 879 3101 947 Briquiam
3179 877 3506 932 Reineccius
3563 877 3960 945 interpretatur

717 962 848 1018 Utut
875 979 996 1018 sese
1019 978 1108 1018 res
1135 963 1567 1029 habeat,Scachi
1592 966 1809 1034 quidem
1834 967 2062 1023 lsmailis
2097 980 2277 1036 partes
2379 969 2624 1040 Lyciam,
2647 986 2770 1025 cum
2807 970 3028 1039 Briquia
3056 985 3151 1024 seu
3191 968 3425 1040 Bryquia
3457 968 3529 1022 sit
3559 967 3821 1036 Phrygia.
3858 968 3959 1020 Fa-

715 1055 998 1124 amplexus
1028 1054 1151 1130 fuit,
1182 1055 1414 1124 ideoque
1453 1055 1626 1110 Scach
1661 1056 1780 1110 Culi
1812 1059 2121 1112 nominatus
2152 1076 2166 1112 :
2208 1075 2274 1114 ex
2377 1064 2451 1116 cit
2491 1070 2669 1116 autem
2695 1061 2945 1133 Bryquia‘.
2978 1061 3323 1129 metr0polim
3372 1059 3660 1129 Aytlionus
3698 1057 3955 1110 Zichiam

711 1160 821 1214 quo
885 1146 1074 1212 Turci,
1139 1147 1388 1216 partibus
1435 1145 1852 1202 Osmanidarum
1913 1150 2276 1214 adhaerentes,
2376 1152 2618 1210 Grasciae.
2651 1153 2743 1207 Sic
2769 1155 2913 1207 enim
2946 1152 3196 1221 scripsit,
3238 1153 3463 1206 nomine
3505 1151 3730 1206 Graeciae
3756 1150 3959 1204 Roma-

709 1237 892 1292 fecere
946 1236 1134 1291 Scitan
1181 1236 1323 1303 Cuii,
1359 1253 1491 1294 voce
1520 1240 1860 1310 signiﬁcante
1914 1240 2128 1297 Satanas
2191 1245 2274 1298 vel
2376 1244 2524 1297 niam
2589 1243 2895 1312 intelligens
2953 1242 3276 1308 Asiaticam,
3316 1242 3385 1296 de
3417 1256 3523 1310 qua
3552 1241 3764 1294 dictum
3815 1255 3869 1292 c.
3904 1239 3954 1292 6.

709 1330 908 1384 diaboli
936 1345 1152 1385 servum
1181 1332 1604 1400 mancipiumve.
1642 1333 1924 1389 Geul‘raeus
1953 1335 2147 1390 alicubi
2179 1352 2274 1404 pro
2376 1334 2623 1390 Zichiam
2689 1335 2830 1390 hanc
2871 1335 3197 1390 Reineccius
3245 1334 3649 1402 interpretatur
3681 1331 3954 1401 Cydnam.

710 1424 832 1477 Culi
889 1423 1110 1493 scripsit
1140 1423 1373 1480 Coullet.
1413 1425 1797 1496 Spanduginus
1829 1429 1877 1480 ei
1933 1430 2272 1496 suppeditata
2373 1429 2535 1498 Atqui
2571 1427 2808 1489 Zicchiaa
2856 1427 3131 1481 Cedrinus
3163 1441 3387 1496 quoque
3441 1423 3780 1478 mentionem
3834 1422 3960 1475 fecit

709 1514 879 1568 fuisse
922 1515 1088 1568 tradit
1122 1516 1190 1570 ab
1240 1515 1457 1570 lsmaile
1491 1516 1701 1570 Scacho
1744 1515 1922 1570 20000
1968 1518 2270 1581 hominum.
2373 1520 2786 1577 velutcivitatis
2810 1522 2863 1574 in
2891 1521 3019 1576 Asia
3062 1520 3258 1574 minori
3291 1519 3410 1573 sitae
3443 1534 3458 1572 :
3495 1534 3620 1570 cum
3668 1518 3722 1569 in
3749 1516 3952 1584 Copro-

709 1605 853 1671 quod
888 1606 1139 1669 equidem
1171 1621 1359 1660 verum
1399 1623 1502 1660 non
1541 1609 1800 1674 arbitror,
1829 1624 1891 1663 ex
1937 1609 2005 1664 iis
2033 1627 2154 1680 quae
2184 1612 2273 1667 hic
2372 1629 2538 1683 nymo
2574 1614 2744 1684 frigus
2773 1611 3080 1666 inauditum
3112 1609 3394 1664 memoria:
3432 1606 3634 1675 prodit,
3662 1620 3775 1674 quo
3823 1621 3958 1657 con-

707 1697 763 1750 in
794 1698 1102 1752 Annalibus
1140 1711 1466 1766 sequuntur.
1499 1699 1669 1769 Magis
1696 1710 1779 1754 est
1825 1716 1954 1756 vero
1981 1713 2270 1757 consenta-
2372 1704 2565 1772 gelatis
2594 1702 2848 1756 amnibus
2903 1707 2958 1755 et
2983 1700 3104 1769 ipso
3142 1699 3302 1761 mari,
3331 1696 3581 1766 potuisse
3623 1705 3820 1748 narrat
3865 1695 3952 1746 iti-

708 1803 891 1849 neum,
924 1788 1069 1857 quod
1096 1785 1284 1843 Jovius
1313 1790 1412 1855 ait,
1446 1804 1541 1859 per
1570 1790 1941 1847 internuntios
1969 1792 2037 1847 ab
2059 1791 2268 1850 lsmaile
2297 1842 2341 1864 η
2373 1810 2504 1850 nere
2563 1795 2806 1864 pedestri
2840 1809 2870 1847 a
2899 1792 3124 1848 Zicchia
3175 1790 3400 1845 transiri
3461 1804 3613 1843 mare
3665 1787 3734 1840 ad
3767 1789 3948 1857 ipsum

704 1881 1089 1933 conﬁrmatum
1137 1881 1192 1934 in
1257 1881 1539 1951 proposito
1581 1881 1767 1937 fuisse.
1803 1882 1950 1938 Kisel
1979 1883 2139 1939 bassa
2190 1887 2266 1942 si-
2296 1842 2343 1902 Β
2371 1900 2544 1955 usque
2564 1842 2898 1946 lIianubium,
2921 1882 2975 1938 id
3014 1890 3101 1938 est
3164 1881 3229 1935 ad
3277 1880 3418 1934 ostia
3449 1879 3708 1938 Danubii,
3747 1842 3872 1946 qna.-
3902 1878 3951 1928 in

701 1969 921 2038 gniﬁcat
952 1971 1176 2023 rubrum
1199 1981 1380 2039 caput.
1403 1970 1454 2024 Id
1487 1986 1683 2025 nomen
1704 1972 1978 2027 Osmanici
1999 1974 2268 2031 dederunt
2370 1975 2602 2031 Thracia
2636 1987 2786 2032 sunt.
2814 1973 3083 2046 Bithynia:
3113 1972 3437 2040 metropolis
3456 1971 3594 2040 apud
3631 1971 3948 2039 Aythonum

706 2060 808 2113 hoc
834 2062 954 2130 ipso
985 2069 1226 2127 tempore
1255 2061 1619 2116 sectatoribus
1651 2059 1880 2117 lsmailis
1906 2062 2098 2118 Scacbi
2139 2064 2266 2121 Per-
2370 2066 2631 2122 scribitur
2675 2080 2798 2121 esse
2828 2062 3054 2128 Nichor,
3079 2078 3242 2132 quam
3275 2060 3514 2115 Nicaeam
3560 2073 3712 2130 puto,
3753 2058 3952 2113 Turcis

703 2168 911 2217 sarum,
937 2168 968 2207 a
999 2155 1164 2208 rubro
1200 2154 1393 2222 capitis
1426 2163 1735 2223 tegumento
1762 2171 1776 2208 :
1806 2170 1927 2224 quo
1957 2155 2022 2211 de
2055 2157 2263 2227 plenius
2368 2161 2512 2217 lsnic
2541 2177 2556 2225 ;
2587 2175 2694 2214 non
2744 2158 3142 2220 Nicomediam,
3191 2173 3313 2226 qua:
3368 2155 3564 2209 Turcis
3598 2163 3683 2207 est
3735 2153 3901 2206 lsmid
3935 2171 3946 2206 :

701 2247 970 2318 agendum
1011 2246 1172 2316 paulo
1215 2256 1360 2316 post.

2367 2269 2490 2307 cum
2517 2253 2842 2307 Reineccius
2873 2268 2937 2306 ex
2962 2249 3168 2304 Nichor
3195 2249 3360 2303 faciat
3400 2247 3800 2302 Nicomediam.
3839 2245 3947 2298 Nec

703 2383 804 2439 180
863 2383 1065 2440 Antali.
1099 2381 1283 2434 civitas
1345 2378 1608 2434 Auatolia:
1640 2395 1658 2434 :
1690 2379 1995 2434 Grrrcorum
2045 2383 2173 2434 anni
2232 2398 2267 2435 a
2367 2346 2506 2413 apud
2557 2345 2789 2399 “onem
2832 2346 3137 2411 Augustin"
3176 2342 3358 2440 minim
3389 2349 3474 2440 es:
3499 2337 3823 2440 mptfopous
3855 2335 3944 2389 Bi-

770 2429 967 2508 rimiido
987 2429 1666 2519 cubantiféuo'ridiii'niab
1690 2429 2264 2505 Eaﬁ'hali;s.‘gg,;vei
2367 2440 2571 2511 thyniaa
2610 2437 2796 2492 Nicaea
2857 2451 3020 2504 quam
3055 2432 3397 2488 Nicomedia.
3435 2429 3652 2484 Cenech
3705 2430 3946 2498 Aythoni

768 2529 940 2580 niaut.
989 2523 1222 2577 Nomina
1263 2522 1501 2590 qua'dam
1533 2530 1734 2574 vetusta
1754 2538 1871 2575 cum
1888 2523 2262 2575 recentioribus
2367 2530 2689 2585 arinen-ius
2721 2530 3112 2596 interpretatur
3146 2526 3403 2588 Ροηιυιη,
3439 2538 3567 2575 cum
3607 2521 3784 2590 magis
3820 2537 3946 2588 pm-

769 2597 989 2652 σοίίαία·
2365 2625 2484 2694 prie
2503 2624 2582 2680 sic
2613 2623 2852 2687 dicatur,
2887 2635 3010 2689 qua:
3034 2618 3160 2675 olim
3190 2618 3411 2673 Colchis
3442 2625 3581 2676 erat.
3617 2623 3807 2683 postea
3848 2610 3945 2664 La-

774 2714 908 2779 Quae
941 2713 1134 2771 Turcis
1163 2716 1251 2770 hic
1295 2717 1479 2771 Antali
1520 2727 1761 2784 vocatur,
1787 2721 1987 2790 priscis
2026 2733 2143 2779 erat
2169 2728 2262 2779 At.
2365 2732 2553 2771 zorum
2588 2716 2855 2785 appellata
2905 2714 3076 2783 regio,
3107 2712 3222 2766 sive
3271 2710 3488 2772 Lazice,
3519 2706 3679 2775 cuius
3741 2718 3944 2758 metro-

703 2805 852 2869 talia,
885 2807 1156 2874 quondam
1182 2807 1251 2862 ab
1301 2806 1483 2860 Attalo
1512 2823 1660 2877 rege,
1693 2824 1802 2864 uno
1837 2810 1904 2865 de
1928 2816 2261 2868 successori-
2363 2811 2504 2877 polis
2525 2817 2609 2863 est
2647 2807 2815 2861 Leoni
2848 2806 3096 2875 Augusto
3117 2802 3416 2869 Trapezns,
3443 2815 3603 2868 quam
3633 2799 3686 2851 in
3713 2797 3938 2850 Genech

701 2899 800 2951 bus
828 2899 1125 2951 Alexandri
1163 2897 1366 2966 Magni,
1397 2898 1640 2952 condita.
1675 2900 1873 2956 Leonis
1914 2903 2260 2971 imperatoris
2363 2901 2516 2970 ponit
2535 2900 2838 2970 Aythonus.
2861 2895 3538 2965 Paphlagoniaecivitatcm
3560 2901 3714 2946 vocat
3740 2891 3944 2960 Aytho-

697 2989 918 3043 Novella
946 2990 1012 3043 de
1038 2989 1248 3043 thronis
1283 3003 1404 3043 eam
1434 2990 1664 3042 collocat
1716 2991 1769 3044 in
1822 2992 2119 3060 Pamphilia
2173 3009 2260 3049 se-
2362 3008 2468 3046 nus
2495 2991 2824 3059 Ginapolim,
2877 3004 2942 3042 ex
2979 3003 3083 3056 qua
3113 2987 3438 3039 Reineccius
3471 2983 3596 3037 fecit
3628 2982 3937 3036 Germano-

698 3081 898 3143 cunda,
929 3082 1032 3135 sub
1061 3080 1344 3148 metropoli
1378 3080 1551 3149 Sylaeo
1588 3081 1701 3134 sive
1731 3081 1922 3151 Perga.
1954 3084 2126 3138 Graeci
2160 3102 2258 3152 po-
2363 3084 2735 3153 polim.Atqui
2774 3080 3056 3148 Ginapolis
3089 3078 3344 3149 Aythoni,
3385 3077 3466 3130 vel
3507 3075 3798 3141 Ginopolis
3834 3091 3932 3142 pn-

696 3174 954 3228 steriores
982 3172 1265 3246 adnotant,
1298 3171 1494 3225 factam
1530 3173 1869 3240 metropolim
1899 3189 2044 3229 anno
2072 3178 2256 3231 mundi
2289 3176 2326 3229 (ἶ
2362 3176 2490 3236 tius,
2513 3174 2580 3228 ad
2627 3172 2861 3228 Pontum
2907 3171 3176 3224 Euxinum
3215 3171 3342 3227 sita.
3387 3168 3658 3235 hodieque
3681 3165 3940 3234 Ginopoli

695 3266 854 3330 6592,
885 3265 988 3318 sub
1018 3264 1292 3317 Eustratio
1330 3262 1676 3318 sanctissimo
1706 3264 2032 3333 patriarcha,
2081 3266 2255 3334 impe-
2363 3267 2694 3320 nominatur.
2730 3264 2886 3334 Apud
2916 3263 3146 3318 Leonem
3180 3264 3484 3330 Augustum
3521 3257 3815 3326 lnnopnlis
3851 3257 3935 3309 di~

703 3358 897 3413 ratoris
932 3357 1107 3413 Alexii
1143 3356 1409 3410 Comneni
1458 3357 1798 3409 auctoritate.
1846 3355 2001 3421 Quod
2037 3356 2254 3425 quidem
2359 3358 2524 3424 citur,
2548 3369 2601 3413 et
2624 3358 2971 3427 episcopatus
2998 3357 3119 3426 ejus
3147 3353 3214 3410 ad
3247 3353 3521 3424 Gangram
3545 3351 3936 3420 Paphlagoniae

693 3449 966 3504 accidisse
1018 3448 1296 3503 constabit
1352 3463 1499 3503 anno
1532 3448 1850 3502 Christiano
1906 3447 2064 3513 1084,
2110 3449 2154 3502 si
2189 3450 2257 3503 de
2357 3449 2612 3504 refertur.
2649 3449 2754 3503 Sed
2791 3449 2981 3503 desino
3009 3448 3187 3517 plura.

694 3541 961 3595 sententia
1013 3536 1324 3594 Grzccorum
1372 3540 1499 3592 anni
1538 3553 1566 3590 a
1602 3539 1821 3593 condito
1869 3540 2068 3593 mutulo
2115 3538 2256 3594 5508
2362 3562 2484 3617 .81.
2535 3561 2768 3630 Gamgos
2823 3561 3013 3620 haud.
3075 3558 3404 3626 beglerbeg“
3462 3557 3738 3611 Auamma
3796 3558 3937 3612 vi":

694 3641 1006 3688 statuantur
1031 3646 1200 3700 usque
1225 3630 1290 3685 ad
1316 3630 1596 3684 Christum
1622 3641 1807 3684 natum
1837 3630 2029 3699 elapsi,
2057 3645 2253 3684 secun-
2409 3616 2414 3617 ί
2679 3616 2703 3630 ’
2872 3616 3010 3698 ραιό
3047 3616 3399 3696 trans/igitur.

690 3728 819 3781 dum
869 3726 1164 3780 editionem
1221 3723 1288 3776 72
1345 3722 1729 3791 Interpretum.
1767 3723 2052 3794 Aythonus
2087 3728 2248 3785 Nata-
2428 3722 2604 3777 Habes
2643 3723 2731 3776 hic
2764 3723 2974 3793 insigne
2993 3719 3338 3776 crudelitatis
3375 3719 3688 3786 exemplum
3723 3718 3782 3771 in
3815 3718 3936 3770 reli-

692 3820 841 3882 liam,
875 3815 1220 3886 transpositis
1253 3831 1282 3869 a
1311 3814 1538 3868 librario
1561 3815 1972 3884 pritnislitteris
1993 3819 2251 3887 appellat,
2353 3809 2523 3877 giosis
2569 3808 2895 3871 Turcorum,
2932 3809 3090 3876 cujus
3147 3807 3328 3861 obiter
3380 3807 3722 3860 mentionem
3765 3820 3931 3872 supra

692 3924 790 3979 pro
817 3908 1029 3964 Antalia
1063 3923 1076 3962 :
1118 3923 1231 3978 quo
1280 3905 1401 3960 loco
1435 3905 1759 3962 Reineccius
1792 3917 1961 3974 notat,
2005 3911 2251 3966 scriben-
2355 3903 2604 3966 fecituus,
2675 3918 2797 3974 cap.
2831 3903 2920 3959 6i.
2984 3900 3309 3956 Transiixus
3342 3915 3372 3953 a
3411 3897 3740 3953 Scachoculi
3813 3898 3933 3966 palo

688 4008 815 4058 dum
858 4018 953 4072 pro
993 4000 1201 4055 Natalia
1245 3997 1551 4054 Nacoliam.
1598 3998 1763 4069 Atqui
1815 3999 2038 4056 Nacolia
2093 4003 2249 4072 longe
2354 3993 2459 4049 fuit
2501 3997 2761 4050 Anatolia:
2791 3995 3168 4064 beglerhegus.
3209 3991 3532 4048 utAnnalcs
3563 3989 3842 4046 referunt.
3879 3990 3932 4044 Ei

687 4098 948 4154 distatab
972 4096 1207 4172 An’talia,
1247 4093 1495 4166 Phrygiae
1534 4093 1791 4148 nimirum
1816 4094 2040 4164 majoris
2077 4097 2248 4152 medi-
2355 4102 2555 4144 nomen
2588 4091 2720 4144 dant
2743 4087 2909 4160 569
2931 4087 3096 4142 Turci
3122 4086 3383 4155 Caragos.
3414 4092 3474 4140 ut
3494 4094 3686 4140 nostro
3713 4097 3934 4153 quoque

685 4200 936 4244 terranea
991 4187 1202 4252 civitas,
1243 4185 1309 4240 ad
1338 4184 1662 4254 Sangarium
1702 4183 1901 4241 ﬂumen
1931 4186 2036 4242 sita
2071 4203 2084 4242 :
2123 4201 2244 4242 cum
2354 4188 2601 4250 tempore
2631 4179 2863 4237 celebris
2898 4179 3000 4234 fuit
3025 4178 3266 4248 Caragos
3300 4174 3450 4242 Bais.
3479 4191 3642 4247 quom
3679 4176 3737 4230 in
3785 4174 3930 4243 Sup-

681 4281 749 4336 de
786 4279 1002 4335 Antalia
1030 4293 1128 4335 sua
1155 4278 1338 4333 statim
1369 4277 1624 4345 subjiciat
1649 4278 1955 4347 Aythonus,
1983 4293 2101 4332 eam
2148 4294 2244 4333 au-
2349 4272 2606 4342 plententi
2641 4271 2954 4327 narratione
2986 4270 3054 4326 de
3090 4269 3233 4324 bello
3264 4268 3467 4339 Cyprio
3518 4279 3930 4322 commemora-

685 4388 780 4442 pra
825 4386 975 4426 mare
998 4371 1220 4426 Graeciae
1245 4370 1474 4438 (Gallice
1500 4370 1760 4438 loquitur,
1814 4385 1930 4435 pro,
1973 4371 2036 4423 ad
2071 4371 2240 4435 mare)
2347 4363 2568 4426 vimus;
2614 4362 2776 4432 vulgo
2821 4360 2992 4415 nostri
3065 4359 3424 4414 Caracossam
3487 4356 3700 4411 dixere.
3768 4354 3929 4409 Jovio

683 4466 867 4519 sitam.
924 4463 987 4520 Et
1059 4465 1224 4518 maria
1288 4462 1512 4517 Graeciae
1585 4463 1854 4517 vocabulo
1923 4461 2246 4530 intelligitur
2348 4455 2578 4523 Cargius
2612 4454 2774 4508 bassa
2812 4455 3150 4516 nominatur,
3204 4461 3256 4505 et
3298 4451 3471 4504 eidem
3525 4448 3654 4502 alibi
3689 4448 3929 4502 Caraius

679 4557 925 4627 ngazum
954 4571 1121 4629 mare,
1151 4555 1234 4609 vel
1261 4554 1673 4623 Archipelagus.
1703 4554 1867 4607 Addit
1899 4556 2069 4615 enim,
2096 4553 2241 4622 quod
2279 4555 2322 4610 D
2351 4557 2454 4601 est.
2487 4547 2749 4602 Dissentit
2776 4549 2939 4601 etiam
2964 4545 3018 4599 in
3038 4543 3380 4612 expositione
3401 4541 3646 4595 historia!
3675 4539 3934 4594 nonnihil

681 4651 793 4704 hanc
810 4649 1006 4702 civitas
1036 4648 1295 4717 respiciat
1347 4662 1577 4716 regnum
1609 4645 1791 4715 Cypri.
1825 4645 2036 4715 Quippe
2063 4661 2244 4698 rerum
2353 4640 2420 4692 ab
2450 4640 2773 4704 Annalibus,
2804 4638 2896 4706 qui
2951 4638 3283 4707 Caragosam
3316 4643 3533 4702 captum
3572 4631 3752 4686 fuisse
3807 4648 3935 4686 nar-

682 4741 784 4793 hoc
836 4745 942 4803 est,
974 4747 1029 4792 et
1060 4737 1128 4791 ab
1160 4736 1385 4800 Attalia,
1415 4749 1578 4804 quam
1621 4735 1898 4788 Sctteliam
1957 4735 2118 4788 modo
2150 4750 2245 4786 νο·
2351 4741 2497 4794 rant,
2530 4740 2581 4784 et
2607 4729 2868 4799 Cutaigen
2894 4727 2998 4781 add
3018 4737 3294 4789 .ctum,et
3313 4725 3429 4778 suis
3457 4724 3510 4776 in
3538 4722 3748 4790 Oppido
3784 4737 3934 4774 com-

679 4839 831 4893 cant,
865 4838 1014 4884 totus
1046 4829 1136 4883 ille
1187 4829 1341 4881 sinus
1376 4827 1623 4894 obiectus
1655 4826 1854 4893 Cypro,
1910 4841 2054 4879 nunc
2083 4824 2245 4878 Colfo
2351 4829 2755 4874 monstratum:
2787 4834 3020 4888 cumque
3045 4818 3376 4872 deditionem
3420 4815 3681 4885 oppidani
3748 4813 3932 4867 facere

679 4923 731 4976 di
769 4923 992 4976 Scttelia
1019 4921 1356 4974 nominatur.
1375 4919 1719 4972 Belvacensis
1752 4916 2035 4970 Satteliam
2073 4918 2243 4983 scrip-
2351 4912 2580 4974 nollent,
2622 4913 2676 4964 in
2719 4926 2908 4965 eorum
2946 4918 3242 4977 conspectu
3285 4907 3408 4977 palo
3441 4906 3804 4959 transﬁxum.
3841 4904 3931 4957 Jo-

681 5017 773 5078 sit,
827 5014 1110 5080 eidemque
1169 5012 1326 5064 sinus
1367 5012 1457 5064 ille
1491 5012 1657 5064 maris
1699 5009 2001 5077 appellatur
2040 5010 2243 5062 Caul‘ra
2349 5001 2467 5053 Vilis
2503 5009 2683 5053 aulem
2707 5013 2871 5068 prope
2899 4996 3318 5058 diCil'aeriSSB.
3347 5000 3404 5047 ιη
3437 5001 3738 5056 (Ἄρει-ρων
3785 5011 3799 5047 :
3832 4993 3929 5046 sed

682 5106 946 5166 Sattcliaz,
1007 5103 1278 5157 vocabulo
1340 5103 1545 5156 Gallico
1592 5100 1810 5168 Goufre,
1879 5101 2023 5168 quod
2087 5100 2245 5153 llOdie
2350 5091 2776 5144 subslractuma
2823 5088 2959 5153 suis,
3001 5083 3700 5153 Cutejamevasisse:qua
3771 5085 3931 5138 dein-

679 5199 883 5253 Graecis
933 5205 1018 5252 est
1055 5197 1294 5264 Corpho,
1341 5194 1536 5262 priscis
1595 5193 1832 5253 Κόλπος,
1875 5191 2021 5245 Italis
2064 5191 2244 5256 collo,
2351 5196 2531 5249 cvpsa
2563 5180 2834 5234 seditiosis
2865 5187 3193 5247 expugnata,
3224 5175 3384 5229 etiam
3419 5175 3533 5242 ipse
3575 5173 3828 5228 hostium
3873 5177 3926 5228 in

678 5291 890 5344 Latinis
914 5290 1089 5344 sinus.
1120 5288 1255 5353 Quia
1281 5302 1413 5340 vero
1436 5287 1488 5340 in
1523 5289 1668 5338 hunc
1690 5285 1921 5351 Aythoni
1948 5286 2124 5336 locum
2161 5285 2246 5337 iu-
2351 5270 2544 5326 ῐίιέιηυε
2569 5271 2792 5325 venerit
2831 5272 3024 5322 Ροδῑεει
3046 5283 3172 5321 νεΓο
3207 5269 3272 5319 ad
3297 5264 3612 5324 Carm-3553"-
3636 5264 3930 5332 ((ἶπδοδῖ·

677 5386 933 5447 cidimus,
968 5381 1304 5449 explicemus
1340 5379 1516 5432 obiter
1543 5387 1596 5431 et
1629 5376 1730 5429 alia
1757 5379 2006 5444 quaedam
2039 5376 2238 5429 ibidem
2350 5381 2439 5418 Sal“
2466 5365 2709 5417 Scribere
2756 5362 2966 5429 άθιύίῐ)
3015 5361 3066 5412 in
3123 5359 3297 5412 media
3334 5359 3440 5420 Via.
3473 5373 3576 5426 (ιυέι
3621 5365 3929 5410 "insenu-

679 5476 851 5542 posita
878 5477 1150 5540 regionem
1185 5481 1238 5526 et
1269 5473 1555 5526 civitatum
1580 5472 1825 5524 nomina.
1848 5465 2084 5523 Primam
2107 5471 2243 5522 Tur-

2350 5457 2474 5509 dmn
2509 5463 2624 5508 erat
2657 5454 2737 5507 Ali
2789 5453 2979 5515 bassre,
3015 5468 3137 5505 cum
3175 5452 3414 5505 exercitu
3455 5449 3680 5503 rebelles
3726 5466 3927 5517 perse-

676 5572 819 5635 quia:
849 5569 1192 5620 sultanorum
1229 5565 1396 5617 lconii
1450 5579 1697 5630 regnum,
1739 5564 1818 5616 vel
1849 5565 2031 5615 Asiam
2069 5565 2246 5618 mino-

2349 5549 2559 5617 qucnti,
2604 5547 2787 5598 virum
2832 5546 2898 5598 ab
2936 5544 3016 5597 cis
3045 5543 3166 5612 pain
3199 5542 3518 5596 transﬁxum
3552 5559 3564 5593 :
3606 5551 3719 5592 uta
3763 5554 3927 5611 tergo

679 5678 792 5716 rem
829 5661 1103 5728 intelligit)
1131 5658 1469 5727 provinciam
1524 5656 1681 5709 initio
1731 5666 1889 5709 vocat
1925 5654 2240 5725 Lygnniatn,

2349 5640 2704 5709 sequentibus
2743 5649 2847 5692 tam
2885 5637 3028 5692 {mdo
3061 5636 3192 5690 tanti
3227 5635 3324 5688 viri
3363 5634 3628 5701 supplicio
3661 5632 3926 5685 iuraui-ti-

677 5757 873 5809 deinde
929 5756 1129 5808 rectius
1173 5751 1506 5819 Lyriuoniatn
1565 5749 2036 5816 (pronuntiatione
2063 5749 2244 5803 Gallo.

2351 5749 2469 5784 nem
2534 5739 2587 5785 ct
2622 5733 2904 5783 horrorem
2972 5731 3300 5783 incuterent.
3340 5727 3408 5781 De
3442 5725 3700 5796 (Iutahige
3746 5742 3926 5798 supra

677 5866 799 5905 rum
835 5848 1061 5906 eﬂertur
1089 5847 1348 5917 Lyconis,
1379 5846 1428 5898 id
1460 5854 1543 5900 cst
1605 5844 2034 5914 LycaoniaMua:
2073 5848 2239 5897 iamo-
2349 5824 2550 5878 dictum
2582 5864 2594 5886 ι
2632 5825 2804 5892 ςιψλιε
2840 5823 2924 5875 λθ·
