4198 6426
194 369 299 433 857

1319 378 1721 446 ΡΑΝΒΕΟΤΕ
1761 385 1963 452 HlST.
2006 389 2316 456 ‘I‘UllClC.

3325 402 3432 464 858

198 483 323 539 182.
355 482 550 539 Corcut
582 501 615 540 σι
648 487 1443 583 seditiosispincitttrlgenus
1478 496 1769 555 Turcorum
1798 508 1842 564 Α
1875 506 2179 574 provincia,
2216 507 2616 579 complectente
2664 497 3089 583 Paphlagoniam
3112 551 3130 577 ,
3165 512 3433 571 Galatiam

679 559 1007 616 narrationes
1041 578 1072 614 a
1110 563 1320 619 nostris.

266 645 556 702 Corcutem
595 648 647 702 in
691 647 1114 707 Osmanidarum
1151 657 1467 726 genealogia
1512 660 1763 728 quintmn

193 740 387 794 ordine
414 740 671 809 Bajazitis
712 745 879 800 ﬁlium
924 745 1173 810 fecimus,
1208 754 1263 801 et
1314 765 1632 818 germanum
1661 753 1760 806 Se-

193 833 341 889 limis
380 835 631 903 fratrem,
688 840 780 908 qui
844 840 1106 910 deinceps
1183 842 1494 911 imperavit.
1544 843 1757 900 Etenim
1826 848 1829 852 “

193 926 443 981 eamdem
479 945 604 983 cum
651 930 855 987 Selime
891 944 1117 989 matrem
1170 934 1383 989 habuit.
1419 935 1573 991 Hunc
1618 939 1758 993 refe-

190 1033 320 1073 runt
351 1021 588 1077 Annales
619 1038 647 1077 a
688 1025 981 1081 rebellibus
1016 1027 1070 1081 in
1100 1043 1277 1096 pugna
1311 1028 1478 1084 fuisse
1526 1044 1757 1098 Supera-

190 1118 329 1163 tum.
360 1110 551 1168 Jovius
612 1130 740 1169 vero
804 1128 1102 1185 pugnatum
1153 1119 1228 1173 ait
1258 1120 1311 1174 in
1370 1122 1470 1175 bos
1528 1124 1758 1177 adverso

190 1202 378 1267 pr:elio
419 1202 633 1259 duobus
693 1220 720 1256 a
778 1209 1073 1274 nepotibus
1102 1207 1377 1274 Bajazitis,
1421 1211 1757 1267 Muchemete

190 1291 514 1349 Sciemsciai
543 1294 735 1363 (Sinan
793 1300 1007 1376 Scliach
1052 1302 1256 1356 rectius
1312 1305 1668 1373 appellatur),
1702 1315 1757 1359 ct

186 1382 400 1438 Orcane
435 1385 783 1455 ,Alempsaci,
816 1390 943 1444 liliis
997 1392 1177 1459 (pater
1235 1394 1385 1447 Alem
1424 1395 1505 1449 vel
1541 1397 1752 1450 Allama

185 1474 423 1538 Schacb,
460 1477 604 1532 (ilius
639 1476 861 1533 Urchan
919 1482 1077 1536 nobis
1142 1492 1226 1539 est
1278 1488 1329 1538 in
1366 1488 1703 1559 genealogis)
1737 1508 1750 1544 :

185 1566 478 1620 Corcntem
504 1584 770 1638 expresse
787 1566 989 1639 tradit,
1024 1590 1131 1629 non
1172 1592 1365 1631 ausum
1425 1576 1599 1634 fuisse
1627 1596 1749 1634 cum

182 1658 439 1713 Techclle
472 1663 756 1729 congredi.
810 1663 940 1729 Quae
972 1681 1103 1719 sane
1131 1684 1256 1721 vera
1320 1669 1456 1734 sint,
1501 1687 1599 1724 nec
1662 1689 1749 1735 ne.

181 1753 315 1805 mihi
342 1753 561 1822 quidem
596 1754 910 1825 disceptare
957 1773 1063 1811 non
1118 1759 1267 1813 lubet
1296 1778 1309 1814 :
1343 1761 1635 1815 indicanda
1672 1773 1749 1815 ta-

179 1860 305 1899 men
341 1846 547 1912 putavi,
583 1862 681 1901 ceu
732 1861 987 1918 suspecta
1042 1863 1264 1921 propter
1323 1861 1533 1908 aetatem
1586 1872 1748 1925 nepo-
1782 1843 1826 1901 Β

179 1948 318 1992 tum.
352 1938 484 2004 Qum
540 1941 678 1996 ditio
714 1943 786 1997 sit
813 1944 1149 2009 Aidinensis,
1202 1954 1485 2002 ostensum
1519 1965 1748 2005 numero

178 2031 267 2084 l3.
307 2031 472 2086 Ducis
506 2033 648 2087 [ilius
679 2045 764 2089 est
798 2034 1116 2107 lierzccogli
1151 2040 1341 2105 bassa,
1382 2040 1449 2096 de
1479 2057 1588 2113 quo
1623 2042 1745 2098 dic-

174 2130 291 2175 tum
330 2125 505 2191 capite
535 2124 624 2179 161
664 2135 717 2181 et
747 2128 869 2185 162.

308 2237 431 2290 185.
474 2237 588 2291 Alis
638 2240 806 2294 iussae
854 2255 1039 2297 contra
1102 2244 1313 2302 rebelles
1353 2254 1611 2320 expeditio

249 2326 597 2398 Quantopere
645 2333 913 2385 creverint
947 2336 1303 2400 perduellium
1365 2339 1531 2402 vires.
1564 2342 1645 2395 vel
1676 2358 1742 2397 ex

178 2437 246 2475 eo
268 2422 448 2490 colligi
505 2431 703 2492 potest,
741 2426 885 2493 quod
920 2426 970 2478 in
1009 2428 1106 2482 bos
1135 2429 1567 2497 proﬁciscentem
1602 2434 1740 2489 Alim

178 2514 397 2567 bassam
457 2515 678 2570 duxisse
706 2518 1089 2589 Fpandugiuus
1120 2522 1195 2574 ait
1216 2523 1459 2592 equitum
1492 2541 1552 2580 ex
1583 2528 1741 2580 Ana-

174 2608 307 2659 tolia
340 2607 701 2679 quadraginta
738 2611 931 2677 millia,
960 2614 1159 2681 quibus
1192 2616 1571 2690 genizarorum
1601 2634 1740 2687 qua-

174 2706 305 2751 tuor
332 2700 501 2753 millia
550 2700 818 2770 Bajaz‘tcs
851 2705 1186 2773 adiunxerit.
1237 2706 1525 2777 Nibiloque
1557 2711 1739 2766 minus

168 2791 490 2845 Achmetem
520 2808 737 2862 quoque
788 2794 1049 2865 Bajazitis
1091 2798 1286 2863 filium,
1336 2815 1400 2854 ex
1444 2803 1737 2856 Amasiana

170 2896 270 2934 sna
300 2882 580 2950 provincia
614 2883 864 2941 collectis
894 2888 1091 2957 copiis,
1122 2891 1170 2942 ei
1206 2890 1456 2946 subsidio
1496 2894 1733 2950 venisse.

168 2994 297 3075 184:
325 2996 546 3051 Clteider
586 3000 739 3075 bassa
772 3017 887 3053 cum
911 3002 1069 3055 Zindi
1106 3004 1317 3075 Kem_ale
1354 3003 1731 3075 Sangiacbego,

238 3068 407 3147 victus
450 3077 499 3119 et
560 3069 760 3123 occisus
816 3089 847 3124 a
885 3074 1174 3140 seditiosis,
1210 3068 1518 3141 Zonchium,
1557 3068 1734 3131 Nora;

240 3153 439 3191 rtnum.

238 3226 478 3280 Cheider
508 3227 699 3295 Bassa,
730 3230 1067 3288 Caramanize
1102 3236 1480 3310 beglerbcgus,
1500 3256 1528 3296 a
1560 3241 1735 3310 Span-

161 3318 374 3387 tlugino
405 3318 596 3375 Caidir
646 3324 973 3391 appellatur,
1024 3339 1076 3380 et
1135 3330 1471 3386 domicilium
1510 3332 1562 3387 in
1606 3335 1737 3390 urbe

159 3408 376 3478 Cogno,
408 3410 492 3464 vel
544 3413 715 3467 lcenii
775 3414 1033 3473 habuisse
1066 3420 1287 3475 dicitur.
1331 3422 1487 3478 Zindi
1545 3427 1734 3481 Kemal

160 3505 270 3570 beg
301 3501 479 3556 eidem
520 3504 723 3559 Camali
784 3509 1137 3576 nominatur,
1199 3521 1251 3566 et
1302 3517 1384 3569 vir
1441 3517 1734 3572 admodum

159 3592 430 3647 militaris
464 3595 632 3651 fuisse
671 3599 1017 3666 prmdicatur.
1056 3602 1250 3659 Tradit
1282 3608 1427 3660 enim
1480 3607 1735 3677 Spandu-

158 3687 353 3752 ginus,
390 3686 531 3741 hunc
578 3686 719 3741 bello
751 3688 1009 3758 Bajazitis
1037 3686 1227 3749 contra
1253 3695 1489 3753 Venetos
1524 3702 1737 3771 cepisse

155 3777 456 3831 castellum
490 3778 683 3834 Morere
704 3782 817 3835 sive
864 3782 1221 3854 Peloponnesi
1252 3791 1610 3857 maritinmm,
1645 3794 1739 3847 bo-

155 3867 367 3937 dieque
420 3869 878 3936 munitissimum,
912 3889 1011 3930 nec
1045 3878 1229 3946 procul
1260 3894 1288 3933 a
1333 3880 1585 3937 Methone
1624 3871 1736 3941 dis-

164 3954 370 4020 situm,
422 3955 733 4025 quindecim
792 3960 1048 4018 videlicet
1128 3964 1453 4024 milliaribus
1507 3970 1734 4040 Graecis,

155 4046 318 4117 quod
353 4062 383 4101 ι
414 4050 593 4105 nautis
624 4050 772 4107 italis
807 4052 1132 4121 Zonchium,
1170 4058 1523 4133 Spandugino
1565 4064 1736 4121 Giun-

156 4137 375 4202 chium,
411 4138 614 4197 Graecis
655 4145 829 4199 nostri
885 4147 1148 4217 temporis
1194 4148 1527 4209 Navarinum
1561 4170 1727 4212 voca-

157 4244 279 4296 tur.
308 4234 507 4304 priscis
541 4236 940 4309 Coryphasium
971 4241 1253 4301 Messenia:
1279 4246 1452 4304 fuisse
1473 4250 1732 4307 creditur:

154 4324 328 4378 Jovio
377 4336 555 4380 tamen
615 4327 828 4397 Pylum,
877 4347 1043 4403 regna
1090 4333 1364 4402 Nestoris,
1405 4341 1732 4408 appellante.

154 4416 359 4485 Neque
385 4418 667 4473 castellum
711 4421 814 4475 hoc
864 4422 1115 4478 Kemales
1156 4440 1250 4480 seu
1294 4428 1542 4484 Camales
1590 4431 1734 4486 dun-

156 4518 321 4562 taxat
347 4514 699 4596 expugnavit,
734 4518 920 4568 verum
944 4516 1107 4569 etiam
1141 4532 1431 4588 oppressas
1452 4523 1733 4592 inopinato

153 4611 407 4669 quatuor
448 4605 698 4657 triremes
738 4604 995 4669 Venetas,
1019 4622 1142 4661 cum
1191 4609 1322 4677 ipsis
1372 4613 1638 4669 militibus
1676 4626 1730 4670 ct

154 4695 340 4750 sociis
375 4696 682 4760 navalibus,
716 4697 915 4751 ibidem
957 4698 1009 4752 in
1039 4712 1361 4766 potestatem
1394 4707 1621 4777 redegit.

371 4808 494 4862 185.
532 4807 788 4863 Planities
825 4809 1012 4877 Zibuc,
1044 4824 1093 4867 et
1117 4813 1289 4876 Sivac,
1318 4819 1517 4873 eadem.

231 4900 413 4967 Quam
479 4899 569 4952 hic
619 4902 857 4955 Annales
905 4904 1188 4972 planitiem
1270 4909 1445 4964 Zibuc
1512 4923 1729 4977 vocant,

153 4991 560 5060 Spanduginus
587 4993 826 5061 appellat
852 5010 1101 5065 campum
1138 4998 1318 5061 Sivae,
1364 5004 1583 5056 tametsi
1614 5021 1733 5057 cor-

152 5091 327 5152 rupte
374 5083 583 5152 legatur
637 5084 692 5137 in
773 5084 940 5145 edito.
993 5088 1302 5161 Campagna
1352 5093 1499 5145 detta
1548 5093 1729 5151 Siras.

152 5176 378 5243 Quippe
412 5174 612 5229 civitas
646 5176 868 5244 quidem
902 5187 985 5233 est
1025 5179 1206 5245 Sivas,
1264 5184 1328 5237 de
1381 5200 1486 5253 qua
1523 5186 1727 5241 dictum

156 5265 357 5329 capite
392 5265 424 5318 5
470 5284 481 5318 :
556 5268 648 5320 sed
695 5267 797 5321 hoc
829 5271 1050 5324 nomine
1102 5287 1324 5342 campus
1355 5287 1447 5329 aut
1480 5278 1730 5346 planities

154 5356 371 5409 nobilis
417 5356 470 5409 in
519 5357 772 5411 Anatolia
833 5362 977 5429 quod
1033 5364 1286 5431 equidem
1316 5369 1508 5432 sciam,
1545 5373 1724 5425 nulla.

152 5449 513 5517 Quapropter
543 5465 608 5503 ex
638 5450 947 5508 Annalibus
967 5454 1124 5507 Sivac
1152 5459 1545 5525 reponendum,
1585 5463 1727 5531 quod

152 5542 310 5595 idem
350 5550 430 5593 est
466 5540 577 5594 fere
606 5556 725 5594 cum
763 5543 953 5598 Zibuc.
1016 5546 1207 5601 Jovius
1265 5550 1379 5603 haec
1408 5552 1472 5602 ad
1503 5551 1729 5608 Galatiae

151 5647 391 5700 campos
453 5633 663 5697 retulit,
691 5634 781 5687 ubi
816 5635 975 5688 sitam
1035 5638 1109 5690 ait
1140 5638 1449 5694 Cat‘aessar.
1487 5644 1559 5695 Ea
1595 5644 1730 5697 Tur-

152 5724 245 5776 cis
283 5730 370 5776 est
401 5722 785 5785 Caracbissar,
827 5725 929 5778 boc
982 5736 1062 5780 est
1120 5743 1213 5781 arx
1278 5733 1458 5798 nigra,
1523 5752 1641 5800 τιυςυ
1675 5736 1725 5787 in

158 5814 643 5884 beglerbegatibus
693 5816 1005 5872 collocatur
1037 5820 1089 5872 in
1140 5822 1374 5875 Amasia:
1430 5822 1726 5896 Tovatique

1870 604 1921 650 et
1948 595 2352 665 Cappadociam
2390 616 2403 653 :
2448 597 2540 651 ubi
2606 598 3035 666 sangiacatushi
3096 600 3433 669 coniungun-

1870 696 1977 752 tur,
2013 688 2363 754 Carachisar,
2390 688 2539 758 (vide
2565 697 2729 757 caput
2764 689 2884 749 141.
2911 700 2962 745 et
2983 688 3174 745 eodem
3204 706 3432 745 numero

1877 791 2089 834 textum
2126 781 2452 846 Annalium,
2515 782 2659 835 banc
2707 798 2734 834 a
2795 781 3133 836 Muchemete
3191 784 3430 837 secundo

1864 883 2080 941 captam
2107 873 2486 939 referentium,
2515 890 2639 929 cum
2673 876 2936 929 adversus
2960 875 3424 932 Usumcbasanem

1862 969 2132 1036 pergeret)
2176 966 2371 1022 Sasum
2410 968 2631 1035 (priscis
2687 968 2923 1031 Sasima,
2971 968 3038 1022 de
3096 968 3424 1023 Nazianzeni

1861 1056 2036 1109 nostri
2108 1057 2263 1111 libris
2324 1057 2524 1125 nota),
2571 1057 2889 1111 Tarabosan
2954 1061 3070 1113 sive
3126 1058 3423 1128 Trapezus.

1856 1146 2023 1201 Addit
2074 1146 2264 1202 Jovius
2300 1147 2403 1202 hoc
2453 1148 2573 1202 loco
2610 1150 2944 1204 mentionem
2980 1152 3185 1206 montis
3208 1153 3295 1206 cui
3330 1167 3425 1204 no-

1860 1254 1981 1292 men
2032 1240 2123 1293 dat
2148 1238 2364 1307 Oliuga,
2399 1257 2497 1296 nec
2520 1257 2644 1295 cum
2671 1257 2869 1313 magno
2889 1244 2959 1298 ab
2987 1245 3194 1315 Ancyra
3220 1246 3423 1300 distare

1862 1332 2026 1384 tradit
2069 1332 2381 1386 intervallo.

1856 1493 1957 1548 186
1988 1492 2563 1573 .Kiltaitt,Protoger_os,
2586 1494 2934 1573 Primikirios.
2971 1493 3226 1573 Vlofedzi,
3261 1495 3418 1566 Vlefe,

2136 1564 2430 1627 Timarion,
2463 1564 2788 1626 Timariotce.
2822 1565 3121 1619 Ramasan.

1922 1696 2023 1759 Qui
2062 1696 2350 1763 praefectus
2386 1694 2762 1749 Vlot‘eziorum
2827 1695 2915 1750 hic
2965 1698 3194 1757 dicitur.
3256 1713 3418 1752 voca«

1853 1788 1984 1842 bnlo
2013 1786 2249 1843 Tureico
2284 1788 2479 1841 Kibaia
2536 1790 2877 1845 nominatur.
2910 1789 2966 1843 Id
3016 1790 3237 1858 proprie
3275 1791 3419 1843 vica-

1860 1879 2001 1933 rium
2055 1894 2150 1933 seu
2204 1880 2690 1944 locumtenentem,
2757 1896 2855 1934 seu
2917 1882 3177 1948 legatum,
3251 1891 3417 1949 atque

1856 1972 2019 2025 etiam
2061 1972 2382 2042 praefectum
2414 1973 2554 2026 aulae
2586 1972 2889 2042 signillcat.
2939 1972 3177 2041 ldeoqne
3222 1972 3415 2026 Kibaia

1855 2064 2224 2121 Vlolcziorum
2259 2074 2343 2119 est
2397 2066 2645 2121 vicarius
2675 2078 2773 2119 seu
2811 2064 3020 2133 legatus
3061 2063 3229 2127 illius,
3254 2077 3413 2129 quem

1853 2158 2218 2213 Vlofeziorum
2250 2159 2467 2212 bassam
2501 2158 2800 2227 appellant.
2838 2156 3010 2210 Grmci
3068 2155 3411 2222 Protogerou

1853 2264 2001 2304 nunc
2040 2249 2250 2313 dicunt,
2281 2249 2375 2319 qui
2411 2250 2664 2316 catalogo
2718 2248 3045 2315 dignitatum
3078 2246 3159 2299 vel
3199 2246 3412 2299 ofﬁcio-

1851 2358 1972 2398 rum
2008 2343 2195 2412 palatii
2222 2342 2589 2411 πριμικήριος
2622 2342 2753 2411 ipsis
2788 2352 2895 2403 est,
2931 2341 3137 2392 nostris
3162 2340 3414 2406 primice-

1850 2438 1966 2491 rius
2027 2434 2391 2503 appellatione
2416 2442 2653 2487 vetusta.
2696 2431 2769 2485 Ex
2800 2432 3098 2497 Protogero
3129 2429 3411 2483 Geuiraaus

1848 2529 2102 2585 Protortz
2133 2539 2455 2597 corruptum
2519 2528 2694 2595 ponit,
2752 2532 2808 2579 et
2868 2524 3407 2593 superinten-lentein

1850 2622 2269 2690 interpretatur.
2312 2619 2522 2673 Nomen
2581 2617 2953 2671 \‘lofeziorum
3015 2615 3410 2683 signiﬁcatsti-

1848 2712 2185 2783 peridiarios,
2206 2710 2369 2781 470
2393 2712 2588 2779 quibus
2614 2707 2766 2761 Vlofe
2785 2716 2865 2761 vet
2890 2705 3039 2759 Vlete
3066 2717 3408 2761 numeratur.

1847 2805 1987 2859 Sunt
2014 2803 2157 2857 enim
2186 2802 2294 2855 duo
2324 2800 2720 2869 stipendiorum
2750 2798 2889 2865 apud
2931 2796 3141 2849 Turcos
3173 2810 3368 2865 genera
3391 2835 3407 2857 ,

1843 2908 2075 2964 quorum
2120 2908 2285 2945 tllltllll
2319 2904 2547 2945 vocatur
2581 2887 2747 2952 Vlefe,
2778 2889 2967 2941 Timar
3005 2886 3261 2940 alterum.
3284 2884 3409 2937 Vle-

1844 2987 1914 3048 fe,
1937 2983 2263 3053 stipendium
2283 2992 2383 3047 est,
2400 2980 2543 3052 quod
2569 2994 2715 3035 more
2734 2988 2918 3032 nostro
2936 2975 3197 3030 militibus
3216 2977 3295 3028 vel
3313 2991 3411 3028 au-

1842 3082 1962 3135 licis
1996 3078 2223 3135 solvitur
2258 3091 2285 3129 a
2317 3076 2675 3130 rationalibus
2716 3072 2798 3125 vel
2818 3070 3183 3140 quiestoribus
3217 3085 3229 3121 :
3264 3068 3405 3135 apud

1760 3193 1805 3251 ο
1844 3187 1942 3227 nos
1965 3177 2300 3223 menstruum
2321 3169 2403 3222 vel
2425 3180 2686 3228 annuum,
2703 3171 2845 3231 apud
2866 3162 3075 3215 Turcos
3093 3162 3143 3213 in
3164 3159 3407 3227 singulos

1839 3264 1976 3319 dies.
2013 3261 2126 3316 Hoc
2156 3262 2244 3330 qui
2283 3259 2561 3319 fruuntur,
2615 3253 3022 3309 Vlefedziorum
3058 3266 3255 3305 nomen
3308 3250 3405 3302 ha-

1838 3356 1985 3409 bent.
2016 3352 2265 3407 Geufraeo
2295 3359 2347 3405 et
2372 3348 2680 3403 Sansovino
2719 3354 2849 3399 sunt
2878 3342 3169 3411 OIOphagi.
3214 3340 3403 3393 Timar

1836 3454 1920 3500 est
1952 3443 2163 3513 pensio,
2187 3442 2273 3497 vel
2308 3440 2660 3512 stipendium,
2700 3438 2783 3491 vel
2846 3434 3057 3489 reditus
3092 3432 3402 3501 assignatus

1838 3536 1891 3589 in
1928 3533 2184 3604 praediis,
2233 3540 2286 3586 et
2316 3528 2760 3601 possessionibus
2816 3534 3125 3580 castrorum
3175 3521 3405 3591 oppido-

1838 3642 1978 3690 rum,
2022 3639 2307 3695 pagorum,
2367 3637 2623 3692 agrorum
2649 3658 2667 3684 ,
2702 3618 2787 3672 vel
2834 3618 2888 3672 in
2927 3616 3402 3686 percipiendisdc-

1837 3719 2036 3778 cumis,
2064 3717 2256 3769 aliisve
2282 3713 2573 3776 fructibus,
2602 3710 2777 3765 Graeci
2809 3708 3065 3763 timarion
3104 3707 3399 3776 appellant,

1837 3825 1865 3863 a
1895 3808 2096 3879 quibus
2124 3806 2189 3862 ad
2220 3804 2434 3860 ancos
2469 3818 2722 3859 manasse
2750 3816 2940 3856 vocem
2963 3800 3104 3854 hanc
3138 3800 3395 3852 arbitror.

1835 3901 2125 3972 Reperitur
2174 3898 2317 3971 apud
2359 3898 2757 3953 Damascenum
2794 3894 3068 3951 Studitam
3107 3894 3158 3946 in
3200 3900 3400 3961 θυι-ιγ-

1837 3997 1916 4051 rio
1942 3991 2215 4048 Theodori
2261 3989 2468 4046 tribuni
2526 3988 2789 4052 militum,
2845 3988 2933 4042 cui
2980 3986 3199 4040 virtutis
3230 3994 3281 4039 et
3316 4000 3399 4039 re-

1839 4102 1956 4143 rum
1999 4085 2214 4142 fortiter
2261 4092 2540 4156 gestarum
2590 4081 2813 4139 nomine
2864 4086 3051 4135 narrat
3102 4092 3128 4132 a
3185 4076 3399 4132 Licinio

1835 4178 2080 4248 Augusto
2110 4175 2298 4229 datum
2351 4173 2524 4229 fuisse
2556 4186 2652 4243 pro
2690 4170 2911 4227 tlmarlo
2946 4177 3185 4224 castrum
3232 4166 3396 4221 lli-ra-

1836 4268 1985 4324 clem.
2033 4266 2375 4336 Videturque
2405 4282 2506 4320 vox
2536 4280 2565 4320 a
2628 4262 2786 4321 Greca
2814 4262 2971 4333 τιμὴ,
2997 4277 3099 4331 qua
3127 4260 3398 4329 significa-

1838 4368 1924 4411 tur
1953 4359 2147 4417 bonor,
2186 4357 2434 4411 derivata
2462 4374 2475 4409 :
2504 4356 2649 4424 quod
2686 4352 3004 4424 hujusmodi
3032 4352 3266 4413 timaria,
3302 4366 3393 4402 vc-

1836 4447 1915 4500 lut
1951 4448 2271 4509 honoraria,
2319 4448 2435 4499 sive
2479 4444 2787 4509 beneﬂcia,,
2840 4443 2956 4496 sive
3008 4442 3236 4502 reditus,
3284 4441 3397 4493 sive

1763 4547 1810 4605 ι)
1840 4537 2155 4607 pensiones,
2188 4538 2474 4590 honoratis
2514 4537 2759 4605 beneque
2790 4536 2857 4588 de
2904 4534 3181 4603 republica
3238 4532 3399 4585 meri-

1839 4630 1906 4683 tis
1940 4630 2399 4684 concederentur.
2459 4627 2721 4683 Timariis
2768 4629 2958 4683 donati
3004 4636 3261 4680 vocantur
3307 4624 3397 4676 Ti-

1834 4721 2099 4781 mariotm,
2128 4720 2214 4773 vel
2251 4719 2541 4783 Timarati,
2578 4721 2743 4773 etiam
2783 4721 2922 4787 apud
2979 4717 3393 4783 Chalcocondy-

1834 4813 1964 4867 lem.
1997 4814 2330 4867 Caramuses
2368 4812 2638 4881 signiﬁcat
2688 4813 2902 4879 nigrum
2936 4811 3157 4863 Mosam.
3188 4806 3392 4859 Ramn-

1832 4906 1983 4961 Sauis
2014 4922 2214 4960 nomen
2247 4906 2391 4960 idem
2428 4916 2513 4960 est
2545 4921 2667 4960 cum
2727 4904 3042 4957 Ramadané
3084 4920 3096 4954 :
3126 4902 3269 4955 sicut
3301 4900 3394 4953 0t-

1833 5012 1980 5061 man,
2013 4998 2097 5051 vel
2124 4996 2332 5051 Odman
2368 4997 2511 5052 idem
2539 5012 2661 5050 cum
2697 4996 2955 5050 Osmane.

2066 5090 2188 5143 187.
2230 5088 2543 5153 Tebrisium,
2575 5089 2888 5154 Taurisium,
2915 5089 3217 5144 Caravana.

1900 5182 2232 5247 Tebrisium,
2290 5200 2436 5238 nunc
2494 5184 2712 5249 Tauris,
2770 5186 3060 5238 admodum
3118 5184 3202 5237 bis
3234 5194 3391 5239 annis

1833 5274 2095 5349 innotuit,
2126 5276 2292 5329 etiam
2336 5276 2514 5344 vulgo,
2544 5275 2850 5330 Turcorum
2879 5278 3152 5343 stragibus
3186 5279 3393 5346 aliquot

1833 5369 2177 5423 nobilitatum
2215 5370 2342 5423 inde
2385 5386 2560 5440 usque
2601 5386 2629 5424 a
2671 5371 2875 5424 sultani
2932 5371 3265 5427 Soleimanis
3311 5388 3395 5425 se-

1832 5460 1995 5513 cundi
2031 5461 2389 5529 temporibus.
2444 5460 2542 5526 Qui
2598 5462 2873 5515 Ecbatana
2934 5460 3120 5516 Mediae
3173 5471 3390 5526 vocant,

1832 5568 2019 5607 errare
2086 5562 2238 5620 puto,
2283 5568 2403 5606 cum
2448 5552 2718 5606 Cedrinus
2777 5569 2896 5607 eam
2933 5552 3257 5607 Tanrezium
3293 5570 3389 5623 ap-

1831 5645 2063 5712 pellans,
2098 5641 2149 5697 in
2178 5644 2555 5699 Persarmenia
2588 5646 2842 5709 collocet,
2901 5662 3062 5715 quam
3122 5648 3389 5714 hodieque

1832 5736 2093 5803 majorem
2138 5735 2327 5790 dicunt
2380 5739 2718 5793 Armeniam.
2771 5738 2829 5793 ln
2872 5740 3038 5809 hujus
3080 5742 3389 5795 meditullio

1831 5828 2135 5881 Tebrisium
2171 5840 2314 5881 recte
2339 5828 2529 5883 Jovius
2560 5832 2735 5901 ponit,
2771 5842 2827 5885 ut
2880 5833 3018 5887 male
3052 5833 3388 5887 Cbalcocon-
