4198 6426
733 388 839 450 859

1936 384 2264 447 JOANNIS
2289 383 2757 449 LEUNCLAVII

3914 380 4014 444 8ὶο

736 507 888 577 dyles
927 503 1116 559 urbem
1171 502 1300 557 fecit
1340 501 1692 574 Assyriorum
1727 521 1740 556 :
1797 502 1964 572 cujus
2029 505 2303 574 interpres
2333 503 2379 565 Α
2409 502 2544 557 lent.
2587 499 2830 556 Docebat
2862 507 3046 554 autem
3085 497 3220 560 hzec.
3263 504 3316 552 ct
3346 496 3478 562 alia,
3520 495 3762 566 quodam
3828 497 3888 550 in
3919 509 4017 565 op-

735 600 1037 662 Tabrezen,
1089 605 1146 652 ut
1199 596 1565 652 Ccdrinianus
1651 597 2003 660 Tabresium,
2058 596 2306 667 scripsit.

735 691 876 745 Jovil
919 691 1247 745 sententiam
1308 689 1423 743 haec
1480 687 1717 760 Aythoni
1768 688 2305 743 verbaconﬁrmant.

737 781 793 834 In
837 780 1093 835 Armenia
1131 780 1338 847 majore
1379 779 1575 834 civitas
1619 777 1860 833 Taurisii
1899 779 2168 834 famosior
2195 787 2307 845 est,

735 883 790 925 et
819 873 944 942 plus
975 871 1097 925 aliis
1137 871 1423 938 apulenta.
1487 870 1625 925 Vide
1657 872 1907 941 quaedam
1970 870 2076 924 alia
2107 870 2175 924 de
2207 869 2308 924 hac

738 961 907 1025 infra,
941 963 1121 1032 capite
1151 962 1258 1017 204
1292 970 1500 1017 notata.
1541 961 1840 1018 Caravanae
1873 962 2072 1018 Turcis
2096 971 2154 1017 et
2187 963 2311 1020 aliis

739 1055 1112 1111 orientalibus
1143 1055 1358 1125 populis
1406 1063 1538 1110 sunt
1594 1056 1878 1111 hominum
1917 1057 2138 1124 agmina
2173 1071 2314 1111 non-

742 1163 1026 1216 nunquam
1083 1150 1342 1212 maxima,
1397 1158 1623 1220 propter
1655 1149 1914 1204 itinerum
1989 1149 2311 1204 discrimina

742 1255 802 1295 se
845 1241 1320 1310 conjungentiom.
1383 1241 1576 1310 Neque
1629 1250 1839 1295 tantum
1882 1242 1985 1297 hoc
2019 1242 2134 1297 ﬁeri
2178 1243 2316 1298 solet

743 1333 812 1387 ab
847 1333 914 1386 iis
939 1334 1032 1402 qui
1065 1333 1332 1388 mercium
1371 1335 1451 1387 vel
1496 1333 1979 1390 distrahendarum
2011 1351 2202 1401 causa,
2229 1337 2314 1392 vel

743 1427 1267 1496 comparandarum,
1296 1427 1403 1481 alio
1427 1427 1892 1495 proﬁciscuntur;
1933 1446 2119 1484 verum
2145 1431 2310 1486 etiam

745 1519 816 1574 ab
852 1519 980 1585 illis,
1012 1519 1105 1590 qui
1127 1535 1221 1588 per
1239 1521 1568 1575 solitudines
1590 1521 1860 1588 Arabum,
1887 1523 1952 1576 ad
1983 1522 2309 1578 visitandam

745 1611 856 1664 voti
908 1611 990 1666 vel
1033 1611 1311 1680 religionis
1354 1627 1483 1681 ergo
1534 1611 1817 1668 Meccham
1871 1617 2314 1683 peregrinantur.

747 1703 1083 1758 Excrescunt
1113 1704 1226 1758 haec
1257 1707 1495 1775 agmina,
1523 1721 1634 1776 prae
1655 1706 2031 1776 magnitudine
2066 1706 2317 1776 periculi,

749 1810 1145 1864 nonnunquam
1198 1795 1263 1850 ad
1353 1797 1544 1866 viginti
1615 1798 1699 1852 vel
1748 1799 1974 1867 triginta
2032 1798 2315 1852 hominum

750 1889 943 1952 millia;
969 1889 1151 1958 justus
1197 1901 1254 1945 ut
1289 1891 1565 1946 exercitus
1601 1905 1746 1954 esse,
1786 1890 2088 1960 praesertim
2124 1890 2197 1945 ob
2229 1905 2324 1945 ca-
2356 1865 2399 1922 Β

751 1981 1018 2036 melorutn
1064 1984 1497 2050 multitudinem,
1536 1992 1590 2039 et
1637 1985 1873 2039 aliorum
1917 1983 2326 2053 iumentorum,

751 2085 871 2138 qua:
930 2073 1203 2142 sagmaria
1253 2074 1701 2145 sagmatariaque
1760 2075 1935 2130 Graeci
1988 2085 2209 2141 vocant,
2244 2075 2327 2130 νῖν

751 2164 1010 2221 deantur.

756 2279 876 2332 188.
901 2279 1067 2352 Scaclt
1091 2281 1194 2334 sive
1217 2297 1305 2334 rex
1333 2279 1618 2352 Persarum
1644 2281 1854 2352 lsmail,
1878 2294 2215 2352 cognomento
2233 2280 2328 2336 So-

825 2351 1041 2418 phinus.
1064 2352 1335 2415 SOp/tilat‘,
1362 2350 1702 2416 Enaaaerlar,
1736 2351 1886 2406 Kesil
1924 2350 2100 2407 haud.
2125 2353 2203 2405 An
2235 2353 2330 2406 hoc

825 2422 1053 2488 primunt
1107 2432 1340 2490 tempore
1390 2432 1532 2475 aecta
1581 2423 2013 2491 Sopltilariorunt
2042 2424 2328 2478 exstiterit.

845 2533 999 2590 Lit-et
1056 2537 1108 2590 in
1151 2536 1445 2592 Annalium
1479 2539 1794 2608 Appendice
1823 2549 2033 2605 nostra,
2078 2541 2144 2595 de
2166 2539 2331 2594 disci-

759 2628 865 2684 diis
911 2639 1186 2684 sectarum
1211 2631 1744 2696 Mahumetanarum,
1775 2632 2082 2688 Osinanica‘.
2135 2632 2332 2703 Sophi-

762 2736 973 2790 uaeque,
1012 2722 1330 2777 decennalis
1362 2723 1523 2778 initio
1563 2724 1715 2788 belli,
1750 2726 1900 2793 quod
1930 2725 2076 2779 inter
2108 2740 2205 2780 eos
2242 2741 2332 2794 ge-

763 2812 922 2873 ritur,
955 2812 1202 2880 quaedam
1245 2827 1393 2878 rara,
1434 2830 1532 2869 nec
1564 2815 1632 2869 ab
1669 2814 1791 2868 aliis
1833 2826 1959 2870 ante
1991 2831 2091 2870 nos
2126 2831 2333 2872 memo-

764 2905 858 2958 riae
884 2904 1097 2972 prodita
1144 2905 1413 2973 complexi
1483 2921 1677 2961 sumus
1734 2909 1894 2963 :hoc
1949 2918 2131 2963 tamen
2188 2909 2333 2975 loco,

763 3015 873 3068 quo
903 3001 1131 3069 primam
1180 2998 1416 3054 lsmailis
1452 2999 1679 3070 Sophini
1721 3003 2054 3056 mentionem
2091 3003 2335 3058 Annales

766 3093 999 3158 faciunt,
1030 3095 1221 3164 paucis
1263 3109 1324 3148 ea
1360 3095 1691 3163 consignare
1724 3095 1878 3160 libet,
1904 3111 2027 3165 quae
2060 3096 2126 3150 ad
2156 3095 2332 3165 ipsius

2431 591 2562 662 pido
2592 590 2914 654 Persarum,
2946 589 3032 644 cui
3078 605 3275 642 nomen
3325 587 3493 642 Reza.
3543 586 3708 642 Fama
3744 588 3878 640 novi
3926 587 4017 639 do-

2425 687 2620 754 ctoris,
2661 701 2926 754 novaeque
2978 685 3306 751 disciplinae,
3344 684 3504 753 longe
3561 685 3782 753 lateque
3818 685 4015 748 didita,

2425 780 2694 837 confluxit
2744 780 2810 835 ad
2876 779 3206 835 Scheichem
3255 778 3336 833 vel
3400 777 3664 832 lmamuin
3717 779 4016 834 Haidarem

2433 873 2627 944 ingens
2679 889 2708 928 e
2762 873 2951 929 Persia
3009 871 3316 942 vicinisqne
3353 870 3672 940 regionibus
3725 872 4012 924 hominum

2427 965 2743 1021 multitudo.
2776 966 2997 1021 Primus
3030 973 3211 1019 autem
3251 981 3315 1018 ex
3344 964 3694 1034 magnatibus
3726 972 3784 1018 et
3809 964 4013 1034 regulis

2427 1056 2642 1112 Erdebil
2702 1074 2809 1112 non
2857 1057 2998 1111 hanc
3040 1056 3310 1111 duntaxat
3365 1055 3624 1110 Haidaria
3680 1055 4012 1109 sententiam

2427 1151 2848 1220 doctrinamque
2883 1150 3162 1221 probavit,
3213 1165 3402 1204 verum
3433 1150 3599 1203 etiam
3627 1163 3693 1204 ex
3739 1147 3862 1217 ejus
3889 1163 4019 1216 pra-

2426 1242 2629 1311 acripto
2649 1257 2707 1296 se
2736 1257 2957 1314 gerens,
2988 1241 3359 1311 patrocinium
3386 1255 3570 1295 causa:
3614 1241 3892 1309 suscepit,
3928 1253 4017 1290 ea-

2429 1352 2537 1407 que
2568 1335 2728 1407 471
2767 1351 2824 1389 re
2863 1333 3238 1388 multitudinis
3274 1333 3491 1388 animos
3527 1332 3632 1387 sibi
3664 1333 3903 1386 miriﬁce
3934 1331 4022 1383 de-

2428 1430 2625 1485 vinxit.
2659 1427 2736 1482 Ita
2778 1428 3037 1481 nimirum
3091 1426 3228 1481 alias
3261 1441 3481 1496 quoque
3516 1433 3730 1479 constat
3765 1423 4022 1476 homines

2427 1524 2764 1593 ingeniosos,
2789 1535 2940 1576 nova:
2971 1520 3254 1591 religionis
3275 1535 3404 1576 usos
3435 1528 3723 1589 praetextu,
3747 1516 4018 1584 insignem

2429 1615 2497 1672 ad
2533 1618 2830 1686 potentiam
2867 1615 3209 1684 pervenisse.
3243 1611 3553 1680 Tantopere
3589 1609 3813 1680 quidem
3856 1607 4022 1660 Erde-

2430 1709 2528 1777 bil,
2551 1710 2847 1780 caeteroqui
2878 1725 2988 1763 non
3025 1705 3206 1776 magni
3240 1705 3480 1760 nominis
3509 1716 3746 1773 opumve
3777 1698 4020 1768 regulus,

2433 1805 2538 1860 hac
2575 1805 2700 1858 novi
2751 1802 3027 1873 dogmatis
3071 1800 3412 1871 professione
3435 1797 3652 1852 crevit:
3690 1805 3748 1848 ut
3775 1795 3826 1846 ei
3860 1791 4022 1844 ﬁliam

2431 1911 2588 1950 suam
2628 1911 2720 1949 rex
2762 1893 3055 1949 Persarum
3089 1891 3397 1953 Chasanes,
3429 1904 3593 1960 quem
3628 1903 3660 1941 a
3690 1885 4023 1956 proceritate

2431 1999 2658 2046 staturae
2702 1988 3041 2044 nominatum
3098 1984 3251 2041 Usun
3306 1985 3528 2041 Chasan
3567 1983 3832 2053 superius
3884 1978 4023 2032 iudi-

2432 2084 2708 2145 cavimus.
2747 2083 3104 2138 matrimonio
3156 2081 3402 2149 legitimo
3447 2079 3730 2148 copularet
3759 2116 3772 2129 .
3810 2074 4020 2143 Quippe

2434 2177 2598 2231 ﬁliam
2631 2175 2895 2230 Martham
2915 2191 2979 2227 ex
3005 2172 3326 2228 {Ecatcrina
3352 2169 3656 2227 Comnenia
3677 2174 4021 2236 susceperat,

2436 2284 2600 2339 quam
2626 2267 2886 2322 Camittle
2920 2253 3276 2322 Cami'fuisse
3303 2264 3530 2326 dictam,
3568 2275 3677 2315 non
3712 2268 3864 2315 recte
3895 2258 4025 2312 scri-

2435 2372 2588 2433 ptum
2619 2362 2762 2428 apud
2793 2359 3219 2428 Spantluginum
3255 2357 3480 2426 legitur.
3513 2353 3728 2410 Etenim
3766 2353 4026 2424 gentibus

2437 2454 2503 2508 iis
2532 2453 2734 2509 Carum
2773 2453 2841 2508 de
2882 2452 3138 2506 Comnini
3191 2449 3495 2504 vocabatur
3526 2490 3540 2516 ,
3575 2447 3765 2518 priore
3801 2448 4024 2501 nomine

2432 2557 2698 2614 corrupto
2753 2546 2822 2601 de
2875 2546 3067 2601 Grreco
3109 2544 3455 2608 Ecaterine,
3481 2542 3657 2597 altero
3690 2556 3830 2595 vero
3867 2539 4022 2594 fami-

2434 2639 2542 2694 lia‘.
2598 2637 2737 2692 Nam
2790 2637 3150 2707 Calojoannis
3209 2635 3504 2697 Comneni.
3542 2633 3839 2705 pettultitni
3894 2631 4024 2686 Tra-

2436 2732 2820 2799 peznntiorum
2853 2731 3225 2800 imperatoris,
3270 2735 3390 2782 erat
3436 2728 3548 2782 filia
3578 2771 3593 2794 ,
3644 2741 3818 2796 quam
3860 2724 4023 2778 Calo-

2432 2825 2639 2896 joanne
2675 2836 2914 2890 mortuo,
2949 2826 3118 2878 frater
3163 2821 3523 2888 Calojoannis
3558 2820 3760 2882 David.
3796 2819 4025 2873 ultimus

2439 2919 2737 2986 imperator
2770 2914 3196 2984 Trapezuntius,
3241 2911 3648 2968 Usumcbasani
3694 2909 3853 2964 dedit
3887 2925 4022 2962 uxo-

2439 3023 2579 3073 rem,
2617 3015 2677 3062 ut
2704 3007 2826 3077 ejus
2878 3007 3135 3077 praesidio
3174 3014 3370 3060 contra
3415 3003 3651 3058 nimium
3705 3001 3928 3056 vicinas
3975 3008 4026 3054 et

2441 3101 2672 3156 infestas
2701 3099 2806 3155 sibi
2857 3100 3001 3153 vires
3073 3098 3277 3151 snltani
3322 3094 3690 3150 Muchemctis
3737 3094 3910 3164 paulo
3943 3103 4024 3145 tu-

767 3186 1000 3241 lsntailis
1050 3186 1346 3254 originem,
1381 3187 1722 3258 principatus
1760 3187 1939 3250 initia,
1985 3199 2405 3263 progressus,c
2438 3195 2547 3248 tior
2601 3201 2769 3248 esset.
2839 3190 2917 3245 Ex
2977 3191 3078 3245 hac
3135 3187 3567 3246 Usumchasanis
3624 3186 3737 3242 ﬁlia
3817 3186 4023 3242 Martha

768 3295 856 3333 res
882 3288 1063 3348 gestas
1099 3280 1452 3334 illustrandae
1492 3281 1767 3347 pertinere
1807 3280 2147 3348 putabimus.
2178 3278 2341 3334 Pater

768 3369 1003 3424 lsmailis
1032 3371 1255 3439 Sophini
1290 3370 1390 3424 fuit
1445 3371 1690 3434 Erdebil,
1743 3387 1906 3439 quem
1942 3370 2131 3427 Jovius
2158 3380 2212 3426 et
2247 3372 2338 3426 alii

771 3473 968 3517 vocant
1007 3464 1297 3517 Ardueletn
1325 3463 1410 3517 vel
1461 3464 1830 3518 Hardmllem.
1865 3463 1978 3519 Hoc
2022 3465 2099 3519 illi
2131 3479 2341 3532 cogno-

773 3570 896 3607 tncn
957 3553 1167 3607 faciunt
1199 3567 1229 3606 a
1257 3553 1376 3607 loco
1410 3555 1649 3621 quodam
1689 3554 1913 3618 Persize,
1950 3554 2112 3621 cujus
2164 3553 2343 3608 domi-

773 3662 878 3700 nus
905 3655 998 3698 aut
1042 3645 1259 3712 regulus
1319 3643 1523 3699 fuerit:
1561 3646 1740 3712 ipsum
1783 3661 1915 3700 vero
1970 3661 2168 3701 nomen
2224 3645 2344 3714 ejus

773 3737 995 3790 tradunt
1033 3737 1201 3791 fuisse
1241 3735 1514 3792 Secaidcr.
1565 3738 1727 3791 Aiunt
1763 3747 2022 3806 pneterca
2074 3746 2344 3792 sectatum

778 3834 942 3882 vitam
978 3830 1311 3898 religiosam,
1345 3829 1519 3881 instar
1543 3831 1892 3883 eremitarnm
1928 3830 2012 3884 vel
2039 3833 2343 3885 monacho-

778 3941 894 3978 I'llttl
933 3934 1267 3977 nostrorum.
1325 3922 1559 3991 Ideoque
1588 3921 1691 3978 Sec
1731 3924 2130 3992 interpretatur
2167 3924 2347 3993 Span-

779 4017 1018 4088 tingiutts
1052 4035 1192 4070 nunc
1217 4017 1491 4078 abbatem,
1527 4034 1675 4071 nunc
1709 4018 2003 4088 plebanunt
2039 4019 2152 4073 sive
2183 4034 2347 4074 cura-

782 4119 919 4171 lutn,
947 4119 1002 4162 ιιι
1036 4109 1196 4178 vulgo
1250 4108 1573 4176 loquuntur,
1612 4109 1715 4162 hoc
1742 4117 1846 4174 est,
1881 4109 2190 4162 animarum
2251 4125 2349 4164 cu‘

781 4222 896 4260 ram
931 4191 1234 4273 gerentem.
1264 4203 1375 4271 Ego
1404 4219 1527 4256 vero
1561 4204 1614 4256 in
1652 4203 1914 4272 Opinione
1945 4217 2062 4255 mea
2089 4199 2348 4270 persisto,

783 4313 947 4367 qnam
986 4297 1141 4350 initio
1172 4292 1300 4350 belli
1334 4294 1540 4350 Persici
1575 4294 1834 4364 superius
1867 4293 1921 4346 in
1956 4292 2349 4362 Supplemento

783 4388 1074 4442 Annalium
1099 4387 1350 4454 exposui,
1383 4393 1437 4438 et
1466 4384 1630 4452 cujus
1659 4392 1943 4437 auctorem
1989 4383 2165 4437 habeo
2213 4382 2350 4436 Mat-

783 4481 950 4533 thiam
1003 4480 1068 4532 tle
1127 4477 1284 4540 Faro,
1361 4479 1671 4532 Caesareum
1742 4473 2219 4542 Constantitmpoli
2280 4474 2349 4527 ad

2447 3293 2613 3338 natus
2651 3283 2754 3337 fuit
2785 3281 3028 3336 Erdebili
3066 3281 3212 3335 ﬁlius
3249 3279 3456 3345 lsmail,
3486 3280 3556 3334 de
3586 3293 3700 3349 quo
3729 3293 3887 3332 nunc
3919 3277 4028 3347 agi-

2446 3390 2592 3430 mus.
2615 3374 2811 3428 liabuit
2843 3375 2898 3428 in
2929 3386 3095 3441 regno
3118 3386 3502 3426 successorem
3538 3381 3800 3425 mortuus
3830 3368 4026 3424 Usum-

2446 3469 2714 3524 chasanes
2768 3467 3029 3536 Jacupem
3069 3463 3240 3518 ﬁlium
3270 3507 3284 3528 ,
3317 3465 3410 3535 qui
3447 3465 3611 3535 vulgo
3645 3467 3718 3516 ab
3748 3464 4030 3518 historicis

2444 3559 2720 3628 Jacobbeg
2747 3600 2762 3623 ,
2797 3559 2866 3613 ab
2895 3558 3203 3612 Annalibus
3254 3558 3409 3610 hisce
3449 3558 3631 3610 sultan
3663 3555 3848 3626 .Iacup
3889 3559 4030 3612 dein-

2449 3669 2580 3724 ceps
2629 3653 2686 3707 in
2740 3652 2863 3708 Vita
2926 3651 3130 3706 sultani
3189 3649 3524 3705 Soleimanis
3579 3647 3932 3704 nominatur.
3985 3650 4033 3705 Is

2451 3753 2816 3816 protectorem
2843 3759 2998 3798 nova:
3020 3753 3185 3798 sectae
3204 3743 3478 3797 sororium
3508 3756 3671 3796 suum
3693 3740 4030 3807 Erdebilem,

2451 3837 2683 3891 miriﬁce
2719 3835 2831 3891 sibi
2861 3843 3206 3903 suspectum,
3241 3833 3390 3904 quod
3417 3843 3710 3889 vereretur
3745 3850 3821 3889 ne
3856 3838 4032 3906 regius

2450 3929 2653 3994 aﬁinis,
2683 3937 2740 3984 et
2779 3935 2949 3982 tanta:
2991 3926 3369 3982 multitudinis
3401 3925 3704 3981 devotione
3732 3926 3937 3992 fretus,
3966 3929 4034 3981 ai-

2448 4021 2502 4075 bi
2552 4035 2782 4091 regnum
2823 4021 3087 4090 eriperet,
3131 4017 3367 4074 interﬁci
3403 4019 3646 4072 curavit.
3689 4017 3888 4074 Evasit
3918 4035 4034 4074 cru-

2451 4113 2590 4170 delis
2625 4113 2884 4169 avunculi
2916 4126 3116 4168 manus
3146 4111 3336 4166 lsmail
3360 4111 3659 4165 admodum
3687 4112 4032 4175 adolescens,

2450 4207 2758 4262 octodecim
2797 4205 2880 4276 (ut
2920 4204 3172 4276 plerique
3215 4203 3462 4271 tradunt)
3489 4204 3540 4257 id
3571 4207 3852 4274 temporis
3887 4217 4034 4259 natus

2459 4315 2655 4367 annos,
2693 4315 2882 4369 seque,
2921 4300 3138 4354 Martha
3194 4308 3368 4352 matre
3411 4297 3648 4362 comite,
3680 4301 3930 4353 contulit
3976 4301 4034 4351 ad

2453 4395 2692 4449 amicum
2748 4401 3071 4462 paternum'
3095 4391 3400 4455 Pircalem,
3434 4394 3688 4461 regulum
3721 4392 3961 4448 ditionis
3990 4404 4037 4448 et

2456 4485 2808 4540 castellorum
2858 4483 3236 4553 quorumdam
3266 4483 3333 4536 ad
3369 4497 3522 4538 mare
3573 4482 3874 4554 Caspium,
3907 4503 4040 4540 nunc

787 4570 1006 4624 Portam
1037 4567 1387 4623 Osmanicam
1429 4566 1832 4636 Dragontanum
1864 4565 1945 4620 vel
1982 4565 2352 4632 interpretem:
2389 4547 2433 4602 ι)
2458 4574 2691 4628 Culum
2738 4547 2931 4627 ι)εηὶὶὶ
2987 4568 3214 4632 Turcis,
3269 4569 3446 4626 Beher
3492 4547 3728 4625 Culzum
3765 4547 4040 4626 Arabibus

781 4666 995 4719 diversa
1030 4664 1236 4718 scilicet
1272 4663 1387 4715 ltrec
1417 4676 1538 4715 esse
1591 4661 1812 4714 nomina
1846 4658 2192 4714 diversarum
2229 4673 2356 4728 per-

785 4774 1066 4820 sonarum,
1102 4773 1336 4827 quormu
1368 4771 1509 4808 unus
1536 4754 1696 4807 fuerit
1731 4752 1947 4809 Erdebil
1983 4763 2137 4823 pater
2166 4752 2358 4807 lsmai-

787 4854 876 4914 lis,
920 4853 1123 4905 familia
1153 4859 1314 4904 natus
1349 4847 1491 4917 apud
1529 4847 1727 4901 Persas
1759 4845 1983 4920 illustri,
2015 4847 2359 4915 ditionisque

787 4946 1075 5014 cujusdam
1108 4943 1351 5013 regulus:
1379 4943 1519 4994 alter
1549 4940 1780 4996 Scheich
1819 4940 2043 5004 Haitlar,
2074 4955 2182 4993 non
2211 4940 2360 5009 priu-

790 5056 920 5109 (‘cps
953 5047 1045 5090 aut
1082 5037 1324 5102 regulus,
1360 5035 1453 5090 sed
1501 5051 1690 5090 revera
1747 5035 1819 5100 id,
1884 5033 2031 5104 quod
2062 5033 2358 5099 audiebat;

788 5134 1048 5188 nimirum
1091 5129 1379 5190 Scheiche,
1415 5128 1499 5180 vel
1533 5127 1706 5193 lman,
1738 5141 1974 5197 quorum
2019 5125 2153 5179 illud
2187 5124 2362 5178 homi-

791 5244 912 5278 nem
942 5224 1257 5292 religiosum
1291 5221 1546 5292 gentibus
1575 5223 1685 5276 illis
1742 5218 2039 5288 signiﬁcat,
2081 5217 2151 5272 ab
2205 5218 2364 5271 inno-

791 5319 968 5370 centia
1008 5317 1488 5384 sanetimoniaque
1535 5315 1659 5369 vitae
1715 5331 1728 5368 :
1772 5315 1876 5368 hoc
1899 5327 2028 5368 vero
2057 5312 2359 5366 doctorem.

789 5411 1004 5462 Etenim
1039 5425 1099 5461 ex
1127 5409 1386 5475 Opinione
1414 5409 1534 5460 vitae
1565 5408 1824 5476 religiose
1870 5421 1934 5460 ac
1965 5405 2179 5459 duriter
2205 5412 2359 5467 actm,

795 5513 1132 5556 consecutus
1162 5500 1363 5568 aliquid
1399 5500 1540 5569 apud
1585 5501 1804 5567 vulgum
1841 5497 2225 5561 auctoritatis;
2265 5498 2363 5551 tri-

799 5598 901 5650 bus
925 5594 1248 5648 Mahumetis
1276 5594 1550 5662 propheta:
1574 5594 1766 5654 sociis,
1793 5589 2119 5655 Ebubekire,
2142 5590 2362 5653 Omere,

798 5690 1148 5755 Osmaneque
1202 5687 1439 5756 tejeetis.
1504 5685 1644 5740 Alim
1671 5693 1930 5754 quartum
1969 5683 2246 5753 propheta:
2279 5697 2367 5736 so-

799 5784 968 5843 riunt,
1010 5781 1368 5846 ejusdemque
1402 5779 1870 5849 consanguineuttt
1899 5785 1954 5831 et
1985 5791 2244 5846 generum
2284 5791 2366 5829 sc-

801 5875 1079 5946 qoendum
1117 5878 1168 5931 in
1194 5876 1453 5942 omnbus
1486 5870 1814 5938 aﬁitmabat,
1848 5869 1890 5925 si
1917 5870 2052 5926 salvi
2086 5883 2208 5924 esse
2260 5869 2365 5922 vcl-

2460 4666 2818 4736 appellatum,
2869 4678 2979 4735 quo
3027 4663 3282 4718 clausum
3322 4677 3476 4717 mare
3509 4662 3896 4731 signiﬁcatur.
3923 4664 4042 4718 Istic

2459 4760 2728 4813 educatus
2776 4757 2962 4812 lsmail
2998 4771 3064 4811 ex
3112 4755 3437 4828 praescripto
3467 4753 3752 4825 religionis
3779 4765 4039 4824 paterna,

2461 4851 2680 4905 tandem
2729 4851 3000 4905 exstincto
3057 4865 3152 4918 per
3191 4862 3471 4902 venenum
3519 4863 3548 4901 a
3582 4847 3830 4917 conjuge
3865 4849 4041 4902 datum

2461 4941 2679 4997 sultano
2721 4939 2926 5012 Jacupe
2975 4943 3291 5007 avunculo,
3323 4940 3551 4996 domum
3593 4940 3833 5006 reverti,
3867 4953 4045 5012 pater-

2464 5050 2653 5104 nzeque
2679 5035 2902 5090 ditionis
2935 5037 3340 5100 hereditatem,
3357 5047 3484 5088 cum
3509 5033 3732 5103 oppidis
3747 5044 3808 5088 et
3830 5033 4044 5104 praediis

2466 5138 2729 5182 maternae
2782 5126 2930 5181 dotis
2975 5125 3198 5181 nomine
3245 5125 3352 5181 sibi
3389 5125 3612 5200 deditis,
3642 5125 3804 5180 adire
3834 5127 4042 5182 statuit.

2467 5217 2722 5274 Dominio
2760 5227 3012 5290 ~paterno
3065 5221 3294 5288 potitus,
3348 5233 3472 5272 mox
3531 5219 3766 5272 ulterius
3821 5233 4041 5289 progre-

2467 5311 2657 5365 ditur:
2691 5319 2747 5367 et
2779 5313 3041 5367 trecentis
3078 5312 3462 5366 tantummodo
3485 5313 3719 5380 stipatus
3743 5313 4041 5370 militibus.

2467 5403 2779 5459 Somaltiam
2823 5421 2964 5476 pene
3001 5405 3384 5475 prodigiosum
3425 5405 3481 5458 in
3522 5403 3742 5456 modum
3787 5416 4039 5473 occupat.

2470 5495 2544 5548 Ea
2574 5479 2770 5551 civitas
2823 5505 2907 5552 est
2965 5495 3174 5559 Mediae,
3213 5511 3378 5565 quam
3425 5497 3586 5550 modo
3620 5493 3929 5550 Sirvanum
3963 5513 4045 5550 vo-

2468 5597 2598 5641 cant
2623 5626 2637 5651 ,
2677 5604 2740 5643 ac
2771 5604 2965 5644 versus
2994 5589 3268 5644 Armeniae
3296 5589 3524 5657 majoris
3550 5586 3686 5642 ﬁnes
3715 5601 3850 5642 sese
3877 5589 4045 5658 porri-

2469 5688 2573 5758 git,
2600 5695 2654 5736 et
2688 5683 2925 5737 Laonico
2956 5680 3272 5743 Samachia,
3304 5678 3656 5749 Spandugino
3688 5677 4042 5734 Sttmacltics,

2470 5778 2777 5848 appellatur
2806 5793 2816 5826 :
2853 5775 2988 5828 tanti
3020 5773 3242 5843 quidem
3303 5771 3587 5832 momenti,
3615 5779 3674 5822 ut
3703 5785 3865 5822 anno
3899 5773 4044 5823 Cttn-

2473 5885 2654 5927 Sttano
2713 5868 2844 5922 1585
2887 5868 2934 5921 ci
2983 5876 3154 5936 capta:
3223 5864 3605 5935 hcglcrbegum
3647 5861 3863 5916 Osman
3897 5865 4042 5916 basa
