4198 6426
203 364 296 428 861

1336 372 1746 434 PANDECTE
1801 373 2015 436 HJST.
2085 378 2398 441 'IUliClC.

3341 378 3457 442 862

205 480 528 550 praefecerit.
585 482 723 537 iline
771 482 947 551 copiis
1014 498 1124 538 non
1183 499 1377 554 parum
1446 487 1696 540 adauctis
1727 494 1783 539 et
1812 490 1859 547 Δ
1890 508 2056 561 supra
2094 504 2348 548 notatum
2387 498 2566 563 capite
2610 494 2663 548 2.
2698 495 2943 551 Scachus
2967 496 3133 565 igitur
3166 494 3345 551 ismail
3384 498 3455 551 ab

202 574 1141 637 inStructis,Tebrisium,extimam
1200 578 1488 633 Persarum
1544 579 1776 646 regiam,

202 681 320 719 sese
362 664 610 731 confert,
639 682 894 735 eamque,
920 681 1179 734 superato
1215 685 1337 740 rege
1373 671 1601 724 Alvante
1622 711 1635 734 ,
1666 672 1779 725 sul-

205 759 315 813 tani
358 757 582 829 Jacupis
622 760 734 816 lilio
756 771 810 816 et
837 765 1398 828 successore,victor
1440 765 1492 817 in
1543 774 1778 833 potesta-

201 859 305 903 tem
337 851 551 921 redigit.
589 852 792 905 lterum
825 869 949 907 cum
988 854 1220 907 Alvante
1250 870 1608 922 congressus,
1666 870 1771 907 non

201 945 357 997 modo
387 945 637 1011 superior
672 945 851 998 evadit
883 988 897 1010 ,
957 962 1146 999 verum
1187 947 1356 999 etiam
1395 948 1596 1014 ipsum,
1648 963 1771 1001 cum

199 1038 471 1092 exercitus
530 1037 720 1104 majori
763 1049 955 1107 parte,
1016 1040 1274 1093 trucidat.
1330 1041 1458 1093 inde
1508 1041 1771 1095 hluratetn

196 1123 463 1188 Chanem,
496 1126 698 1196 (Horat
726 1127 904 1191 Chau,
937 1141 991 1183 et
1029 1129 1203 1183 Ilorat
1236 1131 1497 1199 bcg,aliis
1521 1134 1774 1186 nomina-

196 1225 325 1282 tur,
380 1221 692 1287 Augustino
735 1222 964 1275 Curioni
1010 1234 1202 1276 nostro
1259 1222 1565 1294 Maraberg,
1626 1226 1770 1293 quod

197 1310 411 1381 longius
443 1310 511 1364 ab
537 1313 750 1380 origine
778 1312 1007 1383 recedit)
1055 1315 1307 1370 Aluantis
1338 1316 1505 1370 occisi
1547 1316 1767 1371 fratrem

195 1414 518 1473 persecutus
542 1445 557 1468 ,
594 1408 707 1474 pari
742 1406 1109 1474 prosperitate
1141 1417 1386 1475 superat.
1410 1408 1459 1462 is
1494 1410 1675 1463 vietus
1702 1410 1770 1464 ab

194 1498 434 1562 lsmaile,
468 1499 787 1568 Bagad’atim
823 1515 1017 1553 versus
1048 1498 1285 1569 aufugit,
1308 1501 1627 1555 hodiernam
1660 1502 1767 1556 sei-

195 1592 322 1644 licet
355 1590 712 1668 Babylonem,
762 1602 989 1659 prepter
1020 1592 1211 1647 ruinas
1243 1594 1439 1662 priscae
1472 1592 1765 1663 Babylonis

190 1685 373 1739 sitam.
412 1681 599 1738 Victor
633 1683 823 1737 urbem
872 1684 1096 1749 Sciras,
1135 1699 1417 1737 armorum
1455 1686 1638 1741 omnis
1669 1701 1765 1755 ge-

190 1777 343 1831 neris
367 1775 659 1839 oliicinam,
719 1790 748 1828 a
808 1775 1063 1831 Tebrisio
1108 1777 1299 1844 viginti
1324 1778 1534 1832 dierum
1569 1778 1763 1833 itinere

187 1869 486 1922 distantem
512 1907 527 1932 ,
554 1882 678 1922 eum
714 1867 1036 1921 victricibus
1069 1867 1245 1936 copiis
1284 1870 1397 1921 adit
1421 1877 1473 1921 et
1503 1880 1758 1939 Occupat.

191 1960 267 2013 lbi
303 1961 522 2013 demum
590 1960 881 2029 insigniter
942 1975 1102 2014 suum
1167 1963 1401 2015 armavit
1430 1964 1757 2020 exercitum.

187 2054 378 2107 Postea
411 2054 687 2123 negotium
709 2055 757 2108 ei
785 2054 884 2107 iuit
928 2069 1052 2109 cum
1101 2053 1199 2108 Ulu
1223 2056 1409 2109 Chane
1435 2055 1759 2111 Tatarorutn

186 2147 444 2213 Siciteco,
482 2162 645 2216 quem
690 2146 1024 2202 instructum
1084 2148 1331 2202 exercitu
1385 2158 1758 2203 trecentorum

184 2238 415 2292 millium
465 2240 751 2308 equitum,
790 2238 1010 2310 aggredi
1048 2240 1236 2309 pra'lio
1276 2256 1381 2293 non
1434 2241 1706 2296 dubitavit
1739 2261 1754 2299 :

182 2350 295 2401 quo
349 2334 613 2404 singulari
681 2337 888 2391 virtute
945 2337 1279 2405 fortunaque
1331 2336 1506 2389 virtor
1558 2338 1753 2401 evasit,

182 2426 339 2481 hoste
375 2442 539 2490 caeso,
571 2428 651 2481 vel
689 2428 741 2479 in
776 2431 933 2482 turba
971 2428 1135 2496 (quod
1168 2428 1258 2481 alii
1284 2429 1546 2499 tradunt)
1577 2446 1603 2481 a
1638 2430 1756 2483 suis

177 2535 469 2589 oppresso,
538 2519 936 2589 suliocatoque.
1009 2519 1251 2575 Tandem
1288 2521 1353 2573 ad
1401 2531 1477 2574 tot
1510 2521 1754 2577 illustres

173 2614 244 2666 de
278 2613 527 2682 pluribus
558 2623 747 2684 partas
774 2612 1057 2678 victorias,
1120 2612 1169 2668 is
1229 2611 1508 2668 felicitatis
1540 2614 1753 2669 eximiae

170 2706 436 2760 cumulus
488 2704 740 2769 accessit,
791 2716 851 2760 ut
900 2707 1169 2760 moriente
1208 2706 1260 2759 itt
1308 2706 1502 2761 exsilio
1543 2705 1751 2761 Murate

169 2796 392 2864 Chane,
422 2798 647 2868 Jacupis
680 2800 812 2865 lilio,
841 2810 895 2854 et
933 2801 1125 2853 ultimo
1167 2800 1405 2865 haerede,
1444 2815 1554 2854 non
1585 2800 1751 2855 modo

167 2888 387 2945 Persici
421 2893 571 2961 regni
605 2893 996 2961 possessione,
1027 2893 1254 2947 sublatis
1288 2895 1520 2959 tumulis,
1564 2896 1748 2964 quieta

164 2984 470 3055 potiretur,
505 3000 697 3040 verum
740 2986 905 3039 etiam
940 2987 1158 3040 vicinos
1192 2990 1458 3055 quosdam
1493 2989 1744 3058 populos,

156 3091 234 3131 ac
268 3077 572 3145 praesertim
598 3077 989 3146 Bagadatinos,
1008 3079 1061 3130 in
1087 3079 1419 3133 deditionem
1442 3081 1739 3150 acciperet.

1885 587 2097 642 aemulis
2143 589 2471 654 Osmanicis,
2518 589 2757 659 aliisque
2816 590 3263 657 Mahumetanis,
3306 595 3456 646 velut

1884 686 2077 737 horum
2112 685 2526 754 antesignanus,
2549 695 2657 739 tam
2689 685 2880 753 SOphi,
2904 702 3067 755 quam
3102 686 3257 739 Kisel
3294 688 3451 740 bassa

1886 786 2115 832 vocatus
2154 777 2304 842 fuit”;
2336 792 2400 830 ac
2422 779 2627 834 mansit
2657 778 2822 833 etiam
2848 780 2988 848 apud
3020 796 3119 833 nos
3147 780 3199 831 in
3233 778 3455 832 hodier-

1881 884 2012 922 nunt
2072 885 2246 937 usque
2310 871 2449 923 diem
2485 885 2683 924 nomen
2734 871 2838 925 hoc
2884 872 3119 939 posteris
3153 873 3351 940 ipsius,
3395 882 3453 925 ιιι

1881 963 2113 1030 Sephini
2149 962 2515 1030 appellentur.
2542 962 2649 1016 Nec
2674 970 2856 1018 tamen
2893 964 2947 1016 itt
2981 978 3043 1015 ea
3086 978 3204 1015 sum
3238 965 3451 1030 opinio-

1877 1069 1945 1106 ne
1978 1070 2101 1107 cum
2137 1056 2283 1117 aliis,
2323 1066 2380 1108 ut
2436 1063 2567 1109 tunc
2603 1057 2841 1123 primum
2886 1064 3074 1109 natum
3120 1055 3223 1108 hoc
3255 1056 3451 1124 Sophi-

1878 1147 2143 1198 lariorum
2177 1146 2506 1199 vocabulum
2540 1155 2751 1214 putem.
2782 1146 2997 1215 Quippe
3024 1149 3297 1202 vetustius
3328 1163 3451 1202 eSSe

1875 1238 2216 1305 temporibus
2249 1238 2515 1304 ismailis,
2544 1256 2606 1293 ex
2634 1237 2939 1295 Annalibus
2975 1239 3221 1295 Turcicis
3256 1252 3407 1309 paret
3433 1259 3447 1306 ;

1872 1331 1963 1398 qui
1997 1338 2261 1398 regnante
2283 1329 2625 1386 Muchemete
2660 1332 2844 1401 primo
2867 1375 2882 1397 ,
2927 1321 3183 1400 Bajazitis
3221 1350 3445 1400 proavo,

1872 1422 2169 1490 nonaginta
2224 1422 2433 1477 scilicet
2489 1423 2649 1477 annis
2727 1430 2855 1477 ante
2915 1421 3271 1478 Scarhoculis
3304 1426 3445 1479 sedi-

1871 1517 2101 1578 tionem,
2152 1523 2206 1568 et
2234 1513 2471 1567 lsmailis
2510 1516 2823 1584 imperium,
2884 1515 3227 1586 Sophiiarius
3259 1517 3444 1571 itidem

1869 1607 2232 1663 tumultuatos
2258 1609 2929 1677 commetnorant.itaque
2962 1627 3089 1665 vero
3129 1621 3211 1665 est
3245 1612 3444 1672 simile,

1867 1704 2193 1759 Scheichetn
2228 1705 2524 1763 Haidarem
2553 1724 2662 1762 non
2700 1710 2823 1763 novi
2858 1710 3132 1777 dogmatis
3164 1722 3443 1762 aucmretn

1869 1794 2063 1860 fuisse,
2132 1796 2227 1851 sed
2289 1798 2531 1865 reliquas
2592 1800 2775 1869 potius
2839 1815 2901 1852 ex
2967 1798 3442 1858 inccndioveleri,

1868 1890 2137 1958 quasique
2190 1890 2401 1957 sopitas
2449 1893 2713 1945 hactenus
2777 1892 3071 1953 scintillas,
3105 1894 3285 1945 denuo
3321 1907 3444 1944 sus-

1862 1983 2065 2036 citasse
2088 2027 2101 2049 ,
2135 1996 2477 2053 prorsusqtte
2511 1983 2676 2039 simili
2710 1985 2922 2038 ratione
2955 1983 3224 2037 Scacltum
3254 1983 3444 2035 Ismai-

1864 2074 1965 2127 lem
2028 2074 2195 2142 SOpIti
2272 2092 2474 2131 nomen
2517 2078 2584 2130 ab
2620 2077 2862 2132 inimicis
2916 2079 3134 2143 tulisse,
3176 2079 3440 2147 frequens

1860 2179 2017 2221 antea
2054 2170 2306 2235 plebeiis,
2354 2170 2449 2223 sed
2485 2179 2609 2223 ante
2644 2171 2821 2239 ipsum
2854 2173 2988 2225 nulli
3013 2173 3196 2225 datum
3232 2175 3368 2237 regi.

1862 2283 1982 2338 189.
2010 2283 2114 2348 Qui
2150 2284 2359 2338 Corizzi
2398 2284 2475 2337 vel
2508 2282 2817 2347 Coridrchi,
2844 2286 2932 2354 qui
2961 2286 3275 2343 Turcomani
3304 2288 3431 2343 Per-

2229 2355 2345 2408 sici.
2386 2354 2713 2423 Supplicium
2745 2355 3111 2411 Scachoculis.

1929 2445 2056 2501 Tria
2117 2456 2250 2502 sunt
2306 2449 2453 2518 apud
2511 2449 2706 2504 Persas
2776 2465 2975 2518 genera
3045 2450 3427 2505 militantium.

1858 2540 2023 2593 Primi
2053 2550 2323 2594 vocantur
2355 2541 2423 2594 ab
2457 2542 2537 2596 eis
2564 2540 2920 2607 Turcomani,
2953 2559 3189 2612 quorum
3216 2561 3276 2598 ea
3306 2560 3436 2599 con-

1855 2633 1993 2687 ditio
2060 2641 2167 2697 est,
2220 2649 2341 2701 quae
2370 2635 2700 2689 vasallorum
2738 2637 2878 2706 apud
2913 2653 3036 2702 nos,
3067 2654 3206 2705 quos
3246 2637 3434 2692 {euda-

1857 2724 2032 2778 tarios
2083 2724 2441 2793 appellamus.
2478 2724 2541 2778 Et
2594 2737 2719 2779 sunt
2756 2729 2898 2796 apud
2931 2744 3026 2781 eos
3056 2730 3213 2783 feuda
3249 2747 3435 2799 perpe«

1855 2824 1966 2881 tua,
2005 2832 2127 2886 quae
2161 2832 2187 2869 a
2218 2819 2541 2886 parentibus
2572 2818 2635 2871 ad
2664 2819 2867 2873 liberos
2891 2829 2942 2874 et
2970 2834 3219 2889 posteros
3248 2824 3435 2876 devol-

1852 2919 2077 2973 vuntur,
2114 2912 2341 2978 sequius
2399 2926 2460 2963 ac
2530 2909 2725 2965 Turcis
2769 2922 2851 2965 est
2902 2912 2953 2964 in
2986 2929 3144 2980 ιιιειι.
3203 2915 3432 2978 Quoties

1852 3002 2015 3069 igitur
2038 3002 2263 3069 hijussu
2284 3002 2425 3071 regis
2446 3015 2767 3067 evocantur,
2793 3019 2857 3058 eo
2890 3020 3009 3057 cum
3043 3007 3290 3075 equitnm
3330 3024 3432 3061 nu-

1850 3113 2003 3151 mero
2064 3111 2121 3149 se
2177 3097 2288 3165 regi
2329 3098 2553 3160 sistunt,
2614 3114 2775 3166 quem
2840 3100 3106 3152 rationem
3143 3101 3427 3155 feudurutn

158 3171 302 3225 Haec
335 3171 402 3225 de
434 3171 669 3226 istnailis
703 3170 934 3240 Sophini
973 3172 1223 3241 originc,‘
1250 3186 1625 3240 prospereque
1655 3188 1740 3227 rc-

1854 3192 2122 3243 adducerr
2180 3196 2451 3242 tenentur.
2510 3190 2676 3243 Alteri
2745 3191 2996 3245 dicuntur
3061 3193 3271 3247 Corizzi
3339 3196 3420 3247 vel

153 3283 293 3322 rum
327 3280 616 3331 successu,
651 3281 761 3334 quo
790 3266 895 3320 sibi
926 3267 1156 3335 suisque
1192 3281 1419 3334 regnum
1456 3266 1734 3323 Persicum

148 3356 400 3425 peperit,
432 3364 487 3411 et
510 3355 908 3420 constabilivit,
957 3356 1221 3412 hactenus
1275 3358 1363 3412 hic
1414 3363 1736 3427 exponenda

146 3450 448 3505 duximus.
500 3447 636 3501 Nam
689 3449 827 3503 bella
875 3449 1134 3519 deinceps
1162 3465 1283 3503 eum
1319 3450 1736 3517 Osmanidis,ac

145 3541 371 3595 Seiitne
425 3540 728 3609 praesertim
782 3547 957 3608 gesta,
1013 3554 1114 3594 suo
1162 3541 1285 3595 loco
1317 3542 1473 3597 nobis
1499 3543 1739 3599 Annales

142 3634 269 3705 ipsi
300 3633 529 3685 dabunt.
559 3631 641 3684 Ab
663 3629 979 3686 Osmanidis
1014 3632 1061 3685 ei
1091 3630 1259 3700 Sophi
1282 3643 1736 3702 cognomentum,

138 3738 213 3786 et
243 3729 448 3784 Kiselis
507 3730 703 3794 hassae,
764 3743 861 3797 per
919 3728 1278 3797 ignominiam
1342 3730 1443 3783 fuit
1475 3730 1733 3784 inditttm.

138 3824 375 3879 Prioris
428 3821 708 3874 notionem
759 3820 1042 3889 attigimus
1075 3835 1266 3890 supra,
1298 3824 1472 3891 capite
1501 3823 1589 3875 8l.
1618 3824 1735 3876 Non

134 3934 174 3972 a
223 3916 421 3970 Graeco
450 3913 669 3982 Sophos
704 3910 997 3965 deductum
1025 3921 1131 3978 est,
1156 3916 1299 3983 quod
1334 3923 1515 3968 tamen
1546 3916 1740 3970 existi-

131 4025 317 4065 mare
349 4007 620 4077 quosdam
648 4005 831 4071 video,
858 4005 951 4074 qui
981 4019 1009 4056 a
1039 4005 1327 4060 Persarum
1363 4006 1530 4076 Magis
1561 4020 1613 4062 et
1640 4008 1738 4062 So-

128 4104 283 4175 pltis
321 4100 733 4169 antiquissimis
774 4107 1052 4167 sumptum
1085 4113 1281 4152 nomen
1308 4114 1607 4169 usurpasse
1638 4101 1738 4154 So-

126 4198 364 4267 pitinos
402 4194 591 4246 volunt
624 4210 640 4257 ;
694 4191 790 4247 sed
841 4206 869 4244 a
930 4190 1122 4260 Sophi,
1160 4192 1394 4246 Arabica
1426 4210 1581 4256 voce,
1617 4209 1737 4261 quae

126 4294 343 4344 lanam
400 4285 693 4355 significat.
757 4283 972 4353 Quippe
1026 4301 1150 4338 cum
1205 4285 1621 4345 Mahumetani.
1679 4296 1735 4340 et

124 4381 472 4452 prasertim
506 4379 811 4441 Osmanici,
854 4392 1005 4432 more
1044 4379 1241 4441 veteri,
1279 4379 1555 4447 tulipauto
1589 4380 1737 4433 lineo

118 4472 511 4530 Subtilissimi
545 4473 731 4539 operis
754 4478 919 4539 caput
944 4472 1249 4533 involvam,
1278 4485 1411 4523 nova
1448 4470 1599 4525 istaec
1632 4470 1739 4525 So-

1846 3282 2159 3347 Coridschi,
2214 3283 2305 3349 qui
2353 3283 2646 3350 stipendiis
2678 3283 2935 3335 militant.
2984 3283 3047 3336 Et
3080 3286 3183 3335 alia
3218 3288 3423 3353 stipen-

1846 3377 1933 3430 dia
1969 3390 2159 3440 reapse
2183 3388 2290 3426 non
2324 3384 2450 3427 sunt
2477 3376 2616 3440 apud
2640 3375 2856 3440 Persas,
2884 3392 3045 3445 quam
3075 3393 3196 3441 qua:
3223 3378 3427 3432 Gra'cis

1846 3466 2154 3535 σιτηρέσια,
2199 3464 2459 3520 Romanis
2500 3482 2730 3520 annona:
2781 3468 3042 3522 militares
3068 3472 3427 3524 nominaban—

1848 3566 1977 3613 tur:
2018 3574 2104 3611 res
2159 3559 2419 3611 nimirum
2467 3559 2532 3611 ad
2589 3560 2849 3613 alimenta
2896 3563 3264 3628 pertinentes,
3299 3581 3426 3615 cum

1845 3650 2023 3718 equis,
2059 3650 2301 3704 vestibus
2334 3687 2349 3708 .
2383 3652 2554 3705 armis
2578 3690 2590 3714 ,
2629 3654 2919 3716 tentoriis,
2966 3655 3204 3709 caeteris.
3242 3654 3415 3709 Tertii

1846 3750 2103 3796 constant
2160 3758 2189 3795 e
2249 3743 2423 3811 cepiis
2485 3745 2851 3799 auxiliaribus
2910 3747 3416 3802 confazderatorum

1848 3837 2312 3907 ﬁnitimarumque
2339 3839 2607 3907 gentium,
2639 3844 3021 3895 Armeniorum
3057 3845 3327 3904 videlicet,
3357 3862 3425 3899 ac

1846 3928 2283 4007 Qeorgianornm
2326 3950 2338 3985 :
2380 3932 2470 3999 qui
2510 3933 2827 3999 religionem
2883 3934 3254 3989 Christianam
3294 3954 3421 4005 pio.

1848 4020 2090 4087 fitentur,
2127 4020 2179 4075 in
2210 4019 2403 4075 Persas
2422 4024 2703 4090 propensi,
2743 4022 2939 4079 Turcis
2972 4025 3181 4080 infesti.
3211 4026 3420 4093 Vulgus

1846 4109 2010 4178 igitur
2036 4112 2289 4175 istorum,
2324 4115 2414 4181 qui
2440 4112 2821 4169 Scaehocuiitn
2854 4119 3026 4170 secuti
3058 4119 3273 4184 ducem,
3308 4133 3414 4173 tam

1846 4203 2143 4257 crudeliter
2186 4205 2454 4258 hactenus
2504 4211 2734 4273 grassati
2773 4210 2977 4276 passim
3012 4210 3247 4275 fuerant,
3293 4232 3415 4268 sca-

1844 4296 1982 4346 chzts
2020 4293 2198 4347 lsntail
2230 4311 2327 4348 ceu
2355 4297 2626 4364 mancipia
2660 4298 2944 4352 distribuit
2966 4300 3111 4354 inter
3162 4318 3419 4370 proceres

1845 4399 1995 4449 suos,
2045 4402 2153 4455 quo
2204 4389 2427 4441 nomine
2500 4389 2724 4454 suitani,
2794 4391 3031 4455 Cltanes,
3085 4394 3413 4449 Turcomani

1848 4476 2031 4532 Persis
2102 4480 2332 4533 veniunt
2366 4498 2378 4533 :
2432 4484 2612 4551 capite
2654 4500 2785 4537 vero
2812 4486 3209 4541 seditiosorum
3248 4492 3417 4543 truci-

115 4566 523 4639 pitilariorum
591 4566 781 4632 religio
843 4563 1094 4632 praecipit
1126 4565 1270 4616 inter
1302 4564 1429 4627 alia,
1466 4579 1532 4618 ne
1572 4572 1735 4633 caput
1772 4580 1814 4635 υ
1844 4570 2024 4624 danda
2100 4571 2367 4636 Corizzis,
2424 4577 2526 4629 hoc
2580 4584 2688 4638 est,
2742 4578 3117 4646 stipendiariis
3151 4582 3417 4636 militibus

111 4662 303 4716 fastu
344 4658 585 4727 qundam
618 4657 777 4710 lineis
807 4656 1077 4723 ejusmodi
1141 4656 1309 4724 spiris
1355 4667 1604 4724 ornetur,
1637 4658 1735 4712 sed

112 4762 205 4805 ut
262 4759 582 4820 tegumenta
640 4747 883 4815 capitum
917 4762 947 4800 e
976 4747 1121 4808 lana,
1150 4762 1254 4800 non
1290 4762 1483 4816 magna
1525 4764 1583 4802 re
1619 4764 1742 4816 pre-

105 4842 235 4903 tii,
275 4839 669 4895 conficiantur.
708 4838 777 4891 Et
805 4837 933 4905 quia
968 4838 1182 4890 laneum
1217 4838 1319 4891 hoc
1360 4848 1737 4909 tegumentum

101 4932 377 5001 capitis,
414 4946 521 4994 quo
558 4939 754 4999 prmter
785 4931 1017 4982 aliorum
1077 4930 1585 4987 Mahumetanorutn
1626 4949 1737 4987 mo-

98 5040 267 5081 rem
306 5023 365 5075 hi
408 5038 551 5075 nunc
594 5031 827 5075 utuntur
858 5063 872 5087 ,
910 5023 1082 5091 plicas
1129 5025 1288 5076 habet
1332 5026 1643 5090 duodecim,
1682 5036 1735 5081 et

96 5123 166 5173 Α
189 5120 399 5170 rabiea
439 5131 537 5166 vox
602 5114 865 5179 Enasser,
894 5116 1181 5168 duodecim
1216 5117 1487 5185 Signiﬁcat
1523 5120 1732 5182 ;etiatu

90 5210 306 5265 aliud
344 5222 545 5259 nomen
597 5206 1107 5261 Enasserlariorum
1153 5212 1430 5263 consecuti
1487 5222 1638 5277 sunt,
1670 5229 1734 5269 ac

87 5306 167 5359 si
225 5302 430 5356 Graeco
468 5300 737 5353 vocabulo
769 5300 920 5354 dicas
956 5299 1424 5370 Dodecaptycbos,
1459 5316 1554 5357 aut
1589 5304 1733 5360 Lati-

85 5412 214 5453 nn
278 5392 778 5459 Duodecimplices.
829 5391 967 5445 Cum
1022 5392 1265 5462 denique
1324 5404 1539 5463 tegmen
1583 5397 1729 5466 ejus-

81 5488 298 5543 n-odi
375 5484 541 5537 rubro
597 5487 863 5538 duntaxat
918 5485 1100 5538 colore
1135 5488 1362 5540 tinctum
1394 5499 1604 5558 gestare
1641 5505 1728 5545 so-

72 5588 323 5639 leant,
363 5574 795 5628 Kiselbassilarii
820 5592 1039 5645 quoque
1074 5577 1204 5631 dicti
1239 5591 1364 5633 sunt
1393 5621 1407 5643 ,
1442 5584 1605 5636 veluti
1639 5601 1729 5637 ca-

74 5675 258 5747 pita
299 5668 493 5721 rubra.
531 5667 787 5721 Solebant
824 5677 1002 5722 autem
1041 5682 1175 5722 ante
1204 5672 1317 5725 haec
1361 5674 1541 5725 vocari
1593 5685 1726 5728 tem-

61 5780 278 5841 rola
323 5758 504 5813 Persa:
533 5758 729 5814 Turcis
761 5762 991 5813 Aiemini
1042 5764 1124 5815 vel
1169 5763 1411 5816 Azemini
1448 5765 1609 5835 472
1654 5769 1720 5819 si~

58 5876 185 5917 cu
210 5867 236 5908 ι
276 5863 329 5907 et
361 5854 476 5922 ipsa
508 5854 654 5923 regio
685 5854 977 5909 Persarum
1023 5855 1216 5909 iisdem
1252 5868 1335 5911 cst
1366 5860 1539 5921 Aicm,
1572 5864 1713 5929 quod

1845 4664 1983 4725 suis,
2010 4664 2232 4730 obiecit.
2266 4666 2381 4722 Hoc
2411 4670 2787 4732 memorabile,
2813 4673 2956 4739 quod
2992 4674 3130 4741 apud
3166 4673 3415 4742 Spandu-

1841 4756 2029 4823 ginunt
2072 4756 2289 4824 legitur,
2328 4770 2614 4815 auctorem
2650 4771 2757 4815 tam
2793 4762 2951 4817 foeda:
2987 4767 3285 4833 tragoediae,
3320 4769 3411 4835 qui

1841 4859 1901 4897 se
1951 4843 2357 4913 Seacltoeulitn,
2408 4849 2559 4902 velut
2585 4851 2766 4905 scachi
2802 4852 3134 4920 mancipium
3168 4855 3412 4922 appella-

1842 4944 2014 4997 verat,
2070 4938 2137 4991 ab
2194 4940 2318 4992 aliis
2366 4957 2497 4995 vero
2550 4943 2865 4997 nominatus
2913 4945 2983 4998 ob
3015 4945 3410 5000 immanitatem

1841 5028 2021 5083 fuerat
2081 5029 2265 5085 Scitan
2324 5032 2439 5086 Culi
2466 5075 2478 5096 ,
2514 5034 2630 5089 sive
2664 5035 2882 5091 Satanae
2917 5041 3267 5106 mancipium,
3298 5044 3411 5093 latt~

1838 5122 2005 5174 dabili
2037 5125 2347 5178 severitatis
2387 5128 2648 5196 exemplo
2679 5131 2882 5193 vivum,
2915 5132 2981 5182 de
3018 5136 3290 5184 sententia
3328 5150 3409 5185 re-

1837 5217 1921 5285 gis
1972 5216 2232 5283 ismailis,
2286 5218 2343 5271 in
2416 5218 2664 5276 ﬂammas
2720 5227 3029 5291 conjectum
3067 5236 3117 5277 et
3155 5237 3407 5279 exustum

1838 5307 2031 5363 fuisse.

1837 5443 1953 5497 190.
1984 5443 2158 5521 Multis
2180 5444 2665 5521 Selimisadversus
2700 5462 2898 5519 patrem
2940 5456 3256 5521 Bujrtzilem.
3280 5460 3405 5512 Prc-

1903 5517 2041 5591 copii
2091 5514 2296 5591 Ta_t_ari,
2338 5518 2484 5571 Clum
2520 5514 2885 5588 Precopiorum
2926 5514 3157 5579 Paiunitr
3192 5546 3405 5591 regnum

1902 5586 2086 5706 ῗιηωι,
2150 5586 2403 5657 Beligrud
2464 5592 2531 5643 ad
2590 5586 2798 5645 amnem
2857 5595 3156 5661 Nestorem,
3191 5586 3401 5668 signa»

1936 5673 2073 5706 assa.

1936 5673 2073 5710 αδδιι.

1903 5769 2223 5837 υυῙνυῑηΓιιε
2284 5772 2510 5840 imperio
2570 5785 2774 5842 patrem
2828 5778 3078 5841 S.-iitncs,
3113 5797 3217 5832 nun
3271 5783 3399 5834 'i‘ta-

1828 5877 2055 5932 pezunte
2094 5882 2188 5934 pur
2244 5868 2425 5921 Asiam
2477 5872 2738 5925 minorem
2786 5873 3056 5942 profectus
3091 5876 3222 5938 fut,
3256 5877 3398 5944 quod
