4198 6426
741 341 845 402 853
1939 339 2262 399 IOANXIS
2303 337 2770 400 LEUNCLAVII

743 459 989 510 futurum
1049 456 1278 519 videret,
1317 466 1378 510 ut
1411 472 1438 510 a
1480 456 1766 517 fratribus.
1801 457 2068 510 Aehmete
2105 456 2312 510 Corcu-
2339 458 2385 514 Δ
2415 455 2590 508 diare.
2627 455 2832 509 Contra
2877 451 3227 507 Christianos
3285 464 3531 519 pugnare
3589 449 3721 502 tis?
3769 447 3848 500 [to
3899 449 3996 499 ιώἱ

745 560 927 615 teque,
959 551 1057 602 hoc
1091 553 1142 602 in
1173 551 1365 602 itinere
1397 550 1798 617 impediretur;
1825 548 1920 602 scd
1955 547 2126 601 Cofen
2149 586 2166 611 ,
2193 563 2314 614 quae
2427 548 2660 599 vicinam
2714 546 2946 616 L‘ngaris
2997 543 3400 597 Semendriam.
3460 540 3560 594 Hic
3613 539 3846 593 Rhodus
3867 581 3884 598 .
3915 541 3994 590 hx

745 643 950 693 notitiis
995 652 1084 695 est
1134 641 1318 709 Capita
1342 679 1358 701 ,
1389 657 1488 694 ceu
1529 643 1732 693 dictum
1775 641 1953 707 capite
1985 637 2124 699 HS,
2166 646 2316 690 trans
2423 638 2588 692 salta.
2637 636 2850 690 Dictum
2883 649 3013 688 vero
3049 635 3304 703 superius
3331 634 3398 686 de
3431 632 3784 689 Semeadria.
3819 643 3998 688 cat-tl

744 749 893 784 mare
933 732 1155 800 Nigrum
1217 735 1533 801 navigavit;
1573 747 1681 799 quo
1739 733 1861 784 loco
1918 742 2047 783 tunc
2101 727 2318 782 lache-
2425 728 2786 796 nonagesimo
2805 741 2972 779 nono.
2999 724 3248 778 Perrexit
3280 723 3404 776 inde
3437 721 3707 790 Zagora-
3737 719 3997 776 δοιὰ-ες.

749 826 906 879 metis
955 823 1280 878 Taurorum
1319 824 1523 878 Chanis
1552 825 1716 877 ﬁliam
1751 838 1858 877 non
1887 823 2041 876 duxit
2067 836 2315 884 uxorem,
2423 836 2587 890 quam
2644 821 2829 890 capite
2877 820 3156 874 tricesimo
3187 821 3348 872 tertio
3377 818 3618 870 diximus
3651 815 3999 882 sexagesimo

750 915 827 964 uti
849 911 1136 967 Geufrzus
1161 914 1403 982 scripsit,
1429 929 1551 968 cum
1577 930 1641 969 ex
1669 929 1732 968 ea
1756 915 1924 967 ﬁlium
1947 912 2316 967 Solcimanem
2425 917 2492 968 ab
2549 913 2943 982 Hadrianopoli
2975 912 3181 965 distare
3209 910 3469 963 milliario
3500 907 3712 960 Graec.
3741 905 3846 959 Hie
3877 920 3999 956 eui

752 1009 856 1058 hoc
905 1005 1026 1074 ῑριο
1083 1017 1326 1072 “mer
1368 1008 1746 1061 no'etndecim
1781 1008 1903 1076 plus
1935 1005 2118 1060 minus
2147 1019 2320 1058 annos
2427 1007 2789 1076 Malcozoglis
2811 1047 2826 1068 ,
2861 1015 2921 1060 et
2962 1007 3050 1060 alii
3081 1005 3302 1074 quidam
3334 1003 3610 1062 adierunt.
3641 999 3872 1053 excitati
3917 1013 4004 1047 rn-

753 1107 962 1157 natum,
1011 1096 1236 1150 haberet
1272 1115 1285 1160 ;
1327 1097 1422 1150 sed
1482 1099 1775 1151 auxiliares
1829 1113 1857 1148 a
1907 1112 2101 1152 socero
2133 1096 2320 1164 copias
2429 1117 2582 1155 more
2613 1117 2710 1172 per
2741 1102 2920 1169 ipsum
2949 1113 3143 1170 sparso
3165 1141 3180 1160 ,
3214 1098 3282 1152 de
3316 1097 3458 1151 bello
3485 1094 3821 1150 Christianis
3861 1090 4000 1142 infc-

755 1187 1092 1253 impetravit,
1145 1187 1348 1254 quibus
1401 1187 1702 1242 Ilechemct
1756 1187 1927 1241 Tatar
1959 1187 2133 1250 Chan,
2166 1197 2320 1256 pater
2427 1195 2622 1252 tendo,
2647 1207 2915 1260 suamque
2933 1191 3124 1244 Selimi
3145 1204 3368 1260 operam
3404 1187 3746 1241 obtulerunt.
3783 1182 3838 1236 ις
3871 1197 4000 1236 vero

752 1278 921 1330 hlium
982 1276 1251 1345 przfccit,
1297 1279 1622 1348 Chanoglim
1656 1281 1725 1334 ab
1763 1281 2045 1335 historicis
2085 1279 2319 1349 appella-
2429 1291 2668 1348 secretas
2729 1290 2789 1334 ut
2837 1280 3006 1333 animi
3066 1281 3150 1332 sui
3208 1278 3576 1346 c0gitationes
3631 1274 3896 1330 nonnihil
3927 1273 4006 1324 eis

753 1381 888 1430 tum,
943 1369 1047 1422 hoc
1099 1379 1181 1424 est
1222 1371 1428 1425 Chanis
1474 1374 1593 1427 sive
1625 1375 1772 1440 regis
1795 1373 1982 1426 Tatari
2012 1373 2209 1427 ﬁlium.
2251 1372 2316 1426 Ili
2429 1377 2688 1444 aperiret,
2722 1382 2878 1442 grata
2904 1374 3005 1427 sibi
3031 1370 3317 1440 respondit
3349 1371 3598 1438 ipsorum
3623 1382 3752 1421 esse
3799 1367 4003 1418 studia.

757 1478 801 1510 τι
827 1476 886 1512 ro
918 1461 1101 1514 τυιπὶ
1139 1465 1399 1531 peculiari
1457 1466 1823 1534 appellatione
1872 1464 2119 1534 Preoopii
2147 1465 2320 1519 nomi-
2429 1468 2714 1536 Siquidem
2744 1467 2811 1519 ad
2839 1464 3128 1533 imperium
3159 1463 3522 1531 pervenisset,
3549 1475 3660 1513 non
3687 1460 3856 1512 modo
3877 1457 4006 1509 ﬁnes

759 1563 982 1615 tutntur,
1009 1571 1035 1606 a
1066 1571 1195 1609 voce
1226 1554 1458 1625 Precop,
1486 1558 1829 1625 significante
1863 1559 2088 1612 fossam.
2110 1558 2320 1626 Quippe
2425 1557 2700 1612 Osuianici
2737 1555 2884 1624 regni
2943 1554 3336 1622 prolataturum
3361 1589 3377 1612 ,
3415 1565 3604 1604 verum
3653 1550 3805 1616 ipsos
3849 1549 4005 1597 etiam

760 1647 942 1698 ductis
992 1646 1043 1697 in
1105 1646 1310 1700 lstbtno
1343 1664 1368 1696 τι
1409 1648 1542 1698 mari
1579 1648 1644 1700 ad
1674 1663 1822 1701 mare
1861 1647 2049 1707 fossis,
2079 1663 2107 1699 a
2146 1650 2319 1702 conti-
2427 1653 2714 1705 universos
2747 1647 3300 1700 maximisbeatnrum
3329 1643 3685 1711 dignitatibus
3715 1652 3770 1692 et
3793 1641 4007 1707 opibus.

761 1737 909 1788 ncnti
945 1733 1235 1789 Tauricam
1261 1736 1665 1790 Chersonesum
1705 1738 1849 1790 velut
1876 1737 2197 1791 abscindere
2221 1750 2315 1790 co-
2432 1742 2548 1795 Hac
2591 1739 2806 1793 vafritie
2861 1736 2966 1792 sibi
3034 1738 3249 1790 animos
3286 1750 3477 1788 eorum
3516 1732 3880 1794 conciliabat,
3920 1732 4007 1797 qui

760 1829 872 1880 nati
899 1837 1048 1880 sunt.
1082 1825 1191 1891 Qui
1226 1844 1370 1880 nunc
1401 1826 1934 1897 Precopiisimperat
1956 1829 2131 1891 Cltan,
2157 1843 2329 1897 nuper
2366 1812 2403 1863 Β
2435 1832 2734 1900 ceteroqui
2790 1844 2943 1882 more
3001 1829 3289 1882 hominum
3321 1827 3544 1879 mallent
3577 1825 3854 1879 orientem
3887 1825 4010 1876 adeo

3895 334 3990 374 ειςι

3897 375 3930 393 μ’
3961 375 3996 397 1

765 1920 831 1972 ad
872 1919 1103 1973 Comitia
1152 1919 1538 1973 Polouicorum
1594 1920 1874 1982 ordinum,
1936 1919 2176 1973 creando
2206 1934 2332 1988 rege

765 2019 885 2078 post
924 2013 1130 2063 obitum
1165 2009 1424 2081 Stephani
1479 2012 1622 2081 regis
1688 2012 1890 2066 indicta
1918 2052 1935 2078 ,
1964 2027 2092 2064 suos
2123 2023 2176 2065 et
2204 2012 2321 2080 ipse

767 2104 973 2169 legitos
1025 2102 1188 2164 misit,
1241 2103 1332 2172 qui
1389 2117 1611 2170 regnum
1646 2117 1747 2157 suo
1797 2105 2016 2156 nomine
2045 2102 2329 2155 ambirent.

771 2193 866 2246 llis
904 2195 955 2246 in
993 2194 1266 2248 mandatis
1325 2194 1545 2248 dederat
1576 2235 1591 2255 ,
1641 2197 1874 2263 primum
1929 2197 2004 2248 uti
2040 2195 2332 2263 potentiam

2437 1940 2559 1978 rare
2588 1925 2784 1989 solem,
2817 1937 2979 1991 quam
3014 1920 3378 1973 occidentem.

2509 2037 2633 2094 {92.
2655 2035 2764 2092 Cur
2797 2034 3063 2103 Bajazites
3087 2029 3605 2095 Constantinopolim
3633 2027 3956 2096 properarit.

2507 2131 2666 2186 Putat
2721 2144 2784 2184 ea
2844 2130 2911 2182 de
2985 2142 3148 2181 causa
3220 2125 3610 2193 Spanduginus
3677 2120 4014 2188 Bajasitem.

2437 2223 2719 2276 intellecto
2790 2218 3009 2274 Selimis
3041 2218 3298 2278 adventu,
3343 2211 3738 2281 Hadrianopoli
3801 2209 4012 2265 relicta.

771 2303 925 2340 suam
969 2287 1185 2379 f’olouis
1227 2288 1579 2379 ostenderent
1607 2329 1622 2351 ,
1665 2289 1757 2356 qui
1813 2287 2084 2379 myriades
2126 2289 2336 2379 aliquot
2436 2311 2964 2379 consmmnopoum
3011 2322 3340 2378 properasse
3373 2349 3386 2371 ,
3427 2322 3494 2359 ne
3557 2305 3699 2358 ﬁlius
3747 2301 4018 2370 percepi“

771 2379 1018 2444 equitum
1069 2378 1182 2430 suis
1231 2387 1285 2431 et
1335 2378 1496 2431 terris
1545 2389 1734 2446 posset
1769 2379 1834 2431 ad
1867 2378 2112 2431 Polonize
2146 2376 2336 2430 defen-

776 2471 987 2521 sionem
1055 2468 1308 2522 educere.
1352 2469 1556 2523 Deinde
1592 2470 1822 2537 proponi
1847 2469 2034 2538 jussit,
2065 2466 2332 2537 frugalem

779 2560 1061 2613 habituros
1096 2575 1301 2626 regem,
1333 2563 1426 2628 qui
1463 2563 1663 2629 spretis
1690 2560 1816 2614 aliis
1849 2561 2185 2628 sumptuosis
2207 2574 2338 2628 epu-

777 2653 868 2717 lis,
906 2652 970 2704 ad
1034 2668 1091 2705 se
1115 2651 1348 2705 dandam
1384 2652 1580 2706 famem
1611 2654 1880 2706 duntaxat
1910 2653 2167 2722 equinam
2196 2651 2338 2720 equi

781 2745 1020 2812 bonique
1081 2744 1260 2797 faciat.
1317 2743 1473 2810 Quod
1518 2745 1754 2812 denique
1791 2745 2107 2814 religionem
2144 2745 2339 2798 attine-

782 2843 902 2898 ret;
936 2833 1186 2888 Pontifex
1217 2835 1439 2902 (inquit)
1464 2842 1615 2898 tuus,
1640 2833 1887 2889 Pontifex
1915 2850 2100 2900 meus;
2136 2833 2339 2888 Luthe-

783 2943 878 2978 rus
911 2936 1062 2987 tuus,
1089 2926 1366 2980 Lntlterus
1400 2942 1552 2980 meus
1583 2934 1724 2981 esto.
1751 2926 1884 2992 Qua:
1915 2927 2113 2996 legatio
2143 2942 2342 2997 magno

783 3033 906 3071 cum
951 3019 1061 3070 risu
1099 3018 1198 3071 fuit
1224 3027 1475 3087 excepta.
1513 3016 1617 3072 Sed
1653 3019 1716 3071 ad
1758 3017 2013 3073 Selimem
2057 3027 2114 3073 ut
2152 3020 2342 3075 redea-

2440 2407 2600 2474 regiis
2636 2403 2933 2467 thesauris,
2979 2417 3120 2470 quos
3154 2402 3330 2466 capite
3383 2398 3487 2452 139
3535 2393 4016 2461 ConstantinOpoli

2440 2498 2704 2554 custodiri
2739 2496 2977 2552 diximus
3012 2495 3066 2548 in
3095 2509 3221 2549 arce
3249 2492 3493 2547 Jedicula
3519 2490 3601 2544 vel
3629 2488 4017 2558 Heptapyrgio.

2441 2591 2626 2645 nervis
2657 2589 2869 2644 scilicet
2899 2586 3029 2641 belli
3067 2587 3538 2656 gerendarumque
3587 2596 3769 2636 rerum
3815 2579 4021 2647 potitus

2443 2695 2610 2750 regno
2641 2693 2847 2750 patrem
2888 2686 3132 2732 exueret.
3166 2677 3242 2730 Ad
3295 2676 3434 2728 lianc
3463 2687 3683 2727 causam
3731 2669 3946 2724 accedit
3973 2677 4022 2721 ct

2445 2775 2561 2837 illa,
2617 2774 2761 2838 quod
2814 2771 3015 2824 amissa
3080 2769 3294 2836 imperii
3352 2767 3497 2830 sede,
3561 2765 3628 2819 de
3682 2764 3804 2819 suis
3858 2762 4023 2816 rebus

2445 2876 2624 2920 actum
2667 2863 2939 2933 Bajazitcs
2971 2877 3096 2917 esse
3129 2861 3369 2916 videbat.

2449 2981 2550 3035 193
2621 2978 2790 3031 Locus
2846 2976 2935 3028 ubi
2989 2976 3172 3044 priein
3206 2987 3525 3044 congressus
3573 2979 3649 3024 eat
3672 2986 3820 3044 farm
3850 2977 4024 3044 _p_atre

2517 3050 2732 3105 Selimes
2762 3086 2776 3107 ,
2818 3037 2998 3107 Zorli,
3039 3046 3273 3098 Saranta
3307 3037 3604 3107 'Eccfisies,
3661 3039 3798 3092 Kirc
3840 3037 4024 3096 Cfim.

789 3127 933 3176 unus,
958 3112 1001 3166 is
1050 3111 1235 3180 Capha
1293 3110 1600 3174 discedens,
1655 3109 1853 3164 Cltilim
1915 3111 2067 3176 adiit,
2109 3112 2178 3166 de
2235 3125 2415 3206 quac
2517 3117 3063 3186 curabufyc,Setimis
3101 3131 3284 3184 equus.

788 3203 992 3256 dictum
1042 3202 1218 3270 capite
1279 3201 1380 3255 159
1410 3219 1422 3266 ;
1481 3201 1609 3256 hinc
1645 3203 1986 3273 Beligradum
2018 3206 2191 3261 venit.
2221 3203 2347 3258 Περ

791 3312 921 3350 vero
975 3311 1082 3350 non
1133 3304 1215 3349 cst
1261 3295 1533 3364 Ungarica
1558 3294 1784 3350 Nandor
1823 3297 1967 3362 alba,
1996 3297 2082 3351 vel
2112 3295 2351 3366 Beligra-

789 3387 945 3451 dum,
981 3401 1100 3454 qua:
1152 3387 1385 3438 necdum
1420 3386 1520 3437 lioc
1557 3395 1801 3454 tempore
1833 3384 2142 3440 Turcorum
2170 3388 2223 3440 in
2257 3401 2349 3454 po-

791 3485 1046 3530 testatem
1082 3485 1342 3540 venerat,
1369 3476 1436 3530 ab
1490 3474 1800 3530 Soleimane
1851 3478 2111 3545 primum,
2131 3475 2350 3530 Selimis

792 3572 922 3634 filio,
967 3584 1158 3623 novem
1221 3569 1481 3624 decemve
1543 3577 1667 3638 post
1724 3568 1882 3621 annis
1927 3577 2222 3636 occupata;
2256 3568 2350 3622 sed

793 3662 884 3714 illa
936 3659 1280 3723 Nesteralba,
1332 3676 1496 3728 quam
1561 3660 1802 3714 Nestoris
1848 3659 1912 3713 ad
1956 3661 2130 3713 amnis
2153 3662 2351 3714 ostium

796 3756 958 3806 sitam
991 3753 1291 3806 Gorcccius
1336 3751 1594 3806 Polonire
1625 3752 1912 3820 Bialogrod
1945 3751 2218 3820 indigitat,
2274 3752 2352 3804 uti

801 3847 1069 3915 prolixius
1121 3846 1430 3914 expositum
1488 3845 1726 3898 indicato
1770 3846 1950 3913 capite
1977 3843 2112 3898 159.
2141 3843 2355 3912 Seguan

799 3941 959 3993 bassa
999 3939 1192 3991 Turcis
1239 3947 1323 3992 est
1387 3936 1677 4006 prmfcctus
1719 3937 2095 4005 iumentorum
2144 3949 2358 4004 sagma-

800 4034 1067 4084 tariorutn
1104 4032 1155 4085 itt
1187 4033 1431 4083 exercitu
1469 4030 1738 4086 maximus
1759 4072 1772 4096 ,
1803 4045 2037 4100 quorum
2067 4031 2359 4100 aliquoties

801 4124 941 4176 facta
969 4124 1080 4192 jam
1118 4125 1342 4180 incutit).

810 4240 929 4292 l‘Jl.
962 4237 1071 4292 Cur
1104 4236 1424 4292 Semendrim
1481 4237 1856 4307 Sangiaratum
1888 4237 2076 4294 Selimi
2113 4237 2227 4306 ﬁlio
2254 4235 2366 4290 Ba-

1352 4307 1548 4374 jazites
1581 4309 1843 4362 obtulerit.

869 4399 1072 4462 Causa,
1106 4415 1203 4454 cur
1231 4408 1383 4468 pater
1416 4399 1748 4452 Semcndria‘.
1778 4397 2152 4465 sangiacatum
2203 4395 2363 4467 473

803 4493 1138 4547 concesserit
1175 4493 1305 4558 filio,
1365 4508 1470 4544 non
1527 4501 1610 4546 est
1656 4491 1710 4545 in
1749 4493 2049 4545 Annalibus
2087 4506 2365 4559 expressa.
2403 4486 2443 4539 D
2475 4501 2695 4557 Graecia;
2766 4497 3091 4568 beglerbego
3174 4494 3402 4550 subditi.

812 4587 1077 4638 Nimirum
1118 4585 1379 4654 impedire
1429 4585 1683 4638 Selimem
1719 4585 1961 4645 volebat,
1992 4600 2054 4638 ne
2083 4583 2370 4653 progrede-

807 4686 953 4730 rctnr
985 4677 1237 4737 ulterius,
1271 4685 1326 4728 ct
1364 4677 1428 4730 ad
1456 4675 1671 4729 Portam
1709 4677 1952 4750 veniens,
1984 4677 2366 4745 genizarorum

805 4768 1018 4822 animos
1056 4767 1384 4822 fluctuantes
1438 4775 1490 4821 et
1541 4767 1751 4821 alienos
1781 4781 1808 4818 a
1838 4776 2008 4834 patre,
2055 4783 2178 4820 mox
2205 4765 2271 4819 ad
2309 4779 2369 4820 se

810 4859 1153 4913 transferret.
1200 4859 1344 4913 Usus
1374 4860 1518 4912 enim
1552 4860 1732 4913 fuerat
1772 4867 1951 4913 astute
1995 4867 2210 4928 captato
2235 4872 2369 4926 prte-

809 4962 963 5005 textu
1023 4950 1168 5004 ﬁlius
1229 4953 1292 5004 ad
1346 4951 1681 5020 palliandnm
1732 4951 1835 5004 hoc
1885 4950 1984 5003 iter
2016 4967 2197 5013 suum,
2225 4949 2368 5018 quod

811 5039 939 5092 hinc
990 5038 1115 5091 inde
1145 5038 1474 5107 publicarat.
1510 5039 1659 5092 adire
1695 5054 1753 5092 se
1787 5047 2016 5108 patrem,
2046 5040 2162 5108 ejus
2202 5040 2370 5092 bono-

809 5128 962 5180 randi
1022 5143 1209 5193 causa,
1255 5129 1400 5197 quod
1445 5127 1610 5182 Turci
1647 5144 1866 5197 quoque
1899 5138 2095 5183 vocant
2132 5127 2371 5182 osculari

813 5238 1086 5284 manum;
1155 5223 1384 5292 indeque
1454 5239 1576 5277 mox
1654 5239 1804 5276 arma
1863 5239 2256 5278 conversurum
2319 5223 2371 5276 in

808 5310 1181 5376 Christianos,
1229 5313 1524 5380 prmsertim
1567 5313 1839 5382 Ungaros.
1899 5311 1953 5364 Id
2006 5327 2133 5364 vero
2166 5311 2372 5380 plausi-

815 5403 920 5452 liitt-
968 5402 1209 5454 futurum
1259 5412 1377 5456 erat
1413 5405 1550 5472 apud
1588 5407 1897 5472 genizaros,
1933 5412 1987 5457 et
2023 5403 2156 5457 alios
2193 5403 2370 5457 Porta:

818 5493 1041 5556 milites,
1076 5494 1168 5561 qui
1204 5509 1324 5547 mox
1365 5494 1574 5559 Solimi,
1606 5511 1700 5549 ceu
1734 5496 2062 5564 propagandi
2105 5497 2252 5562 regni
2281 5513 2372 5548 cn-

818 5585 963 5651 pido,
1021 5598 1078 5636 se
1110 5593 1255 5638 totos
1291 5587 1427 5637 haud
1457 5587 1619 5640 dubie
1651 5586 1826 5639 daturi
1859 5596 2037 5640 crant.
2068 5587 2251 5655 itaque
2277 5587 2375 5641 Se-

823 5675 1124 5726 tnendriam
1161 5676 1209 5729 ei
1249 5684 1401 5743 pater
1425 5678 1604 5741 ofl'ert,
1641 5678 1868 5749 Ungaris
1896 5681 2218 5748 proximam,
2249 5692 2383 5748 qua-

826 5766 870 5818 si
912 5766 955 5818 si
990 5765 1195 5822 dicciet
1232 5787 1243 5829 ;
1278 5768 1391 5824 “Non
1451 5781 1530 5825 est
1562 5810 1577 5837 ,
1619 5771 1763 5842 quod
1805 5771 1872 5825 ad
1908 5783 2119 5842 portant
2154 5785 2370 5840 picare-

2519 3213 2758 3269 Narrant
2815 3212 3055 3266 Annales
3106 3219 3162 3263 et
3211 3209 3328 3270 alii,
3381 3222 3493 3261 non
3539 3205 3727 3275 procul
3780 3219 3812 3256 a
3869 3202 4028 3255 Zorlo

2451 3305 2802 3360 concurrisse
2851 3303 3046 3372 patris,
3105 3302 3200 3370 qui
3256 3300 3492 3369 podagra
3561 3297 3824 3350 laborans
3869 3309 4029 3348 curru

2453 3398 2775 3460 vehebatur,
2823 3403 2878 3448 et
2915 3394 3010 3448 filii
3051 3394 3262 3463 copias.
3314 3391 3460 3444 Zorli
3513 3404 3644 3444 vero
3697 3388 3902 3442 Turcis
3955 3395 4032 3439 est

2453 3489 2713 3558 oppidum
2769 3494 2926 3540 vetus
2965 3484 3259 3538 Tzurolloe
3308 3483 3391 3536 vel
3429 3479 3730 3542 Taurulus,
3796 3477 3870 3531 de
3929 3491 4034 3544 quo

2457 3584 2658 3636 dictum
2716 3594 2837 3649 cap.
2902 3577 2994 3632 26.
3049 3575 3238 3631 Jovius
3292 3576 3389 3640 ait,
3417 3575 3488 3628 ab
3533 3575 3636 3628 hac
3689 3570 4032 3625 memorabili

2458 3689 2636 3744 pugna
2668 3687 2862 3742 pagum
2893 3670 3062 3734 hunc,
3105 3669 3261 3736 prius
3295 3668 3592 3720 obscurum
3619 3671 3675 3718 et
3707 3661 4030 3731 ignobilem.

2459 3768 2536 3836 (1d
2590 3781 2756 3837 supra
2823 3764 2968 3818 dicto
3032 3762 3212 3829 capite
3261 3756 3642 3822 refutavimus)
3678 3768 3881 3808 nomen
3939 3752 4032 3803 ali-

2458 3859 2625 3928 quod,
2679 3865 2734 3912 et
2782 3855 3126 3925 splendorem
3192 3851 3372 3905 fuisse
3414 3854 3798 3904 consecutum.
3863 3842 4036 3910 Span-

2459 3953 2694 4021 dnginus
2750 3949 2923 4011 addit,
2963 3945 3212 4000 entndem
3263 3943 3442 3996 locum
3517 3939 3796 4008 pertinere
3843 3947 4035 3989 versus

2460 4041 2825 4112 Quadraginta
2889 4037 3171 4093 ecclesias.
3250 4035 3304 4088 ld
3360 4034 3522 4087 etiam
3600 4030 3864 4099 Oppidum
3953 4042 4035 4083 εει

2462 4134 2746 4194 'l'ltraciaz,
2795 4144 2943 4185 nunc
2995 4128 3198 4182 Grmcis
3261 4126 3494 4179 Saranta
3547 4122 3799 4178 ecclisics
3853 4122 4037 4190 appel-

2463 4229 2632 4283 latttm
2665 4224 2850 4296 (prisci
2906 4221 3316 4289 τεσσαράκοντα
3370 4215 3662 4284 laticlauio;
3715 4212 4039 4280 dixissent),

2464 4319 2590 4372 Kirc
2618 4317 2794 4372 Clisse
2838 4314 3058 4376 Turcis,
3112 4311 3302 4366 eodem
3352 4307 3702 4378 significato:
3763 4305 3864 4359 ubi
3918 4319 4038 4360 san-

2468 4408 2607 4478 giaci
2657 4404 3016 4461 Kirccliensis
3049 4404 3209 4457 hodie
3262 4402 3421 4456 sedes
3470 4407 3576 4465 est,
3607 4398 3877 4452 Rumeliz
3930 4398 4040 4452 sive

3493 4491 3721 4546 Selitnes
3809 4490 4042 4558 denique

2476 4595 2660 4665 praelia
2708 4593 2904 4654 victus,
2941 4589 3065 4659 equi
3115 4585 3378 4643 beneficio
3407 4583 3589 4639 salvus
3625 4582 3809 4637 evasit
3844 4600 3860 4636 :
3893 4581 4047 4649 cujus

2476 4691 2520 4740 si
2573 4701 2771 4739 nomen
2821 4683 2986 4739 etiam
3033 4681 3174 4736 scire
3220 4679 3407 4742 refert,
3457 4685 3518 4731 ut
3565 4676 3712 4730 illius
3747 4674 4044 4730 Alexandri

2477 4777 2794 4846 Bucepltali,
2828 4774 3128 4828 notandum
3171 4787 3202 4826 e
3256 4767 3585 4838 Busbequio,
3611 4767 3831 4821 dictum
3884 4766 4050 4820 fuisse

2475 4870 2801 4940 Caralmlyc,
2841 4883 2975 4923 voce
3005 4867 3202 4922 nubem
3232 4865 3438 4933 nigram
3463 4860 3842 4931 signiﬁcante.

2472 4963 2594 5018 191.
2641 4962 2858 5016 Selium
2915 4962 3079 5014 victus
3136 4958 3294 5026 Cofen
3342 4957 3574 5024 aufugit,
3626 4952 3815 5021 ﬂidqe
3873 4970 4050 5024 pagus.

3010 5028 3297 5082 Niscltanzi
3328 5029 3503 5080 bassa.

2544 5121 2670 5190 f’agi
2702 5119 2889 5190 Migda:
2920 5133 3118 5172 nomen
3143 5117 3367 5171 annales
3399 5117 3498 5169 soli
3533 5114 3810 5179 referunt,
3850 5117 4054 5168 ςλξίυτίς

2475 5214 2538 5267 ad
2572 5211 2794 5281 Nigrum
2847 5227 2994 5265 mare
3025 5211 3279 5265 Selimem
3314 5207 3619 5277 profugisse
3667 5209 4052 5259 narrantibus.

2475 5303 2665 5373 Midga:
2696 5319 2824 5357 vero
2857 5304 2994 5357 situs
3024 5319 3087 5355 ex
3123 5317 3187 5356 eo
3223 5301 3526 5369 colligitur,
3558 5298 3681 5367 pagi
3712 5308 3937 5350 extero
3959 5298 4056 5362 pun

2471 5396 2662 5462 ignoti,
2701 5406 2753 5448 ct
2782 5410 3050 5463 nusquam
3088 5394 3308 5462 proditi,
3341 5391 3482 5460 quod
3515 5388 3949 5457 Spandugittns,
3998 5401 4058 5440 ast

2475 5487 2728 5540 Selimem
2792 5503 2888 5554 per
2951 5485 3240 5538 Thracium
3318 5483 3574 5550 fugiendo
3617 5477 3882 5532 Varnatn
3953 5496 4060 5529 vrl°

2480 5596 2595 5644 sus,
2652 5578 2918 5633 Euxinum
2987 5581 3227 5647 p'tiissc.
3288 5577 3623 5643 Quapropter
3692 5573 3892 5641 illiﬂge
3965 5589 4054 5624 ηεξ]

2483 5675 2671 5737 procul
2710 5675 2884 5726 aberit
2929 5689 2954 5725 a
3005 5674 3202 5732 Varna,
3259 5672 3322 5724 dc
3373 5685 3475 5736 qua
3534 5667 3791 5734 superius
3839 5672 4056 5723 dictum,

2486 5769 2660 5837 Cupite
2710 5767 2822 5820 115.
2864 5767 3019 5832 Quod
3050 5769 3207 5834 paulo
3243 5775 3356 5834 post
3403 5761 3648 5830 sequitur
3681 5756 4056 5813 (.adtlescleri
