4198 6426
219 347 313 409 885

1335 344 1731 404 PANDECTE
1772 343 1969 403 IIIST.
2005 338 2308 400 TURCIC.

3343 334 3448 396 866

219 476 427 517 nomen,
454 458 785 512 declaratum
818 473 1005 525 supra.
1031 472 1146 525 cap.
1182 456 1267 510 29.
1292 457 1585 511 Nischanzi
1616 460 1775 512 bassa
1808 468 1851 516 Α
1882 455 2130 510 stimulos
2162 452 2502 516 ambitionis,
2534 450 2744 504 alienos
2770 463 2800 503 a
2835 446 3180 517 professione
3212 446 3453 515 philoso-

216 553 406 604 dicitur
477 553 616 618 apud
672 552 882 606 Tureos
938 554 983 605 is
1032 553 1122 619 qtti
1181 553 1396 606 litteras
1458 568 1669 609 omnes.
1730 559 1782 603 et

215 644 567 697 instrumenta
606 654 877 713 quotquot
935 645 1076 713 apud
1114 645 1336 698 l‘ortam
1387 645 1775 713 expediuntur,

224 735 507 801 obsignat:
553 736 796 804 adeoque
847 737 984 804 gerit
1044 738 1308 797 ollicium,
1363 738 1600 803 supremi
1645 750 1779 787 can-

211 823 416 876 cellarii
451 826 650 878 nostris
681 827 732 877 in
763 827 904 880 aulis
932 825 1109 879 officio
1147 826 1346 878 simile.

208 935 325 989 195.
362 938 621 990 Aclnnett's
648 938 924 992 ambientis
954 949 1003 991 et
1027 942 1321 992 ittvadentis
1366 942 1637 1007 imperium
1673 942 1774 991 tlu-

277 1009 419 1059 rities
450 1024 572 1071 erga
622 1010 919 1075 genizaros,
948 1009 1238 1064 crudelitas
1292 1012 1343 1062 in
1387 1012 1603 1078 legatos.
1648 1014 1778 1065 Cor-

274 1090 413 1128 cutes
469 1080 701 1144 [rutrum
739 1082 1070 1146 competitor.

272 1187 624 1246 Ostendimus
668 1194 722 1246 in
756 1181 1178 1248 Osmaiiidarum
1234 1194 1568 1263 genealogia.
1618 1194 1779 1249 Sina-

205 1299 322 1335 nem
369 1284 647 1346 scacbum,
680 1294 734 1339 et
765 1286 1031 1339 Allamam
1066 1287 1343 1349 Icacltum,
1382 1288 1777 1355 primogenitos

202 1374 455 1437 Bajazltis
517 1376 679 1440 tilios,
744 1358 872 1431 ante
944 1388 1146 1445 patrem
1207 1380 1510 1434 exstinctos
1567 1378 1773 1434 fuisse:

197 1482 428 1532 quorum
511 1468 695 1531 unius,
774 1470 1000 1538 majoris
1067 1473 1282 1527 scilicet
1342 1485 1494 1535 natu,
1551 1473 1775 1526 Sinanis

196 1559 403 1611 obitum
446 1563 739 1628 peracerbe
787 1571 943 1631 pater
994 1580 1059 1618 ac
1123 1565 1218 1619 diu
1275 1566 1431 1618 luxit.
1474 1565 1695 1619 Tertius
1747 1580 1777 1619 e

197 1650 323 1701 lilits
354 1660 467 1703 erat
517 1651 835 1715 Achmetes,
886 1656 1121 1709 Amasiae
1153 1655 1488 1725 praefectus;
1537 1657 1632 1726 qui
1685 1670 1775 1708 ae-

192 1750 347 1805 cepta
380 1751 557 1794 metus
613 1741 901 1796 Selimiani
960 1744 1103 1797 fama
1158 1760 1283 1799 cum
1321 1746 1502 1800 20000
1558 1756 1765 1799 amato-

195 1847 314 1881 rum
352 1847 446 1899 pcr
497 1833 681 1886 Asiam
736 1837 1003 1890 minorem
1068 1838 1408 1903 Scutarium,
1460 1857 1490 1894 e
1546 1842 1771 1910 regione

191 1922 707 1993 Constantinopolis
730 1928 921 1988 situm.
948 1933 1259 1996 contendit,
1326 1942 1381 1987 et
1408 1934 1592 1987 audita
1617 1936 1774 2005 geni-

193 2033 454 2071 zarorum
476 2019 770 2087 legatione,
815 2022 909 2091 qui
942 2038 1000 2077 se
1026 2034 1354 2094 accepturos
1389 2025 1563 2094 ipsius
1600 2027 1774 2096 impe-

190 2109 336 2161 rimn
358 2112 705 2173 nuntiabant,
725 2112 769 2165 si
798 2114 1023 2180 majores
1046 2130 1291 2169 annonas
1313 2117 1557 2185 polliceri
1583 2120 1768 2184 vellet,

192 2202 390 2254 durius
421 2204 723 2270 reSpnndit,
750 2206 896 2259 nolle
922 2221 1004 2270 se,
1028 2207 1138 2274 jam
1168 2208 1512 2277 designatum
1543 2227 1572 2263 a
1612 2221 1771 2279 patre

193 2308 600 2359 successorem,
632 2297 698 2349 ab
737 2298 867 2365 ipsis
900 2298 1188 2366 imperium
1246 2304 1420 2369 pretio
1477 2303 1771 2369 redimere,

193 2388 399 2454 quilms
436 2390 515 2441 vel
552 2390 735 2442 invitis
764 2406 829 2443 eo
857 2392 927 2445 sit
953 2392 1253 2459 potiturus.
1283 2392 1378 2448 His
1412 2396 1595 2450 verbis
1653 2399 1771 2452 ani-

195 2497 317 2534 mos
348 2482 741 2538 Genizarorum
775 2488 841 2539 ab
877 2502 934 2541 se
970 2503 1201 2556 prorsus
1262 2491 1545 2556 alienavit,
1573 2502 1631 2547 et
1666 2495 1773 2547 im-

189 2575 436 2641 prudens
467 2578 662 2629 teniqu
688 2578 876 2631 Selimi
934 2581 1210 2649 adjunxit.
1247 2580 1398 2647 Quod
1463 2584 1553 2637 ubi
1616 2596 1771 2654 pater

189 2668 683 2732 animadverteret,
721 2672 914 2724 iisdem
990 2673 1276 2728 Achetneti
1340 2678 1772 2732 reconciliandis

190 2757 376 2812 50000
413 2762 957 2824 sultaninorum,tilii
1015 2767 1253 2830 nomine,
1319 2769 1592 2833 promisit.
1649 2768 1772 2822 llaec

185 2850 410 2903 scilicet
445 2852 532 2903 illa
557 2850 722 2922 474
750 2856 983 2920 pecunia
1019 2855 1148 2920 fuit,
1182 2872 1344 2923 quam
1373 2859 1600 2912 annales
1626 2859 1769 2912 Aeli-

186 2950 401 2994 mctem
428 2944 565 3009 patri
592 2946 809 2998 misisse
846 2946 1114 3002 referunt.
1150 2947 1287 3003 Hinc
1330 2950 1512 3002 Asiam
1543 2951 1591 3003 vi
1613 2952 1775 3003 suba-

185 3042 395 3087 cturus
423 3036 733 3096 Achmetes.
764 3040 960 3091 mortui
1020 3038 1206 3093 fratris
1265 3042 1350 3094 sui
1413 3042 1771 3109 priniogeniti

1888 548 2000 614 phi,
2034 550 2207 601 sensit
2239 547 2421 614 :quod
2450 547 2573 616 jure
2595 544 2699 599 sibi
2756 553 2973 612 putaret
2997 542 3288 610 imperium
3362 542 3455 592 de~

1886 638 2138 706 beri,qui
2200 637 2397 691 fuisset
2422 645 2548 690 ante
2604 643 2819 704 patrem
2877 632 3263 699 inauguratus.
3313 629 3451 693 Quid

1883 743 2062 784 autem
2090 730 2351 793 elTecerit,
2381 731 2448 783 ab
2487 728 2620 796 ipsis
2677 724 2989 795 expositum
3028 722 3230 792 legitur
3268 723 3453 774 Anna-

1885 826 2048 877 libus.

1886 937 2003 993 196.
2027 936 2226 1009 Zecnt_e_
2271 939 2459 1009 minor,
2494 935 2740 1009 Rhegium
2774 932 2879 1009 sive
2921 927 3454 1009 "PﬁYtO-V,ttlﬂjtl‘8“€l

1953 1010 2149 1079 minus,
2178 997 2532 1079 Melantittsct
2559 997 2811 1079 M'clitt'as,
2832 1001 3069 1079 Athyras
3097 1000 3306 1079 παρίω,
3328 997 3456 1063 Gly-

1952 1078 2166 1147 It'ynero,
2190 1089 2365 1131 votum
2392 1074 2732 1134 Soleimanis.
2755 1074 3075 1140 Athyrorum
3100 1074 3451 1135 episcopatus.

1952 1191 2156 1245 Nomen
2190 1191 2385 1247 Zecme
2416 1189 2871 1259 signiﬁcationem
2910 1186 2967 1240 in
3002 1186 3187 1254 lingua
3217 1182 3453 1237 Turcica

1881 1287 2089 1339 nullam
2116 1287 2297 1339 habet.
2363 1285 2767 1353 Quaproptera
2839 1282 3047 1335 Graecis
3113 1279 3179 1333 ad
3239 1276 3453 1329 Turcos

1884 1378 2421 1443 Velutusnscapione
2454 1376 2685 1444 quadam
2750 1373 3069 1443 pervenisse
3123 1370 3388 1434 arbitror,
3419 1382 3448 1420 a

1883 1469 2119 1538 Zeugma
2158 1471 2239 1523 vel
2264 1470 2525 1539 Zeugmin
2554 1471 2859 1523 derivatum
2888 1488 2901 1523 :
2947 1469 2996 1522 id
3026 1475 3132 1531 est,
3168 1480 3196 1518 a
3224 1464 3454 1533 junctu-

1882 1561 1957 1613 ris
1986 1562 2252 1627 pontium,
2291 1560 2488 1627 quibus
2517 1560 2797 1629 elegantes
2826 1560 2967 1612 duo-
2990 1557 3344 1626 Propoiitidis
3373 1556 3453 1609 si-

1883 1667 1985 1705 nus
2016 1650 2128 1705 illic
2158 1661 2497 1713 sternuntur,
2552 1652 2604 1703 in
2632 1666 2862 1718 quorum
2888 1651 3122 1703 alterum
3188 1649 3264 1702 ad
3323 1648 3454 1701 Zec-

1883 1758 2003 1797 men
2030 1745 2298 1795 minorem
2326 1757 2384 1795 se
2411 1740 2608 1795 fluvius
2632 1742 2863 1811 Athyras
2885 1740 3136 1795 effundit.
3176 1740 3276 1792 Est
3302 1739 3448 1792 enim

1876 1834 2072 1888 Zecme
2111 1835 2313 1895 minor,
2348 1834 2430 1886 vel
2485 1832 2983 1900 comepoliclmion,
3015 1831 3099 1884 vel
3124 1830 3442 1898 oppidulum

1878 1928 2032 1991 illud,
2065 1927 2253 1981 multis
2288 1927 2531 1981 cinctum
2585 1926 2855 1980 mcenibus
2882 1942 2897 1989 ;
2925 1925 3013 1979 cui
3060 1939 3208 1978 nunc
3272 1922 3445 1976 Ponto

1877 2021 2090 2091 piccolo
2116 2034 2314 2074 nomen
2337 2028 2419 2073 est
2445 2018 2714 2083 Italicum,
2742 2035 2771 2073 a
2808 2019 3003 2073 minori
3056 2028 3243 2087 ponte.
3282 2017 3447 2071 Facta

1877 2113 1981 2168 fuit
2016 2114 2135 2183 ejus
2172 2115 2381 2170 mentio
2437 2128 2627 2181 supra,
2713 2113 2894 2181 capite
2952 2113 3214 2166 vicesimo
3272 2123 3448 2165 sexto.

1877 2208 2057 2262 Minor
2096 2217 2280 2261 autem
2316 2207 2537 2271 Zecme,
2598 2209 2745 2261 sirut
2800 2216 2853 2261 et
2927 2221 3065 2276 pons
3125 2206 3326 2267 minor,
3381 2206 3447 2256 ad

1876 2302 2171 2357 discrimen
2198 2300 2423 2366 majoris
2451 2300 2679 2363 dicitur,
2727 2299 2939 2369 longius
2963 2300 3031 2353 ab
3066 2302 3201 2352 urbe
3258 2312 3452 2351 versus

1877 2392 2157 2447 Siliuriam
2187 2394 2467 2446 distantis.
2493 2392 2834 2446 Theodosius
2866 2391 3191 2463 Zygomalas
3228 2391 3454 2461 putabat

1876 2486 2117 2555 antiquis
2144 2486 2482 2553 temporibus
2547 2485 2753 2540 dictum
2816 2486 2985 2540 fuisse
3035 2484 3277 2554 Ῥήγιον,
3336 2486 3454 2540 sive

1878 2578 2167 2645 Rhegium,
2202 2579 2378 2645 majus
2408 2588 2462 2630 et
2514 2580 2723 2639 minus,
2754 2588 2807 2633 et
2854 2589 3150 2647 utrumque
3186 2579 3454 2632 Constan-

1876 2668 1975 2721 tini
2014 2667 2190 2737 Magni
2232 2684 2369 2737 opus
2407 2669 2600 2724 fuisse.
2659 2670 2819 2735 Quod
2879 2674 2923 2726 si
2980 2687 3166 2725 verum
3229 2682 3334 2737 est,
3398 2682 3456 2725 ιιι

1876 2763 2125 2829 equidem
2163 2778 2271 2815 non
2308 2763 2517 2827 dubito,
2562 2765 2895 2835 intelligetur
2950 2765 3143 2833 Rhegii
3225 2767 3452 2820 nomine

1877 2851 2034 2906 Parvi
2066 2852 2251 2907 Pontis
2283 2854 2634 2923 oppidulum,
2676 2857 2791 2910 sive
2845 2856 3056 2911 Zecmae
3082 2858 3341 2921 minoris,
3397 2859 3451 2911 in

1880 2946 2108 2999 historia
2132 2946 2320 3000 Grteea
2357 2950 2755 3019 manuscripta,
2787 2951 2947 3005 titulo
2980 2961 3225 3015 carente,
3292 2954 3452 3022 cujus

1877 3040 2055 3094 obiter
2118 3040 2470 3094 meminimus
2518 3043 2695 3111 capite
2743 3044 2977 3108 decimo,
3034 3061 3156 3100 cum
3220 3051 3450 3113 narrat,

186 3125 423 3178 Sinanis
453 3127 589 3180 filius
614 3130 1003 3183 Muchcmett-m
1032 3143 1085 3184 et
1138 3133 1447 3192 Aladineni,
1487 3133 1772 3200 Lai-tendat,
1801 3146 1846 3209 ο
1883 3132 2186 3199 imperante
2218 3133 2530 3187 Iustiniano
2553 3134 2750 3203 primo,
2787 3138 2937 3202 gravi
2976 3146 3137 3192 terra:
3168 3150 3317 3194 motu
3348 3155 3452 3193 non

178 3218 540 3271 Cat‘ainanim
565 3224 783 3287 Oppido,
821 3223 888 3275 tle
915 3238 1022 3290 quo
1060 3225 1236 3291 capite
1276 3224 1373 3277 167
1412 3226 1641 3287 (limum,
1674 3227 1776 3278 (ιι)-

180 3312 349 3364 sedit
375 3320 428 3363 et
456 3314 619 3379 cepit.
660 3313 785 3377 Ejus
820 3316 896 3366 rei
931 3328 1099 3367 causa
1125 3330 1248 3367 eum
1285 3315 1527 3383 graviter
1560 3329 1589 3367 a
1623 3326 1777 3384 patre

176 3420 299 3475 per
325 3405 533 3472 legatos
568 3404 979 3473 objurgaretnr,
1016 3407 1304 3475 legationis
1338 3409 1640 3476 principem
1677 3424 1775 3461 ea-

170 3499 316 3567 pite
350 3499 593 3549 truncari
623 3497 811 3563 jussit,
845 3498 1058 3551 caeteris
1085 3515 1245 3551 nares
1294 3510 1347 3552 et
1384 3515 1547 3554 aures
1582 3502 1773 3569 praeci-

170 3591 300 3641 dit.
338 3586 391 3639 Id
433 3588 644 3641 facinus
676 3589 924 3641 omnium
953 3589 1075 3642 odia
1098 3591 1324 3644 mirifice
1356 3594 1411 3644 in
1446 3593 1769 3645 Aclimetem

174 3679 482 3735 accendit.
517 3679 595 3732 Ac
657 3679 938 3732 videamus
996 3680 1250 3744 obsecro,
1302 3697 1425 3751 qua:
1482 3699 1666 3737 rerum
1727 3685 1777 3736 id

172 3770 470 3837 temporis
526 3768 778 3825 confusio
838 3771 1004 3823 fuerit
1063 3774 1115 3825 in
1172 3772 1471 3827 Osmanico
1525 3775 1776 3843 imperio.

165 3867 444 3931 Quintus
476 3866 669 3917 ordine
717 3867 973 3919 nascendi
1013 3868 1155 3919 liTitts
1216 3868 1495 3933 Bajazitis,
1549 3885 1672 3921 raro
1726 3873 1776 3920 in

161 3958 629 4014 Usmanidarum
666 3956 872 4010 familia
915 3959 1166 4026 exemplo
1198 3959 1415 4013 Seliznis
1442 3977 1501 4012 ex
1548 3974 1780 4027 utroque

156 4062 434 4125 parente
466 4050 654 4115 frater,
687 4052 951 4105 Corcntes
977 4060 1116 4103 erat.
1170 4051 1409 4113 Quartus
1452 4051 1597 4103 enim
1664 4050 1777 4102 Mu-

151 4147 506 4206 cheinetes,
541 4156 666 4196 ante
698 4143 801 4195 hoc
837 4152 1049 4209 tempus
1079 4156 1106 4194 a
1139 4144 1411 4209 suspicari
1473 4155 1623 4210 patre
1653 4158 1776 4195 cunt

151 4234 527 4302 incognitus
572 4246 624 4285 et
661 4243 890 4302 patrem,
923 4244 975 4285 et
1002 4234 1201 4286 fratres
1223 4248 1352 4287 suos
1389 4234 1635 4295 adiisset,
1668 4251 1782 4285 nie-

151 4341 250 4384 ιιι
294 4336 483 4380 motus
524 4327 753 4393 alicujus
786 4326 1003 4389 secreti,
1034 4340 1241 4379 veneno
1267 4327 1513 4378 sublatus
1546 4343 1573 4377 υ
1603 4328 1783 4379 medio

142 4424 410 4478 fuerat.
447 4419 495 4470 Is
532 4415 819 4479 Corcutes,
851 4418 1123 4472 moriente
1148 4434 1249 4470 avo
1282 4418 1628 4472 Muehenicte
1698 4435 1784 4472 se-

1882 3227 2068 3279 urbem
2098 3227 2257 3280 modo
2286 3228 2670 3292 deformatam,
2720 3229 2814 3283 sed
2850 3230 2965 3298 ipsa
2995 3247 3215 3300 quoque
3253 3234 3453 3288 subur-

1881 3316 1968 3370 bia
1994 3332 2116 3371 cum
2168 3317 2376 3387 Rhegio
2431 3321 2695 3375 subversa
2726 3331 2778 3374 et
2838 3322 3039 3377 abolita
3097 3323 3286 3381 fuisse.
3337 3325 3453 3380 Non

1882 3410 2026 3461 enim
2060 3411 2164 3463 alia
2202 3411 2468 3464 suburbia
2521 3412 3037 3482 Constantinopolis
3102 3417 3310 3479 habuit,
3362 3430 3457 3471 aut

1884 3497 2081 3552 habere
2130 3504 2324 3568 potuit,
2367 3516 2529 3569 quam
2576 3518 2695 3566 qua:
2723 3519 2914 3557 versus
2951 3506 3144 3572 duplex
3182 3508 3282 3561 hoc
3314 3506 3458 3562 lihe-

1883 3592 2295 3659 gium,pontem
2339 3594 2603 3648 minorem
2658 3604 2711 3649 et
2747 3597 3006 3666 majorem
3044 3598 3455 3667 pertinuerunt,

1885 3689 1941 3733 ut
1980 3683 2250 3752 hodieque
2283 3694 2549 3738 testantur
2607 3687 2971 3742 aediﬁciorum
3008 3693 3450 3747 sulmrbauornm

1886 3775 2139 3829 maxima:
2169 3777 2253 3829 vel
2302 3778 2492 3838 ruinae,
2528 3778 2608 3829 vel
2642 3780 2858 3834 rudera.
2883 3781 3105 3837 Graecus
3131 3785 3291 3838 etiam
3320 3788 3456 3839 scri-

1884 3876 2007 3935 ptor
2034 3868 2275 3921 historia}
2310 3869 2565 3935 Agathias
2612 3879 2819 3933 noster,
2862 3871 3002 3925 libro
3058 3876 3253 3942 quinto
3300 3893 3453 3931 men-

1884 3960 2087 4012 tionem
2120 3961 2306 4029 lthegii
2339 3960 2467 4014 facit
2495 4001 2507 4020 .
2537 3962 2593 4014 in
2648 3961 3017 4033 descriptione
3073 3976 3229 4022 terrae
3276 3981 3457 4024 motus

1884 4053 2149 4118 ejusdem.
2189 4053 2276 4104 ubi
2316 4052 2580 4121 Rhegium
2630 4057 2783 4108 addit
2836 4058 3073 4110 ἐπίνειον
3123 4063 3269 4116 urbis
3306 4079 3457 4129 esse,

1886 4142 1937 4197 id
1968 4152 2051 4195 est
2083 4144 2340 4211 Oppidum
2380 4146 2780 4207 suburbanum,
2834 4148 2976 4215 quod
3018 4155 3312 4208 stationem
3354 4173 3453 4225 pro

1888 4235 2118 4286 navibus
2153 4234 2332 4288 habet.
2374 4238 2525 4304 Apud
2553 4238 3090 4308 Cusmographorum
3154 4247 3453 4317 principem

1889 4327 2154 4379 Ortclium
2181 4342 2245 4380 ex
2286 4327 2552 4395 Procopio
2574 4328 2853 4398 Suidaquc
2879 4337 3146 4401 reperitur
3173 4338 3457 4395 Melantias

1889 4424 1942 4469 et
1973 4417 2195 4481 Melitia,
2227 4420 2344 4485 pagi
2378 4434 2573 4473 nomen
2610 4423 2663 4473 in
2707 4418 2965 4487 Thracia,
2998 4435 3214 4481 centum
3247 4431 3458 4487 duobus

137 4515 411 4575 (tundo,
448 4514 515 4563 ab
547 4511 738 4565 amicis
778 4511 1039 4579 paternis,
1092 4512 1316 4565 absente
1341 4521 1513 4579 patre,
1548 4512 1786 4563 colloea—
1814 4505 1865 4561 D
1893 4508 2088 4560 stadiis
2142 4523 2168 4560 a
2197 4507 2470 4578 Byzantio
2527 4513 2728 4573 dissiti,
2784 4533 2944 4583 quem
2991 4520 3223 4589 Athyras
3282 4528 3457 4582 amnis

137 4623 292 4663 lus
330 4607 387 4658 in
423 4606 628 4672 regium
683 4605 861 4657 fuerat
884 4604 1083 4655 Solium
1123 4620 1134 4653 :
1168 4620 1235 4656 ne
1300 4604 1467 4656 frater
1526 4604 1786 4671 Bajazitis

133 4703 428 4759 chies,
467 4697 615 4763 prior
644 4696 1029 4764 inauguratus,
1054 4694 1283 4762 Bajaziti
1343 4709 1568 4762 regnum
1599 4696 1787 4763 praeri-

130 4802 384 4867 peret.
418 4789 742 4842 Advenienti
797 4789 995 4841 deinde
1038 4788 1585 4853 Constantin0p0lim
1638 4788 1782 4855 patri

118 4908 177 4944 ε
200 4902 233 4940 ι
283 4884 550 4937 abdicato
580 4881 710 4945 lilio,
746 4882 1033 4949 imperium
1068 4881 1122 4933 in
1150 4895 1210 4934 se
1238 4879 1621 4943 transferenti,
1660 4896 1782 4934 ces-

116 4990 354 5040 5crat
410 4986 599 5027 tenero
658 4975 892 5043 quodam
977 4989 1163 5027 amore
1240 4974 1548 5041 pietateque
1606 4984 1787 5026 motus

108 5088 141 5134 (
164 5084 477 5131 Lorcutes
498 5081 527 5123 ἰ
563 5083 686 5121 cum
719 5070 822 5120 hoc
855 5068 1077 5119 nomine
1098 5066 1339 5119 vicissim
1366 5072 1518 5132 pater
1546 5066 1624 5117 illi
1659 5080 1788 5133 pro-

104 5192 211 5230 na
235 5172 253 5219 Ξ
278 5170 481 5226 sisset,
506 5176 565 5215 se
600 5161 864 5213 rationein
914 5160 1106 5227 ipsius,
1144 5157 1196 5210 in
1225 5157 1617 5210 constituendo
1666 5170 1788 5209 suc—

99 5271 458 5321 cessare,
492 5268 650 5318 supra
713 5253 853 5306 tilios
916 5264 1144 5305 caeteros
1201 5250 1542 5304 habiturum.
1599 5248 1787 5301 Eidem

90 5363 249 5414 ua
272 5360 601 5402 Stalttunllnl
629 5353 749 5409 post
782 5342 1073 5405 obtinenti,
1105 5342 1170 5393 de
1216 5354 1321 5407 qua
1372 5338 1575 5391 dictum
1610 5338 1791 5405 capite

86 5450 235 5507 ut}
258 5485 286 5504 ,
331 5456 363 5492 a
394 5446 566 5489 morte
600 5434 784 5487 fratris
808 5433 1166 5487 Muchemetis
1192 5432 1532 5499 provinciam
1574 5431 1793 5498 Magne-

80 5548 344 5605 b1.1m
406 5530 755 5593 attribuerat,
835 5543 943 5579 non
1005 5526 1201 5593 exigua
1269 5525 1448 5593 Lycia:
1502 5522 1789 5591 Cariaeque

84 5651 229 5711 Pa
262 5637 369 5678 rte
437 5622 747 5673 adauctam.
815 5618 911 5671 llic
960 5634 1088 5684 ergo
1140 5617 1431 5677 Curcutcs,
1488 5619 1789 5681 caetero-lui

84 5709 179 5780 ξι
210 5717 415 5777 udiis
464 5712 975 5764 Mahumctanorum
1038 5710 1457 5777 pliilOSOphieis,
1516 5720 1567 5761 et
1618 5709 1788 5774 quieti

60 5780 781 5884 ιῖιεμιὶιυςμράιιίοιιεε
808 5803 1082 5858 fraternas
1131 5801 1505 5869 conspicatus,
1573 5810 1623 5853 et
1674 5800 1790 5867 ipse

1890 4596 2083 4658 alluat,
2118 4613 2344 4665 prorsus
2382 4601 2485 4651 hoc
2514 4600 2579 4653 de
2636 4600 2829 4655 Zecme
2886 4606 2968 4658 vel
3023 4606 3195 4663 Ponte
3256 4612 3454 4666 minori

1888 4688 2290 4754 accipiendum,
2325 4705 2353 4741 a
2384 4690 2859 4761 Constantinopoli
2903 4696 3217 4765 quindecim
3259 4702 3458 4757 millia-

1899 4781 2056 4834 ribus
2089 4780 2294 4836 Graecis
2322 4783 2643 4849 disjuncto;
2714 4801 2835 4855 quae
2890 4804 2918 4840 a
2984 4800 3201 4845 centum
3245 4795 3459 4848 duobus

1892 4875 2085 4927 Stadiis
2108 4875 2265 4938 nihil,
2300 4886 2391 4927 aut
2423 4892 2612 4943 parum
2682 4878 2902 4934 absunt.
2938 4884 3156 4953 Athyrze
3183 4886 3329 4939 ﬂuvii
3360 4903 3459 4943 no-

1893 4982 2011 5018 men
2048 4965 2207 5018 hicin
2262 4969 2409 5034 Aqua
2446 4968 2596 5020 dulce
2652 4986 2795 5023 nunc
2829 4971 2975 5026 lialis
3040 4988 3120 5028 est
3171 4986 3462 5043 mutatum,

1892 5056 2095 5110 Grateis
2134 5059 2186 5110 in
2224 5058 2537 5127 (.‘kaynero.
2572 5062 2770 5117 Pontes
2800 5068 3012 5129 ambos,
3051 5077 3153 5119 tam
3177 5068 3463 5137 majorem,

1894 5165 2056 5217 quam
2091 5151 2380 5212 minorem,
2420 5153 2751 5207 inilliaribus
2787 5156 2975 5209 decem
3027 5158 3093 5210 ab
3124 5175 3182 5213 se
3230 5160 3460 5214 invicem

1893 5242 2139 5302 dissitos.
2184 5242 2438 5295 sultanus
2474 5244 2835 5309 Soleimanes,
2878 5262 3009 5301 avus
3052 5249 3211 5313 hujus
3230 5251 3464 5305 Muralis

1895 5333 2063 5393 tertii,
2089 5333 2328 5385 maximo
2359 5342 2578 5399 sumptu
2634 5336 2825 5387 refecit
2863 5355 2872 5388 :
2914 5340 3069 5403 cujus
3102 5341 3320 5407 quidem
3356 5359 3440 5396 me

1896 5424 2160 5477 morabile
2186 5436 2371 5478 votum
2404 5428 2525 5490 fuit,
2558 5442 2665 5493 quo
2702 5429 2802 5480 tria
2838 5430 2939 5482 sibi
2969 5433 3198 5485 conceli
3263 5433 3437 5486 divini

1897 5527 1982 5567 tus
2011 5518 2256 5582 optabat,
2290 5529 2345 5568 ut
2385 5529 2508 5570 ante
2557 5528 2784 5572 mortem
2854 5524 3159 5589 perliceret.
3194 5524 3462 5589 Primum,

1896 5610 2345 5662 instaurationem
2378 5614 2734 5679 aqumtlm'tus
2768 5616 3011 5680 maximi,
3067 5633 3226 5684 quem
3268 5618 3335 5667 ab
3370 5636 3467 5669 au-

1896 5716 2045 5755 Ctore
2080 5701 2384 5767 Valentem,
2428 5718 2523 5757 aut
2569 5705 2969 5768 Valentianum,
3008 5706 3469 5761 nonValentinia-

1899 5813 2049 5864 nuru,
2086 5806 2145 5851 ut
2177 5800 2337 5869 vulgo
2374 5801 2653 5869 corruptis
2690 5803 2741 5853 in
2780 5800 2935 5855 libris
2962 5802 3180 5871 legitur,
3221 5803 3469 5857 liistoriCt
