4198 6426
781 398 888 461 867

1984 396 2315 457 JUANNIS
2359 397 2830 461 LEUNCI.AVI|
3934 400 4019 461 868

779 512 1037 564 dixerunt
1069 523 1084 562 :
1127 506 1326 564 deinde
1352 508 1548 563 horum
1571 510 1818 578 p0ntittttt
1847 509 1900 562 in
1931 520 2168 578 utroque
2224 512 2349 564 sinu
2381 517 2426 572 Α
2455 528 2596 581 quos
2636 514 2844 567 iusilire
2881 512 3011 566 feles
3049 512 3249 571 solent.
3295 513 3511 583 quoties
3563 511 3826 565 alimenta
3887 515 4022 566 statis

781 603 978 664 maris,
1017 616 1150 656 sane
1177 616 1339 670 quam
1373 602 1503 669 lato,
1539 601 1890 656 refectionem
1929 618 1942 655 :
1973 604 2124 656 urbis
2187 603 2352 658 deni-

776 709 884 763 quo
913 693 1239 748 Viennensis
1289 694 1596 748 Austriacae
1654 694 2102 761 occupationem,
2185 708 2348 763 quam

783 787 1034 840 maximis
1061 785 1274 840 duabus
1314 787 1848 855 expeditionibusab
1894 801 1954 840 se
1996 787 2196 842 frustra
2232 797 2339 840 teu-

783 891 970 944 tatam,
995 893 1207 933 summa
1237 893 1360 932 cum
1389 879 1764 946 indignatione
1801 880 2076 933 recordari
2117 882 2347 937 solebat.

783 973 988 1027 l‘rioris
1017 974 1306 1042 utriusque
1349 972 1458 1026 voti
1525 971 1704 1026 factus
1750 980 1835 1026 est
1894 987 2143 1041 compos,
2201 974 2351 1041 regio

777 1082 1002 1134 prorsus
1041 1081 1207 1135 opere
1242 1081 1336 1135 per
1371 1064 1568 1134 viginti
1599 1065 1720 1132 plus
1758 1063 1936 1116 minus
1964 1063 2219 1118 milliaria
2251 1067 2349 1120 de-

766 1161 953 1215 ductis
993 1161 1046 1215 in
1091 1160 1279 1214 urbem
1309 1173 1373 1212 ex
1400 1159 1522 1227 ipso
1592 1157 1838 1211 Danubio
1872 1158 2114 1225 copiosis
2169 1159 2349 1228 aquis,

767 1266 826 1304 et
876 1253 1142 1306 ambobus
1205 1254 1503 1306 exstructis
1561 1249 1822 1319 pontibus
1862 1267 1877 1304 :
1912 1250 2074 1304 tertio
2122 1248 2346 1306 Nomen

767 1345 1107 1400 Christianis
1143 1345 1458 1414 prepitiutn,
1493 1358 1561 1396 ne
1611 1343 1866 1412 tyrannis
1892 1343 1946 1396 itt
1993 1343 2185 1397 intima
2209 1344 2346 1398 Ger-

771 1436 968 1489 mania;
1020 1437 1229 1490 viscera
1270 1444 1600 1501 penetraret,
1645 1433 1826 1488 favere
1857 1435 2051 1490 noluit.
2108 1436 2346 1506 Athyro-

772 1543 889 1579 rum
917 1542 1134 1596 quoque
1171 1526 1419 1578 meminit
1469 1525 1714 1595 episcopi
1749 1525 1861 1581 Leo
1895 1526 2127 1594 Sapiens
2179 1527 2342 1599 475

769 1621 1067 1685 imperator
1102 1619 1153 1672 itt
1191 1618 1416 1673 Novella
1480 1618 1546 1673 de
1583 1619 1820 1682 thronis,
1861 1633 2094 1687 eumque
2125 1621 2348 1689 subjicit

771 1707 1108 1763 lleracliensi
1143 1709 1567 1778 tnetr0politano
1587 1710 1640 1762 in
1669 1709 1925 1764 Thracia.
1951 1707 2084 1774 Quae
2115 1712 2340 1779 quidem

767 1801 969 1869 Athyra
1006 1800 1222 1853 diversa
1259 1814 1366 1853 non
1405 1806 1535 1854 sunt
1590 1798 1657 1852 ab
1684 1799 1833 1852 hisce
1864 1798 2078 1854 duobus
2105 1800 2341 1869 oppidis,

768 1906 888 1958 qua:
919 1891 1182 1944 diximus.
1215 1891 1278 1945 Et
1326 1890 1650 1962 Zygomalas
1708 1890 1892 1960 ἄθυρα.
1952 1893 2121 1953 dicta,

769 1983 972 2050 ῆπυλα,
1003 1982 1220 2036 volebat
1250 1998 1314 2034 ex
1352 1997 1418 2036 eo
1443 1984 1591 2052 quod
1646 1984 1722 2037 uti
1756 1994 1908 2050 tunc,
1939 1985 2011 2038 ita
2042 1985 2343 2054 superiori-

768 2077 870 2127 bus
899 2073 1059 2126 etiant
1114 2073 1356 2136 sarculis,
1412 2074 1610 2143 oppida
1673 2073 1882 2130 fuerint
1943 2076 2113 2130 nullis
2172 2079 2348 2146 portis

768 2167 980 2232 clausa,
1011 2182 1112 2220 nec
1145 2168 1420 2222 mtenihus
1451 2169 1648 2222 cincta.
1693 2170 1866 2240 Vulgo
1921 2171 2158 2240 denique
2183 2171 2338 2228 Grato

767 2274 957 2312 corutn
993 2259 1146 2322 illud,
1183 2261 1377 2321 πόντος
1414 2261 1613 2328 μέγας,
1673 2261 1799 2325 hoc,
1866 2262 2063 2324 πόντος
2124 2265 2344 2334 μικρὸς,

768 2354 1089 2420 appellatur,
1129 2366 1186 2407 ut
1220 2357 1381 2423 paulo
1431 2353 1786 2424 peritioribus
1820 2358 2042 2428 γέφυρα
2102 2359 2340 2432 μεγάλη,

765 2457 820 2499 et
847 2445 1065 2515 γέφυρα
1095 2448 1287 2517 μικρά.

767 2579 892 2632 19Ἱ.
924 2580 1144 2633 Pratum
1174 2581 1550 2655 Gcttiba.reum_,
1578 2585 1950 2651 genizarorum
1992 2587 2344 2655 domicilium,

835 2655 1103 2727 excubuit;
1130 2651 1480 2727 excubitnra.
1518 2651 1656 2706 Loca
1702 2667 1843 2727 ferta
1893 2659 2171 2723 pascendis
2219 2651 2344 2727 reti;

839 2719 954 2782 bus,
974 2737 1036 2772 ea:
1059 2720 1351 2793 iTurcorum
1374 2724 1624 2793 instituto
1651 2763 1665 2788 ,
1690 2719 1953 2779 Cusluc'et
1977 2719 2346 2793 lkimli,slata:

838 2792 1114 2856 pascendis
1143 2792 1325 2844 iisdem
1361 2792 1523 2845 Itot'w.

846 2904 1145 2958 Divertisse
1180 2906 1416 2958 traditur
1451 2905 1702 2970 Selimes,
1749 2906 1892 2961 haud
1940 2908 2103 2965 dubie
2149 2925 2345 2982 magno

768 3010 891 3048 cum
923 2997 1208 3060 comitatu,
1243 2998 1294 3048 in
1334 2997 1510 3050 locum
1549 2996 1720 3062 urbis,
1747 2999 1814 3052 ab
1847 3000 2151 3055 Annalibus
2175 3003 2345 3058 Geni-

771 3091 908 3143 base
939 3089 1019 3142 vel
1052 3088 1361 3145 Genibacze
1400 3091 1760 3157 nominatum,
1807 3092 1858 3146 id
1888 3101 1973 3147 est
2007 3094 2060 3146 in
2124 3095 2341 3151 hortum

771 3196 1004 3243 novum;
1034 3181 1192 3249 cujus
1217 3182 1269 3234 in
1292 3194 1469 3250 prato,
1505 3183 1802 3236 multorum
1841 3184 2200 3240 tentoriorum
2245 3203 2341 3240 ca-

771 3274 913 3338 paci,
955 3272 1188 3326 'l‘urcico
1248 3288 1399 3326 more
1439 3274 1770 3328 commorari
1824 3276 1928 3330 sub
1959 3276 2050 3330 dio
2105 3287 2338 3345 poterat.

771 3360 917 3413 Idem
958 3379 1151 3415 nomen
1209 3373 1262 3417 et
1325 3362 1710 3433 Spandngiuus
1759 3367 2038 3421 memoria
2083 3369 2342 3438 prodidit.

770 3452 1025 3506 Selimcm
1078 3453 1319 3507 referens
1381 3455 1674 3524 hospitium
1731 3460 1943 3524 cepisse
1991 3459 2221 3523 inloco,
2256 3461 2343 3514 cui

770 3559 968 3596 nomen
1013 3545 1082 3596 sit
1118 3541 1430 3609 Janihacza,
1484 3561 1590 3598 non
1649 3550 1834 3616 procul
1895 3563 1922 3600 a
1964 3551 2342 3617 genizarorutn

769 3634 1071 3688 domicilio.
1110 3633 1326 3688 Dictum
1383 3637 1542 3705 paulo
1578 3645 1725 3701 ante,
1791 3638 2089 3696 (lorcutem
2126 3658 2345 3711 quoque

765 3725 1298 3796 Constantinopolim
1335 3730 1666 3797 ingressum,
1701 3732 1844 3784 haud
1887 3735 2075 3802 procul
2110 3749 2140 3787 a
2167 3735 2345 3788 donti-

765 3818 896 3869 t-dio
955 3821 1338 3886 genizarorum
1395 3823 1665 3890 delegisse
1696 3825 1799 3877 sibi
1843 3825 2021 3877 locutu
2062 3827 2283 3895 lt0$pitii
2324 3844 2340 3882 :

764 3910 911 3978 quod
955 3927 1087 3965 sane
1123 3928 1232 3982 quo
1270 3912 1474 3966 factum
1507 3916 1737 3969 consilio
1775 3916 1962 3982 fuerit,
2019 3933 2180 3972 nemo
2234 3937 2340 3974 non

767 4004 1174 4058 animadvertit.
1216 4003 1328 4059 lloc
1367 4007 1747 4075 genizurorunt
1798 4009 2138 4065 domicilium
2197 4028 2341 4067 mes-

767 4095 885 4146 sita:
918 4095 1228 4163 proximum
1258 4105 1364 4161 est,
1388 4111 1549 4165 quam
1586 4099 1863 4152 memoria:
1893 4101 2204 4157 cltarissitni
2236 4104 2341 4159 sibi

768 4185 860 4237 lilii
894 4184 1251 4241 Muchemetis
1281 4184 1620 4242 Soleimaues
1651 4193 1931 4248 secundus
1954 4197 2249 4250 exstruxit.
2293 4195 2343 4251 ls

767 4289 930 4333 natus
963 4296 1027 4333 ex
1073 4279 1245 4334 Rossa
1285 4282 1541 4352 conjuge,
1574 4299 1671 4337 ceu
1717 4287 1922 4340 dictum
1964 4287 2017 4340 in
2048 4290 2340 4343 Annalium

767 4371 1183 4442 Supplementa,
1215 4372 1436 4427 Sclimis
1491 4374 1530 4426 ll
1563 4375 1734 4430 frater
1791 4387 1916 4429 natu
1967 4378 2163 4446 major,
2199 4381 2340 4434 haud

766 4463 929 4515 dubie
954 4464 1094 4532 patri
1123 4479 1481 4519 successurus
1504 4477 1644 4530 erat,
1667 4468 1711 4521 si
1740 4484 1889 4538 Sllpet
1907 4481 2020 4523 stes
2046 4471 2094 4522 ei
2128 4472 2340 4526 fuisset.

766 4555 877 4607 Nec
908 4555 1036 4608 item
1081 4556 1272 4624 procul
1308 4560 1463 4610 abeSt
1496 4573 1524 4610 a
1571 4560 1790 4612 tnessita
1823 4561 2126 4614 Turcorum
2169 4568 2339 4632 prima
2372 4569 2421 4628 D

760 4647 1259 4716 Constantinopoli,
1294 4664 1459 4716 quant
1512 4652 1562 4702 in
1619 4652 1800 4705 locum
1839 4653 1970 4708 aedis
2019 4665 2336 4711 sanctorum

764 4737 1133 4803 apostolorum
1177 4738 1546 4794 Muchemetes
1583 4742 1644 4805 ll,
1691 4744 1824 4797 urbe
1849 4757 2031 4812 captu,
2071 4748 2337 4802 condidit.

770 4829 947 4894 Ipsum
1017 4830 1118 4881 hoc
1181 4831 1470 4884 aedilicium
1537 4850 1634 4901 pro
1701 4836 1972 4900 genizaris
2003 4848 2338 4892 exstructum

764 4919 1009 4970 arbitror
1033 4919 1097 4970 ad
1122 4920 1482 4974 imitationem
1515 4923 1711 4976 vetetis
1740 4934 1847 4975 tam
1881 4925 1932 4977 itt
1969 4928 2101 4980 urbe
2135 4927 2336 4994 prisca,

766 5023 928 5073 quam
971 5022 1132 5071 nova,
1158 5010 1608 5074 pnetorianarttnt
1649 5013 1955 5065 cohortium
1987 5017 2337 5080 excubitorii,

766 5098 910 5166 quod
942 5099 1188 5153 historici
1222 5098 1395 5153 Gratci
1433 5102 1767 5156 recentiores
1802 5105 2112 5157 excubitum
2149 5115 2199 5158 et
2243 5121 2338 5158 ex-

766 5191 947 5244 cubita
1014 5191 1290 5244 dixerunt.
1346 5192 1520 5245 Erant
1549 5194 1693 5246 enim
1729 5204 1785 5247 ut
1810 5196 1860 5246 in
1888 5197 2018 5251 urbe
2047 5199 2238 5257 veteri.
2266 5197 2342 5250 sic

764 5281 928 5332 etiam
962 5279 1015 5331 in
1051 5292 1187 5333 nova
1222 5281 1696 5344 Constantiniana.
1721 5284 2029 5338 cohortium
2063 5287 2340 5354 praetoria-

768 5387 984 5435 narum,
1051 5373 1252 5440 quibus
1318 5372 1560 5441 genizari
1631 5387 2042 5442 successerunt,
2105 5380 2341 5446 itemque

765 5465 1072 5517 cohortium
1102 5465 1456 5531 urbanarum,
1494 5477 1547 5520 et
1571 5468 1792 5536 vigilum
1816 5470 2197 5524 excubitoria.
2230 5468 2342 5524 Nec

765 5560 943 5609 locum
977 5557 1227 5626 equidem
1271 5559 1599 5613 excubitorii
1653 5563 2109 5629 praetorianorum
2141 5572 2341 5617 veteris

768 5657 1032 5700 mutatum
1070 5649 1329 5713 arbitror,
1355 5650 1426 5703 ob
1482 5653 1928 5706 commoditatem
1962 5656 2144 5720 situs;
2181 5671 2338 5723 quem

765 5751 990 5804 norunt,
1027 5743 1121 5810 qui
1162 5741 1694 5814 Constantinopolim
1749 5745 2025 5800 viderunt.
2062 5746 2199 5800 Smtt
2237 5750 2342 5801 ibi-

763 5830 885 5883 dem
923 5831 1063 5886 horti
1101 5833 1256 5902 longe
1284 5835 1632 5904 amplissimi,
1688 5838 2016 5894 circumdati
2056 5841 2250 5906 muris,
2286 5842 2338 5896 itt

2197 1894 2345 1950 Velut
2375 1875 2422 1935 Β

2454 606 2608 660 horis
2640 621 2669 660 a
2710 607 3170 675 praetereuntibus
3207 605 3403 660 Turcis
3444 614 3793 672 exspectant.
3827 605 4023 673 Quippe

2455 702 2558 758 sibi
2599 701 2940 772 persuadent
2975 703 3225 756 homines
3279 698 3654 770 superstitiosi
3690 712 3754 750 ac
3794 695 4020 759 barbari,

2455 811 2514 850 se
2547 796 2735 849 nescio
2785 796 2916 865 qttid
2977 795 3117 865 apud
3176 793 3343 848 Deum
3376 790 3680 862 promereri
3727 789 3939 858 gratia,
3987 789 4022 841 si

2454 887 2645 942 brutas
2701 889 2866 942 etiam
2920 886 2974 942 in
3008 888 3342 950 animantes,
3379 885 3535 953 feles,
3593 897 3784 945 canes,
3838 881 4020 950 pisces,

2454 981 2722 1044 aviculas,
2754 980 3156 1050 eleemosynam
3198 979 3507 1035 conferant.
3545 977 3736 1046 Itaque
3778 975 4020 1026 volucres

2453 1073 2533 1127 eis
2565 1087 2765 1128 necare
2817 1081 3008 1141 captas
3061 1074 3126 1125 ad
3181 1072 3385 1125 victum
3427 1069 3618 1133 religio
3671 1076 3778 1133 est,
3833 1080 4021 1132 easque

2455 1163 2632 1232 pretio
2702 1162 2886 1231 potius
2963 1175 3064 1215 suo
3119 1161 3430 1228 redemptas
3499 1158 3738 1212 libertati
3801 1154 4020 1207 llatttrali

2454 1256 2756 1309 restituunt
2813 1270 2828 1308 :
2885 1252 3138 1322 piscibus
3200 1249 3514 1306 devoranda
3579 1248 3817 1302 frustulu
3885 1248 4021 1312 panis

2451 1347 2765 1414 objiciunt:
2799 1359 2969 1400 canes
3015 1352 3070 1399 et
3121 1342 3258 1398 feles
3307 1343 3364 1397 in
3414 1341 3609 1411 plateis
3663 1337 3921 1407 publicis,
3968 1337 4021 1387 ad

2451 1448 2597 1491 certa
2622 1437 2740 1491 loca
2761 1437 3031 1506 quotidie,
3060 1436 3220 1492 statis
3237 1437 3386 1489 horis
3414 1433 3679 1504 gregatim
3706 1430 4022 1486 convenien-

2451 1539 2555 1595 tes,
2580 1545 2743 1599 pane,
2774 1530 3052 1589 carnibus.
3073 1530 3211 1584 cibis
3234 1529 3448 1585 ceteris
3479 1539 3730 1597 pascunt.
3756 1526 3824 1579 Et
3845 1525 4023 1577 obsa-r-

2449 1621 2564 1675 vari
2598 1636 2627 1674 a
2660 1618 2859 1674 felibus
2889 1623 2944 1674 in
2971 1621 3052 1672 his
3082 1620 3216 1687 ipsis
3251 1621 3424 1674 muris
3453 1619 3736 1670 hortorum
3763 1656 3776 1680 ,
3822 1617 3889 1669 de
3921 1617 4024 1683 qui-

2449 1714 2551 1769 bus
2585 1714 2886 1785 loquimur,
2919 1715 3083 1768 horas
3114 1721 3286 1768 statas
3315 1721 3425 1767 tam
3459 1710 3704 1775 Cusluci,
3754 1709 3900 1779 quod
3928 1722 4023 1759 nte-

2449 1810 2600 1865 dium
2628 1815 2713 1864 est
2740 1808 2886 1862 inter
2911 1816 3166 1861 exortum
3224 1806 3357 1860 solis
3379 1812 3434 1858 et
3456 1803 3739 1857 meridiem
3768 1798 4022 1870 temporis

2453 1903 2829 1964 intervallum,
2896 1916 3062 1971 quam
3128 1897 3328 1958 lkindi,
3389 1896 3537 1967 quod
3599 1894 3887 1949 meridiem
3964 1893 4022 1943 ab

2451 2011 2654 2052 occasu
2688 1995 2828 2052 solis
2854 2009 3012 2064 atquo
3039 1993 3218 2063 spatio
3252 1989 3464 2056 dividit,
3497 1987 3748 2058 equidem
3774 1985 4022 2053 freqm-n-

2451 2099 2535 2144 ter
2570 2089 2695 2147 illac
2726 2089 2797 2146 ad
2826 2091 3246 2160 patriarchium,
3290 2086 3548 2142 visitandi
3574 2081 3889 2154 Zygomalae
3936 2095 4021 2133 no-

2451 2185 2550 2241 εει-ἰ
2587 2201 2752 2241 causa
2812 2186 3107 2249 transiens,
3143 2183 3508 2239 animadverti
3545 2199 3559 2236 :
3592 2193 3890 2248 coramque
3927 2176 4021 2229 ridi

2452 2279 2809 2334 mulierculas
2840 2278 3149 2333 bumilioris
3191 2286 3437 2342 staturae,
3489 2289 3686 2329 carnes
3736 2287 3916 2334 assas,
3965 2284 4022 2321 ex

2452 2369 2752 2438 opsopoliis
2783 2370 3053 2439 proximis
3109 2378 3347 2438 emptas,
3399 2377 3453 2420 et
3508 2364 3736 2436 perticis
3780 2360 4024 2426 oblongis

2453 2464 2662 2527 affixas,
2687 2463 2885 2518 felibus
2918 2463 3087 2518 hosce
3112 2477 3297 2516 muros
3327 2461 3692 2516 insidentibus
3725 2458 4022 2525 porrigere.

2452 2573 2577 2611 cunt
2609 2557 2794 2613 nescio
2850 2557 2982 2626 qttid
3020 2557 3370 2625 precularum
3421 2554 3931 2607 admurmurarent.
3972 2545 4024 2599 In

2454 2649 2554 2703 hos
2586 2651 2752 2719 igitur
2784 2651 2997 2713 hortos,
3031 2649 3375 2703 excubitorio
3410 2647 3809 2702 Genizarorum
3845 2641 4023 2713 proxi-

2453 2758 2598 2808 mos,
2633 2743 2889 2798 sultattus
2919 2742 3154 2797 Selimes
3179 2741 3420 2795 divertit.

2453 2835 2555 2890 198
2620 2835 2692 2887 De
2726 2835 3008 2900 Mustaplta
3041 2835 3217 2894 bassa.
3254 2833 3514 2902 Bajazilis
3563 2833 3888 2885 vezirazeme
3919 2827 4022 2880 Dst-

2667 2908 2852 2975 cugiuo
2891 2909 2963 2975 gli
2993 2905 3248 2974 Bostangi
3283 2907 3464 2966 bassa,
3496 2904 3652 2968 Δέρας
3681 2919 3806 2970 oga.

2519 2997 2652 3050 Erat
2684 2999 2772 3051 hic
2799 2998 3117 3066 Mustaphas
3149 3007 3314 3050 natus
3346 2997 3397 3049 in
3458 2996 3593 3048 urbe
3622 2992 3871 3053 Serensi,
3903 3004 4024 3059 pro-

2449 3099 2567 3158 pter
2594 3088 2966 3157 Amphipolim
2999 3090 3128 3152 sita,
3165 3089 3233 3141 de
3265 3088 3463 3156 quibus
3499 3085 3763 3138 ambabus
3819 3084 4024 3137 dictum

2450 3182 2630 3250 capite
2653 3182 2724 3235 43
2753 3190 2806 3235 et
2850 3182 2938 3235 55.
2976 3180 3192 3234 Patrem
3232 3180 3424 3233 habuit
3464 3181 3810 3232 sacerdotem
3859 3173 4026 3228 Clui-

2449 3275 2614 3330 stiani
2648 3275 2785 3329 ritus
2815 3273 3089 3328 Graecum.
3111 3274 3174 3327 Et
3207 3272 3429 3326 (ἑταῖρος
3461 3269 3774 3324 sacerdotes
3805 3268 3859 3320 itt
3899 3281 4028 3320 con-

2445 3366 2598 3436 jugio
2635 3367 2818 3422 vivere
2849 3382 3010 3420 nemo
3038 3382 3145 3420 non
3197 3364 3368 3418 novit.
3404 3361 3525 3415 Fuit
3555 3363 3642 3415 hic
3673 3360 4028 3428 -Mustapltas

2451 3461 2535 3513 vir
2555 3468 2794 3519 astutus,
2829 3459 3165 3522 malitiosos,
3186 3458 3443 3510 vindicta:
3466 3468 3651 3510 tenax.
3679 3455 3878 3510 Statim
3908 3465 4030 3524 post

2451 3559 2681 3606 mortem
2715 3551 2971 3621 Bajazitis
3002 3566 3032 3604 a
3064 3554 3283 3604 sultano
3313 3549 3511 3602 Selitttc
3541 3550 3641 3602 fuit
3676 3549 4028 3609 interfectus,

2450 3644 2527 3697 ttti
2565 3659 2672 3698 non
2708 3645 2882 3696 multo
2915 3653 3038 3712 post
3072 3643 3125 3695 in
3164 3641 3469 3696 Annalibus
3519 3639 3794 3710 sequitur.
3843 3638 4031 3692 Jovius

2451 3736 2710 3791 Selimem
2749 3753 2856 3790 non
2895 3736 3061 3803 hujus
3093 3740 3361 3789 duntaxat
3422 3748 3580 3788 usum
3632 3748 3802 3800 Opera
3839 3731 4032 3785 scribit

2449 3831 2502 3884 in
2533 3831 2895 3898 opprimendo
2955 3839 3129 3898 patre,
3160 3828 3253 3882 Sed
3302 3829 3465 3882 etiam
3501 3825 3893 3896 Ducaginoglis
3927 3824 4033 3878 Βῡο

2448 3927 2658 3994 stangis
2723 3924 3068 3987 bassae,si\'e
3126 3923 3546 3976 hortulanorum
3613 3921 3882 3990 prtefecti,
3945 3921 4034 3971 cui

2447 4026 2660 4071 secreto
2692 4016 2922 4071 Selimes
2980 4032 3079 4085 pro
3117 4016 3357 4086 perfidia».
3410 4016 3629 4084 praemio
3661 4014 3831 4067 filiam
3872 4013 4036 4066 nubi-

2449 4112 2552 4164 lem
2587 4113 2837 4178 promisit
2869 4120 2920 4163 et
2942 4110 3126 4175 dedit;
3163 4120 3217 4163 et
3240 4110 3424 4178 Aiacis
3456 4111 3846 4176 genizarorum
3881 4108 4032 4174 Agzt',

2448 4205 2592 4273 qttod
2623 4203 2786 4257 'l‘urci
2820 4219 3016 4256 nomen
3049 4219 3158 4256 non
3193 4205 3353 4272 Ajax.
3388 4203 3481 4257 sed
3523 4202 3686 4267 Aigas
3714 4201 4038 4254 cnuntiant.

2449 4294 2523 4346 De
2553 4292 2906 4364 Ducagitmgli
2937 4295 3099 4363 paulo
3128 4303 3249 4363 post
3273 4294 3510 4358 dicetur,
3544 4295 3726 4362 capite
3758 4291 3888 4347 206.

2451 4383 2568 4438 I99.
2610 4386 2720 4439 Cur
2753 4385 3093 4438 Dimotucum
3119 4385 3352 4437 secedere
3386 4384 3680 4454 Bajazitcs,
3703 4385 3928 4452 imperia
3960 4387 4041 4435 di-

2519 4458 2676 4508 misso
2727 4457 2967 4508 voluerit.
3020 4454 3390 4524 lnaugurands’
3436 4455 3634 4506 ωηαυοί
3691 4460 4038 4507 ταντειηοιιία.

2521 4525 2910 4592 Imperatorem
2971 4527 3203 4594 insignia
3269 4529 3346 4577 vel
3404 4527 3663 4594 symbolo.
3722 4524 4040 4576 Corouaudi

2519 4597 2738 4648 alterius
2802 4597 3137 4662 imperatoris
3201 4597 3336 4646 ritus
3397 4593 3533 4658 apud
3590 4593 4042 4661 ercos,prton

2514 4668 2807 4732 superstite.
2837 4667 3373 4733 ΙΙιιρακοιμώμεγοι.
3396 4667 3868 4726 Scaramanaium,
3897 4666 4036 4719 Tzo~

2515 4738 2727 4797 hadari.
2762 4735 2984 4802 ᾶμϐων,
3029 4737 3414 4801 Δικητήσιον.
3450 4734 3698 4788 Taankta.

2518 4827 2867 4881 Dimotucum
2901 4842 2930 4880 a
2965 4825 3163 4880 Turcis
3190 4827 3375 4881 vocari
3400 4827 3698 4890 civitatem,
3723 4844 3852 4896 qua:
3883 4827 4050 4881 Gne-

2449 4919 2529 4974 cis
2559 4918 2980 4988 Didymotichon
3012 4918 3249 4981 dicatur,
3283 4918 3586 4973 indicatum
3619 4934 3818 4987 supra,
3853 4923 4046 4990 capite

2445 5011 2536 5076 9.8,
2570 5013 2851 5067 nonnullis
2888 5011 3089 5064 ibidem
3133 5011 3363 5081 adjectis
3393 5010 3462 5064 ad
3506 5012 3647 5065 hanc
3679 5027 3809 5081 qua:
3861 5019 4049 5083 perti-

2449 5117 2602 5162 nent.
2634 5106 2821 5161 Voluit
2856 5117 3037 5161 antem
3070 5123 3137 5161 eo
3168 5123 3227 5163 se
3257 5110 3508 5164 conferte
3539 5106 3841 5176 Bajaz'ttes,
3871 5110 4044 5163 abdi-

2447 5208 2572 5254 cato
2605 5200 2856 5269 imperio,
2891 5200 3038 5268 quod
3072 5199 3192 5267 ejus
3221 5209 3365 5254 esset
3399 5199 3596 5269 patria.
3621 5200 3840 5269 Quippe
3867 5212 4048 5255 natus

2445 5292 2610 5362 476
2639 5293 2751 5347 illic
2806 5291 3004 5346 fuerat.
3043 5292 3109 5345 Et
3170 5307 3331 5347 nemo
3385 5306 3494 5346 non
3531 5293 3752 5345 occulto
3789 5296 4043 5362 quodam

2447 5385 2708 5438 instinctu
2756 5392 2968 5438 natura:
3019 5385 3322 5439 delectatur
3358 5386 3424 5438 iis
3466 5385 3746 5455 praecipue
3782 5387 3958 5452 locis,
3991 5392 4046 5440 in

2449 5477 2643 5544 quibus
2672 5478 2970 5532 exsistendi
3009 5478 3319 5548 principum
3355 5479 3568 5533 habuit.
3595 5479 3670 5533 Ea
3704 5495 3948 5550 quoque
3978 5485 4048 5533 dc

2449 5586 2616 5622 eausa
2675 5570 2965 5639 Bajazites,
3024 5587 3149 5625 cttnt
3203 5581 3330 5627 ante
3382 5573 3704 5637 triennium,
3780 5575 4052 5628 videlicet

2448 5676 2591 5714 anno
2639 5661 2954 5715 Christiano
3011 5662 3167 5728 1509,
3197 5675 3354 5718 terra:
3388 5673 3567 5718 ntotus
3619 5665 3944 5726 horribilis.
3982 5668 4052 5719 de

2450 5768 2558 5819 quo
2601 5753 2759 5820 paulo
2810 5765 2935 5808 ante
2985 5757 3240 5825 legimus,
3281 5758 3334 5809 in
3375 5756 3458 5810 his
3510 5757 3844 5812 Annalibus.
3886 5757 4056 5813 Con-

2451 5845 2859 5913 stantinopolim
2894 5855 2943 5902 et
2986 5847 3425 5916 Didymoticltum
3460 5863 3597 5917 pene
3640 5860 3790 5904 totas
3823 5851 4025 5906 diruis
