4198 6426
202 403 291 463 860

1314 400 1709 465 PANDECTE
1753 400 1958 468 HlST.
2002 404 2292 476 TURCIC,

3332 398 3437 463 870

202 526 457 567 Sctzltun
513 513 1048 581 Constantinopolim
1103 512 1264 565 modo
1316 513 1528 577 refecit,
1565 528 1753 567 verum
1786 498 2028 581 Asilos,
2096 528 2149 570 et
2216 514 2423 571 tribuni
2493 515 2708 581 plebis,
2771 528 2875 566 una
2932 524 3055 565 cttm
3123 510 3433 570 tribulibus.

200 608 351 658 etiam
389 606 576 658 decem
610 607 960 670 sarchorum,
999 606 1051 658 id
1102 617 1187 659 est
1217 608 1684 661 mcrcenariorum
1710 614 1763 660 et

200 698 440 763 opiticum
481 699 667 762 millia,
706 697 1139 768 Didymotichum
1201 700 1348 752 misit
1386 713 1400 750 :
1432 701 1525 767 qui
1575 700 1764 768 patria:

198 804 302 840 suae
335 789 534 842 nimnia
591 790 855 859 collapsa,
885 806 1008 842 cum
1060 789 1304 845 aediliciis
1364 791 1760 853 instaurarent,

197 882 263 932 uti
320 880 711 949 Spanduginus
774 882 1053 937 memoria:
1117 882 1377 951 prodidit.
1407 882 1525 948 Quo
1577 894 1759 938 autem

195 977 290 1027 I'iltt
334 976 535 1027 sultani
570 975 878 1028 Osmanidae
910 976 1141 1029 mortuis
1172 978 1440 1043 patribus,
1469 978 1757 1043 imperium

194 1067 457 1133 auspicari
486 1067 722 1128 soleant,
782 1068 1088 1133 expositum
1118 1069 1171 1121 in
1223 1068 1611 1136 Supplementa
1643 1069 1759 1120 An-

193 1158 384 1210 nalium
416 1169 625 1220 nostro,
679 1158 743 1211 ad
785 1176 990 1212 annum
1037 1159 1408 1214 Christianum
1448 1162 1604 1215 1566.
1661 1161 1759 1215 Hic

190 1252 383 1320 quibus
432 1252 778 1306 cmremoniis
854 1260 1144 1320 superstes
1207 1263 1364 1321 pater
1423 1254 1595 1307 ﬁlium
1654 1256 1755 1309 sibi

190 1344 553 1402 substituent.
604 1344 901 1405 indicatur.
956 1345 1169 1414 Quippe
1234 1347 1345 1399 lilio
1398 1347 1541 1399 tradi
1590 1350 1757 1401 cistas

182 1434 355 1500 jussit.
395 1434 596 1501 quibus
632 1435 971 1503 imperatorii
1014 1438 1261 1491 thesauri
1304 1440 1753 1494 continebantur.

188 1522 378 1574 Eorum
419 1539 543 1575 vero
577 1526 799 1579 nomine
833 1541 938 1579 non
970 1527 1044 1581 illi
1104 1529 1351 1587 veniunt.
1385 1544 1525 1595 quos
1559 1530 1755 1583 adver-

184 1615 288 1667 sari
322 1615 564 1669 diximus
601 1616 655 1669 in
685 1616 930 1673 .ledicula
970 1638 982 1673 :
1016 1620 1109 1674 sed
1139 1636 1256 1689 qum
1283 1620 1455 1675 Graeci
1488 1622 1756 1676 vocabant

183 1706 553 1775 imperatoria,
576 1710 655 1762 vel
674 1710 955 1779 κειμήλια.
978 1712 1059 1765 vel
1094 1712 1363 1780 ἐπίσημα,
1383 1715 1463 1767 vel
1486 1715 1748 1782 σύμϐολα.

182 1796 269 1852 Sic
302 1798 522 1853 Graecia:
553 1812 753 1869 praeter
787 1805 883 1867 ait,
933 1805 1148 1858 venisse
1173 1817 1329 1873 capta
1370 1808 1753 1863 Constantino-

182 1891 283 1959 poli
347 1890 658 1946 Grzecorum
731 1894 783 1948 in
855 1911 1048 1950 manus
1092 1897 1444 1966 imperatoria
1499 1899 1748 1956 Balduini

179 1988 405 2041 secundi
437 1988 699 2057 symbola,
736 2005 858 2059 qua:
884 1993 1102 2060 quidem
1137 1992 1250 2046 haec
1282 1992 1483 2049 fuerint
1514 2014 1527 2048 :
1557 1996 1752 2067 Calyp-

179 2088 280 2140 tra,
309 2077 494 2133 formae
522 2078 733 2135 Latinis
766 2083 989 2138 usitatae
1014 2084 1261 2153 (Latinos
1287 2087 1457 2142 Graci
1482 2090 1751 2143 vocabant

176 2170 406 2238 populos
441 2171 505 2223 ad
554 2173 839 2240 imperiunm
894 2174 1078 2228 Romm
1134 2178 1335 2231 veteris
1389 2180 1747 2246 pertinentes,

175 2274 300 2312 cum
334 2260 439 2314 sibi
492 2261 1326 2335 [tertianorum’appellationem
1381 2274 1745 2340 arrogarent),

176 2362 228 2403 et
254 2352 549 2407 unianibus
603 2354 868 2409 distincta
917 2373 1042 2411 cum
1087 2359 1274 2428 lapillo
1338 2361 1489 2415 rubri
1548 2363 1749 2418 coloris

176 2440 230 2493 itt
266 2443 471 2496 vertice
503 2444 697 2513 capitis
731 2463 743 2499 :
774 2447 1165 2514 calceatueuta,
1194 2465 1357 2505 cocco
1400 2453 1565 2507 tincta
1593 2469 1605 2504 :
1638 2454 1748 2520 gla-

175 2532 299 2587 dius
322 2535 515 2605 vagina
535 2534 600 2590 de
626 2538 868 2591 coccinei
898 2539 1101 2595 coloris
1126 2541 1307 2597 serico
1350 2542 1517 2605 facta,
1575 2546 1714 2598 vesti
1732 2574 1749 2586 -

178 2635 288 2678 tus.
324 2625 458 2680 Inde
484 2636 693 2695 patrem
730 2628 963 2684 Selimes
994 2631 1148 2698 adiit,
1205 2634 1365 2702 eique
1416 2650 1659 2700 manum,
1694 2646 1751 2691 ut

173 2715 471 2770 Annalium
504 2717 673 2782 liber;
705 2719 893 2788 pedes.
919 2730 975 2774 ut
1001 2719 1189 2776 Jovius
1222 2732 1428 2788 narrat,
1459 2726 1746 2781 osculatus

172 2810 457 2865 est.ldem
486 2812 636 2866 addit
691 2813 797 2867 hoc
830 2815 900 2868 ab
954 2828 1021 2868 co
1078 2815 1277 2881 factum
1341 2820 1598 2881 maxima,
1654 2820 1747 2873 sed

169 2900 430 2955 simulata
461 2919 585 2956 cum
620 2904 1025 2961 submissione:
1057 2880 1178 2961 cu’in
1216 2912 1539 2965 temeritatis
1570 2912 1749 2967 obiter

169 3008 289 3047 sua:
325 2996 535 3047 veniam
576 3008 844 3065 posceret.
879 2997 1001 3054 Mox
1021 3001 1067 3053 ei
1099 3010 1254 3070 pater
1302 3018 1596 3073 assurgens
1632 3008 1749 3073 gla-

166 3086 265 3139 dio
298 3085 439 3140 latus
472 3086 660 3151 cinxit,
711 3098 770 3142 ut
811 3088 1002 3146 Jovius
1051 3102 1317 3147 memorat
1350 3111 1364 3146 :
1396 3102 1454 3147 ut
1486 3096 1747 3163 Annales,

1868 610 2174 678 Cepitergo
2219 608 2555 663 sccretarius
2590 607 2702 660 haec
2750 622 2815 659 ex
2850 606 3198 672 imperatoris
3220 607 3442 660 decreto

1867 702 2031 755 verba
2062 702 2239 771 legere
2273 718 2285 754 :
2326 700 2533 773 Bardas
2566 699 2747 753 Caesar
2781 701 3073 754 adversum
3105 714 3189 752 me
3224 702 3443 766 conspi-

1868 795 2026 854 ravit,
2077 800 2135 845 ut
2195 792 2361 845 vitam
2390 790 2522 844 mihi
2575 789 2839 843 adimeret
2878 804 3097 858 :eaque
3146 790 3213 842 de
3269 804 3436 843 causa

1863 894 2018 938 extra
2053 886 2243 939 urbem
2271 897 2354 936 me
2393 883 2640 937 abduxit.
2671 880 2825 946 Quod
2876 882 2978 935 nisi
3017 882 3337 949 Symbatius
3374 897 3437 935 ac

1863 979 2098 1033 Basilius
2192 976 2455 1030 indicium
2571 975 2693 1043 ejus
2769 974 2846 1028 rei
2939 975 3070 1029 mihi
3159 975 3438 1036 fet-issent,

1862 1072 2114 1139 equidem
2143 1085 2249 1123 non
2292 1071 2527 1138 amplius
2566 1071 2620 1123 in
2654 1084 2885 1123 numero
2917 1074 3161 1122 vivorum
3204 1069 3439 1123 essiste—

1862 1180 1998 1217 rem.
2036 1165 2111 1216 Ac
2145 1164 2304 1231 periit
2336 1165 2427 1218 ille
2456 1178 2551 1217 sua
2619 1179 2752 1216 sane
2791 1163 2973 1231 culpa.
3011 1162 3271 1217 Basilium
3308 1178 3440 1217 vero

1861 1259 2502 1323 Parakimomenon,ceu
2554 1258 2722 1320 ﬁdum
2776 1257 2934 1319 mihi.
2974 1258 3191 1327 meique
3247 1271 3439 1311 scrva-

1860 1361 2031 1406 torem
2063 1351 2304 1421 imperii,
2365 1353 2571 1419 quique
2622 1366 2705 1405 me
2744 1350 2998 1404 liberavit
3026 1350 3094 1404 ab
3126 1350 3303 1412 hoste,
3375 1364 3438 1404 ac

1860 1445 2124 1513 singulari
2184 1444 2383 1498 electu
2444 1445 2846 1512 complectitur,
2902 1458 3025 1497 esse
3081 1442 3204 1495 Volo
3238 1454 3435 1497 custo—

1857 1538 1979 1591 dem
2018 1545 2071 1591 et
2098 1547 2412 1591 curatorem
2448 1537 2665 1605 imperii
2721 1536 2827 1589 mei
2861 1552 2875 1600 ;
2915 1535 3237 1601 faustisque,
3293 1535 3439 1587 velut

1857 1632 2267 1697 imperatorem,
2295 1629 2792 1683 acclamationibus
2846 1628 3099 1681 salutari.
3132 1627 3270 1680 Tum
3307 1640 3440 1679 vero

1856 1720 2092 1774 Basilius
2120 1721 2335 1789 Oppleri
2367 1721 2643 1790 lacrymis.
2671 1718 2735 1772 Et
2771 1719 3070 1787 imperator
3098 1716 3376 1785 demptam
3406 1730 3437 1768 ε

1858 1814 2039 1884 capite
2090 1827 2194 1867 suo
2240 1828 2502 1869 coronam
2554 1812 2749 1867 Photio
2790 1812 3115 1881 patriarchae
3150 1808 3436 1881 porrexit:

1859 1909 1952 1978 qui
1985 1924 2046 1964 ea
2076 1922 2289 1961 sacram
2321 1907 2385 1962 ad
2412 1921 2660 1962 mensam
2689 1904 2994 1973 deportata,
3030 1919 3221 1975 preces
3274 1916 3437 1972 super

1858 2003 2007 2057 illam
2042 2001 2311 2069 Concepit.
2361 1998 2492 2054 lude
2541 2000 2988 2069 paludamentum
3031 1997 3263 2051 attulere
3298 2010 3437 2063 pra:-

1858 2096 2039 2164 positi,
2080 2104 2133 2145 et
2157 2093 2511 2147 calceamenti
2561 2093 2821 2145 Basilium
2855 2090 3179 2145 induerunt.
3226 2089 3299 2151 Is,
3334 2090 3438 2143 ab-

1853 2187 1993 2255 jecta
2059 2185 2365 2255 chlamyde,
2401 2183 2467 2237 ad
2538 2183 2889 2252 imperatoris
2954 2181 3119 2251 pedes
3177 2179 3433 2250 procidit.

1856 2279 1973 2333 Mox
2020 2293 2199 2334 autem
2232 2293 2489 2347 egressus
2513 2279 2856 2347 patriarcha,
2894 2276 3175 2344 demptam
3220 2276 3371 2344 prius
3405 2290 3439 2329 e

1856 2375 2033 2444 capite
2094 2374 2444 2441 imperatoris
2500 2385 2783 2431 coronam,
2845 2371 3066 2438 ipsimet
3118 2369 3432 2437 imperatori

1856 2468 2112 2525 reddidit.
2142 2467 2389 2535 Cumque
2450 2472 2688 2533 sceptra,
2739 2465 2806 2517 de
2845 2478 3015 2525 more,
3050 2462 3201 2515 humi
3255 2462 3436 2527 proci-

1856 2563 2084 2626 dissent,
2164 2558 2449 2614 coronauit
2517 2556 2776 2610 Basiliqu
2850 2552 3101 2616 Michael,
3174 2551 3435 2604 omnibus

1858 2656 2031 2709 fausta
2088 2667 2221 2707 voce
2280 2649 2763 2704 acclamantibus:
2806 2644 3055 2699 Michaeii
3110 2656 3161 2698 et
3224 2643 3431 2697 Basilio

1855 2746 2116 2813 angustis,
2151 2743 2305 2795 multi
2338 2741 2486 2794 anni.
2525 2738 2649 2792 Haec
2682 2740 2779 2791 abs
2805 2752 2861 2790 re
2918 2736 3233 2805 putavimus
3268 2750 3436 2803 expo-

1857 2837 2056 2897 nenda,
2089 2849 2199 2903 quo
2232 2832 2497 2887 studiosis
2531 2831 2884 2899 antiquorum
2923 2832 3129 2882 rituum
3161 2842 3275 2883 rem
3310 2842 3435 2895 gra-

1856 2936 1963 2980 tam
2006 2927 2333 2980 faceremus.
2368 2923 2709 2990 Adjiciamus
2732 2931 2787 2977 et
2816 2921 3120 2975 difﬁcilium
3151 2920 3431 2974 intellectu

1856 3019 2216 3090 quorumdam
2255 3016 2727 3085 ‘explicationem.
2778 3013 3250 3080 Scaramangium,
3301 3011 3432 3080 quid

1856 3112 1949 3172 sit,
2004 3108 2304 3161 indicatum
2345 3105 2524 3173 capite
2569 3103 2690 3155 172.
2751 3099 3248 3171 Παρακοιμὼμενοι
3304 3105 3435 3152 sunt

168 3178 315 3232 solio
338 3179 534 3233 sedere
554 3195 652 3233 suo
676 3180 856 3246 jussit.
893 3183 1206 3252 Catyptram
1243 3186 1291 3237 ei
1339 3186 1543 3239 nullam
1574 3189 1743 3257 impo-

1856 3201 2028 3255 intimi
2056 3197 2402 3258 cubicularii,
2437 3196 2528 3262 qui
2571 3193 2954 3263 augustalibus
2985 3194 3040 3246 in
3082 3191 3353 3245 cubiculis
3381 3197 3436 3242 et

165 3271 475 3336 suit,qnod
506 3286 567 3325 ea
599 3270 902 3326 Turcorum
961 3276 1193 3330 sultanis
1248 3277 1299 3329 in
1363 3293 1464 3331 usu
1503 3295 1608 3333 non
1652 3281 1746 3346 sit,

165 3360 453 3428 tulipanto
515 3363 785 3419 duntaxat
834 3374 999 3436 caput
1052 3367 1458 3424 involventibus
1492 3388 1507 3426 :
1541 3372 1616 3426 uti
1682 3389 1750 3428 ne

160 3453 408 3506 sultana:
434 3454 654 3523 quidem
712 3456 959 3525 ipsorum
995 3461 1244 3529 calyptra
1284 3476 1555 3516 coronave
1610 3465 1749 3533 regi-

158 3546 275 3599 bus
309 3547 512 3600 nostris
536 3548 760 3612 usitata,
783 3559 947 3617 caput
1001 3561 1221 3619 ornant,
1255 3553 1350 3607 sed
1404 3569 1529 3608 vera
1564 3557 1744 3619 taenia,

157 3636 289 3690 sive
326 3638 518 3703 fascia,
549 3642 665 3695 sive
687 3639 1018 3705 diademate,
1048 3644 1217 3698 variis
1246 3654 1301 3699 et
1330 3648 1593 3714 exquisiti
1626 3664 1746 3717 pre-

154 3729 225 3782 tii
262 3730 496 3798 getnmis
533 3731 816 3796 distincto,
852 3734 997 3802 quod
1038 3734 1105 3789 ad
1163 3737 1406 3805 sinciput
1437 3739 1743 3809 colligatur.

153 3819 455 3888 Ejusmodi
489 3822 738 3877 diadema
763 3824 1088 3880 conﬁciebat
1119 3826 1436 3884 Germanus
1466 3831 1745 3888 aurifaber

152 3913 217 3965 in
245 3910 450 3980 oppido
474 3911 685 3979 Galata,
724 3914 962 3971 Joannes
987 3915 1155 3984 Saxo,
1188 3928 1351 3975 natus
1375 3922 1517 3990 apud
1554 3924 1746 3979 llolsa-

146 4013 275 4067 tos,
315 4004 441 4059 huic
470 4004 721 4072 sultanae,
765 4007 993 4064 Muratis
1027 4010 1093 4064 lll
1138 4012 1380 4081 conjugi,
1432 4029 1553 4067 cum
1603 4016 1743 4069 {ilius

147 4092 541 4149 Muchemetes
595 4096 1071 4154 circutncidcndus
1126 4112 1292 4158 esset.
1349 4105 1561 4159 Addere
1616 4106 1744 4163 libet

149 4187 271 4234 hoc
303 4184 421 4237 loco
442 4186 602 4238 ritum
626 4189 926 4241 coronaudi
952 4193 1093 4257 apud
1120 4191 1339 4245 Cra-cos
1370 4195 1741 4263 imperatoris,

146 4277 342 4344 priori
370 4277 547 4330 adhuc
590 4280 906 4346 superstite,
952 4297 1112 4349 quem
1151 4284 1217 4337 de
1275 4284 1466 4338 Graeco
1501 4287 1742 4341 historiae

146 4368 316 4417 libro
357 4383 516 4419 manu
554 4378 781 4432 exarato
810 4372 1100 4440 Symeonis
1134 4378 1375 4442 magistri
1427 4378 1739 4433 Olliciorum

136 4458 565 4511 cxscribcmus.
599 4459 863 4529 Loquitur
887 4473 1067 4517 autem
1110 4468 1343 4534 Symcon
1371 4470 1437 4523 de
1458 4470 1736 4536 Michaele,

136 4548 456 4615 Tthpltili
528 4549 587 4602 F.
645 4554 911 4619 Augusto.
980 4571 1140 4623 quem
1206 4562 1568 4613 temulentum
1626 4546 1819 4615 sive”

138 4642 406 4707 μέθυσον
471 4652 667 4695 vocant
730 4643 995 4709 hismriac,
1066 4659 1185 4715 post
1257 4651 1444 4705 Bardze
1506 4655 1738 4708 Ctesaris

130 4733 422 4784 avunculi
456 4733 680 4796 caedem,
714 4736 969 4789 Basiliunt
1026 4738 1375 4795 Macedonem
1408 4745 1473 4797 ad
1526 4747 1738 4815 imperii

126 4828 488 4878 societatem
529 4835 839 4895 coeptante.
875 4828 1047 4884 Verba
1082 4843 1209 4886 sunt
1239 4836 1567 4903 hujusmodi.
1601 4839 1736 4893 Cum

126 4920 489 4981 i;;ipcrator,
524 4916 617 4980 ait,
650 4918 703 4970 in
727 4921 1083 4991 processione
1115 4925 1376 4991 prodiret,
1409 4932 1741 4996 sequebatur

122 5024 161 5058 a
208 5016 383 5073 tergo
405 5005 637 5060 Basilius
661 5021 880 5076 gestans
902 5012 1246 5080 imperatoris
1274 5026 1735 5092 scaramanginm,

110 5100 304 5167 quod
344 5115 439 5163 pro
465 5115 611 5153 more
644 5104 1130 5173 παρακοιμώμενοι
1165 5107 1391 5163 iaciunt.
1421 5112 1501 5166 Ad
1536 5130 1741 5181 augus-

101 5195 331 5248 atalc-s
354 5199 533 5244 autent
569 5191 715 5247 fores
750 5194 839 5247 ubi
872 5197 1549 5270 pervenissetimperator,
1582 5222 1740 5261 coro-

103 5300 276 5339 nam
316 5297 420 5349 pro
456 5283 845 5351 imperatorum
878 5289 1276 5345 consuetudine
1310 5308 1413 5345 non
1443 5294 1734 5365 deposuit,

96 5377 243 5430 sed
278 5375 428 5424 intra
457 5373 653 5441 jamias
689 5391 877 5433 sacras
915 5395 1037 5433 cum
1068 5396 1130 5436 ca
1178 5383 1407 5439 Michael
1460 5388 1738 5457 ingressus

86 5479 254 5524 est.
317 5465 384 5518 Et
433 5480 658 5535 cetpore
712 5484 1003 5538 converso,
1062 5484 1172 5529 tres
1233 5482 1433 5545 gradus
1488 5483 1739 5539 allibOlliS

82 5568 462 5619 coronatus
494 5562 762 5625 ascendit,
792 5573 975 5619 stante
1011 5567 1241 5622 inferius
1274 5570 1473 5625 Basilio
1510 5572 1735 5629 Paralti-

84 5667 441 5713 .moxrieno.
472 5651 614 5706 Infra
650 5654 913 5709 Basilium
946 5660 1125 5713 stabat
1170 5660 1278 5715 Leo
1334 5664 1546 5728 Castor,
1582 5669 1671 5735 qui
1706 5683 1734 5721 a

74 5745 393 5805 secretis
429 5754 566 5811 erat,
599 5750 926 5804 sententiam
975 5754 1235 5821 scriptam
1283 5758 1513 5825 (tomum
1561 5762 1733 5816 erci

63 5839 379 5910 vocant)
416 5854 579 5895 manu
613 5849 828 5909 tcners,
858 5854 911 5901 et
954 5845 1179 5904 Micliacl
1224 5850 1464 5908 Anurius
1520 5871 1733 5926 prrcpoo

1858 3292 1957 3361 ipsi
1997 3298 2220 3359 prepter
2252 3290 2617 3357 imperatores
2650 3285 3021 3349 dormiebant,
3052 3285 3132 3338 uti
3192 3283 3430 3353 Symeou

1854 3385 1941 3437 hic
1976 3391 2164 3436 noster
2200 3382 2345 3435 haud
2400 3382 2574 3433 multo
2624 3389 2746 3447 post
2792 3378 3038 3431 declarat
3074 3377 3125 3429 in
3178 3376 3433 3445 descrip—

1854 3477 2000 3530 tione
2032 3477 2195 3530 caedis
2232 3474 2516 3528 Michaelis
2546 3472 2800 3542 Augusti.
2832 3471 2962 3525 Tale
2998 3486 3144 3524 nunc
3192 3469 3429 3523 oﬂicium

1849 3584 1932 3626 est
1962 3571 2099 3637 apud
2134 3571 2437 3622 'l‘urcorum
2488 3567 2767 3619 sultanum
2790 3564 2910 3633 ejus
2947 3562 3300 3626 cubicularii,
3337 3562 3430 3629 qui

1849 3662 2160 3718 Chioltadar
2192 3670 2286 3713 aut
2322 3657 2610 3711 Tzohadar
2676 3656 3003 3725 appellatur.
3066 3655 3119 3708 is
3177 3655 3321 3709 enim
3374 3664 3430 3709 et

1850 3757 1989 3807 intra
2038 3751 2241 3807 sultani
2280 3751 2597 3804 cubiculum
2652 3757 2813 3800 noctu
2870 3748 3130 3800 excubias
3190 3747 3319 3814 agit,
3374 3755 3428 3799 ct

1849 3844 2085 3914 pluviam
2115 3843 2316 3898 sultani
2349 3849 2555 3895 vestem
2592 3847 2792 3908 gestat,
2824 3846 2881 3891 ut
2917 3837 3423 3901 Parakimomenos,

1848 3956 1967 4009 qua:
1998 3939 2439 4005 scaramangium
2479 3936 2566 3987 hic
2596 3942 2844 3987 vocatur.
2888 3934 2964 3987 Ae
2989 3941 3421 3998 noruntomnes,

1848 4034 1939 4103 qui
1978 4034 2195 4086 Portant
2233 4029 2491 4083 viderunt
2544 4026 2915 4088 Osmanicam,
2988 4040 3089 4077 non
3148 4024 3420 4077 sultaunm

1846 4124 2005 4177 modo
2050 4121 2299 4175 comitari
2358 4118 2785 4177 cubicularium,
2838 4119 2928 4183 qui
2975 4130 3172 4168 sereno
3203 4128 3427 4182 quoque

1845 4216 1984 4269 coelo
2011 4214 2449 4275 scaramanginm
2490 4212 2611 4279 ejus
2646 4217 2823 4277 gestat
2855 4226 2867 4261 :
2900 4208 2995 4262 sed
3023 4223 3213 4260 omnes
3257 4210 3426 4259 etiam

1845 4304 2089 4373 quotidie
2130 4310 2349 4360 ,hassas
2414 4317 2475 4357 ac
2539 4304 2739 4370 hegos,
2825 4301 3264 4370 quotiescunque
3329 4314 3431 4368 per

1847 4395 2038 4447 urbem
2076 4393 2139 4445 ad
2200 4392 2417 4444 Portam
2480 4392 2751 4458 equitant,
2807 4391 3009 4445 habere
3063 4391 3424 4459 pedisequmn

1848 4504 2041 4549 unum,
2068 4488 2156 4553 qui
2202 4495 2404 4538 vestem
2438 4483 2598 4553 477
2635 4483 2948 4551 hujusmodi
2980 4491 3176 4552 portat,
3208 4483 3427 4535 caeteris

1846 4577 2365 4648 superinjicieudam
2439 4576 2822 4639 vestimentis,
2893 4576 2935 4629 si
3018 4590 3142 4629 aere
3214 4584 3427 4628 mutato

1845 4670 1984 4722 forte
2023 4672 2191 4735 pluat.
2238 4669 2500 4721 Ambonis
2564 4684 2761 4720 nomen
2825 4669 2875 4720 in
2924 4668 3143 4734 templis
3198 4666 3423 4720 Graeco-

1846 4777 1962 4813 rum
2001 4762 2068 4813 ab
2102 4760 2447 4814 ascendendo
2477 4760 2678 4813 factum
2712 4768 2815 4827 est,
2850 4760 2994 4828 quod
3033 4761 3234 4825 gratius
3268 4774 3423 4812 cour-

1847 4852 2030 4919 plures
2063 4850 2279 4903 habeat.
2319 4848 2383 4901 Et
2412 4859 2564 4903 extra
2596 4860 2868 4905 secretum
2898 4864 2925 4902 a
2964 4851 3174 4918 reliquo
3221 4851 3426 4919 templo

1843 4942 2149 4993 sacrarium
2180 4942 2262 4993 vel
2310 4939 2697 5009 Θυσιαστήριον
2736 4951 2841 5004 cst,
2893 4956 3008 5009 quo
3036 4956 3222 4993 mensa
3265 4955 3421 4993 sae-ra

1842 5032 2179 5094 continetur,
2244 5031 2517 5085 sacerdoti
2590 5034 2864 5085 duntaxat
2925 5030 3195 5085 adeunda.
3260 5032 3417 5096 Quod

1844 5124 2286 5195 paludamentum
2324 5124 2457 5187 dixi,
2499 5122 2755 5193 Symeoni
2809 5124 3129 5193 δικητήσιον
3173 5125 3415 5193 appella-

1845 5229 1951 5269 tur.
1978 5216 2106 5269 Scio
2132 5216 2583 5283 paludamentum
2616 5232 2738 5271 esse
2770 5229 2973 5270 vestem
3019 5217 3413 5285 imperatorum

1841 5318 2200 5374 castrensem,
2242 5325 2363 5377 qua“:
2396 5310 2750 5378 exprimendo
2789 5310 3040 5365 Diltitisio
3099 5327 3204 5364 non
3254 5312 3417 5365 satis-

1841 5400 2005 5454 faciat
2041 5417 2053 5453 :
2092 5402 2183 5455 sed
2204 5416 2326 5454 cmn
2356 5403 2499 5454 aliud
2537 5402 2780 5454 invenire
2812 5416 3009 5456 nomen
3033 5418 3139 5457 non
3170 5418 3413 5468 possem,

1843 5496 1944 5548 hoc
1971 5495 2043 5547 uti
2073 5496 2250 5549 lilmit.
2281 5496 2605 5562 Δικητήσιον
2639 5510 2767 5549 vero
2788 5498 2867 5550 sic
2917 5496 3045 5548 mihi
3078 5505 3205 5550 sunt
3237 5498 3413 5548 inter-

1841 5587 2035 5654 pretati
2063 5586 2257 5649 Graeci,
2290 5597 2345 5639 ut
2369 5603 2433 5642 co
2459 5588 2757 5657 signiﬁcari
2789 5590 3036 5643 dicerent
3057 5590 3412 5658 ἐπιμάνδυον,

1840 5682 1952 5734 sive
1985 5682 2472 5748 supramantcllum
2508 5683 2888 5752 (adhibeamus
2915 5686 3057 5737 enim
3094 5700 3250 5738 voces
3282 5683 3413 5736 bar-

1841 5773 2022 5837 baras,
2058 5783 2114 5826 ut
2163 5773 2576 5844 intelligantur),
2617 5778 2775 5845 quale
2809 5776 3131 5845 superinijci
3178 5777 3413 5845 patriar-

1839 5866 1956 5921 chis
2008 5867 2061 5919 in
2119 5867 2314 5921 solium
2379 5868 2689 5936 pontiﬁcale
2745 5870 3085 5924 collocandis
3143 5869 3301 5936 solet,
3351 5874 3410 5922 ut
