4198 6426
749 395 852 458 871

1955 379 2279 440 JOANNIS
2315 378 2778 438 LEUNCIAVII

3910 377 4012 437 872

752 509 1103 577 intelligatur,
1167 507 1269 560 hoc
1309 504 1550 566 indutos,
1601 498 1711 569 jam
1749 497 1925 552 factos
1980 511 2107 552 esse
2161 497 2335 564 ponti-
2363 499 2414 560 Α
2443 495 2549 549 bat.
2590 495 2910 549 Imonardns
2946 497 3201 572 flbiensis
3233 495 3569 565 imperialem
3603 507 3818 568 portam
3857 508 4017 551 vocat

753 606 901 656 lices.
936 600 1206 655 Casiolam
1261 593 1540 651 memoriae
1594 590 1833 662 prodidit
1895 589 2160 653 lsidorus,
2205 603 2327 658 quae

755 697 861 748 huc
886 703 1019 764 puto
1049 694 1299 761 quadrat.
1352 688 1470 742 Tali
1525 684 1834 741 vestimenti
1875 697 2075 751 genere
2108 688 2329 736 nostros

753 790 915 840 etiam
942 787 1297 853 imperatores
1331 781 1503 840 indui,
1568 793 1692 833 cum
1762 777 2185 845 inaugurantur,
2244 775 2328 841 ip-

755 879 916 930 simet
968 874 1224 927 vidimus.
1285 872 1485 938 Estque
1550 866 1811 922 notabilis
1848 865 1992 934 apud
2042 862 2326 916 Zozimum

753 975 1004 1020 nostrum
1032 967 1208 1028 locus,
1230 964 1318 1016 ubi
1345 962 1510 1014 tradit
1531 960 1634 1013 hoc
1652 968 1942 1028 propterea
1963 954 2162 1008 factum
2184 954 2326 1021 apud

753 1061 1054 1121 Romanos,
1092 1069 1152 1110 ut
1183 1055 1585 1125 intelligeretur
1620 1051 1977 1120 imperatores
2009 1049 2173 1102 etiam
2206 1062 2328 1101 esse

752 1152 1038 1223 pontifices
1077 1151 1371 1212 maximos,
1435 1143 1900 1217 quemadmodum
1979 1140 2035 1193 itt
2118 1139 2329 1192 numis-

752 1248 916 1300 matis
945 1259 1162 1314 quoque
1190 1258 1249 1297 se
1284 1240 1661 1295 nominabant.
1691 1235 1921 1290 Calceos
1960 1233 2075 1288 sive
2112 1232 2328 1286 calcea-

755 1344 962 1398 menta,
999 1333 1239 1388 Tzankia
1269 1332 1408 1385 dixit
1433 1330 1694 1400 Symeon,
1729 1326 1931 1394 quibus
1972 1325 2331 1394 imperatores

754 1431 832 1484 uti
867 1427 1107 1482 coccinei
1151 1425 1357 1479 coloris
1388 1423 1662 1477 solebant.
1722 1417 2004 1487 Praepositi
2062 1416 2328 1485 simplici-

755 1531 838 1574 ter
873 1521 961 1575 hic
988 1525 1276 1582 vocantur,
1312 1530 1453 1586 quos
1480 1512 1622 1582 apud
1672 1509 2015 1578 antiquiores
2045 1520 2326 1562 sacrorum

753 1613 836 1665 vel
911 1609 1286 1679 augustalium
1365 1604 1744 1660 cubiculorum
1822 1599 2144 1670 praepositos
2221 1598 2329 1652 dici

754 1704 1004 1757 videmus
1067 1703 1121 1756 in
1179 1698 1504 1754 Justinianei
1561 1693 1806 1756 Codicis,
1859 1701 1915 1745 ct
1974 1688 2324 1744 historiarum

754 1797 930 1849 libris.
967 1795 1190 1865 Sceptra
1224 1800 1353 1847 sunt
1409 1788 1612 1853 baculi,
1667 1785 2020 1852 magistratus
2055 1781 2325 1852 symbols.

753 1884 864 1940 Nec
905 1885 1282 1953 intelliguntur
1343 1882 1433 1935 hic
1468 1881 1642 1949 ipsius
1680 1875 2029 1946 imperatoris
2090 1883 2327 1942 sceptra,

755 1981 848 2036 sed
881 1977 1188 2044 oﬂicialium
1231 1993 1246 2029 :
1286 1989 1408 2044 qua
1439 1971 1582 2042 apud
1623 1969 1845 2025 Graecos
1879 1966 2076 2038 deponi
2145 1966 2328 2032 solita,

753 2090 878 2128 cum
907 2087 1083 2128 novus
1111 2072 1409 2140 imperator
1439 2069 1881 2137 inauguraretur,
1922 2064 2180 2133 supr-rius
2204 2076 2328 2133 cap.

754 2169 858 2222 173
918 2166 1282 2221 monuimus:
1322 2163 1574 2231 idemque
1610 2174 1729 2214 mos
1783 2159 1927 2229 apud
1974 2158 2184 2211 Turcos
2235 2155 2333 2208 ho-

753 2262 840 2314 die
901 2258 1188 2320 retinetur,
1255 2269 1490 2324 quorum
1557 2251 1821 2321 genizari,
1890 2259 1944 2305 et
1999 2249 2088 2302 alii
2129 2247 2333 2302 ollicia-

753 2353 852 2416 les,
883 2364 1006 2406 cum
1032 2362 1208 2402 novus
1239 2346 1497 2401 sultanus
1519 2341 1697 2398 Porta
1726 2340 1967 2396 saraium
1996 2337 2329 2410 ingrediens,

757 2458 980 2511 regnum
1019 2455 1178 2496 suum
1205 2436 1574 2507 auspicatur;
1610 2433 1840 2489 baculos
1891 2445 2020 2485 suos
2051 2430 2333 2499 deponunt

754 2552 817 2591 es
852 2549 1036 2599 causa,
1066 2548 1231 2602 quam
1269 2530 1511 2585 indicato
1538 2526 1717 2596 capite
1748 2523 2174 2580 declaravimus.

754 2653 880 2709 200.
921 2650 1098 2704 Porta'
1118 2644 1327 2700 XXIII
1361 2645 1507 2698 urbis
1559 2640 2181 2706 Constantinopolitanw,
2215 2653 2332 2691 cum

824 2722 1002 2775 multis
1049 2716 1495 2781 memorabilibus,
1537 2721 1585 2768 et
1631 2711 1700 2766 ad
1736 2713 1990 2766 historias
2036 2708 2335 2779 intelligen-

828 2795 923 2846 das
974 2787 1306 2844 necessariis.

823 2908 962 2972 Quia
994 2918 1102 2959 non
1153 2910 1362 2957 tantum
1405 2901 1497 2955 hic
1545 2897 2084 2967 ltadrlanopolitanaa
2138 2903 2330 2966 portae,

754 2997 847 3052 sed
887 2997 1116 3050 aliarum
1168 3006 1386 3063 quoque
1429 2992 1710 3058 deinceps,
1746 2990 1802 3043 in
1838 2989 1945 3043 vita
2001 2985 2332 3045 Soleimanis

758 3086 822 3161 ll,
861 3087 914 3140 fit
950 3084 1180 3148 mentio,
1237 3083 1413 3153 placet
1447 3096 1555 3136 uno
1615 3080 1738 3134 loco
1793 3079 1957 3133 simul
2008 3092 2334 3132 enumerare

757 3190 947 3250 portas
1003 3177 1158 3232 urbis
1187 3190 1402 3241 omnes,
1439 3188 1503 3230 ac
1533 3172 1781 3243 singulas
1841 3171 1985 3225 velut
2031 3171 2103 3226 ob
2145 3170 2333 3226 oculos

758 3272 954 3326 ordine
983 3269 1292 3324 collocare:
1322 3267 1466 3338 quod
1492 3281 1670 3336 operae
1714 3263 1951 3333 pretium
1983 3278 2083 3318 nos
2105 3262 2190 3317 his
2230 3278 2331 3316 es-

761 3362 1026 3420 eam-udis
1067 3360 1306 3415 facturos
1355 3359 1761 3419 existimemus,
1801 3355 1895 3424 qui
1959 3369 2335 3423 sapenumero

760 3449 1002 3517 Ingentis
1055 3447 1324 3510 historiis,
1365 3447 1437 3502 ob
1481 3447 1672 3500 harum
1733 3454 1840 3498 tam
1889 3444 2333 3514 appellationum,

757 3557 919 3608 quam
956 3543 1095 3595 situs
1157 3539 1582 3611 ignorationem,
1643 3535 1873 3589 mirifice
1933 3550 2030 3589 nos
2091 3537 2334 3604 torqueri

762 3631 1134 3684 Iltt'ltlittilllus.
1168 3628 1278 3683 Nec
1341 3629 1517 3698 ipsum
1548 3625 1783 3695 Gyllium
1837 3628 2190 3681 recensendis
2252 3627 2337 3680 his

759 3723 1036 3786 omnibus,
1069 3731 1124 3777 et
1159 3730 1304 3776 recte
1336 3720 1698 3790 appellandis,
1735 3719 1816 3772 vel
1851 3734 1914 3771 ex
1951 3720 2178 3773 semisse
2233 3720 2338 3775 Icc-

762 3816 865 3868 tnri
897 3815 1092 3869 fecisse
1122 3815 1293 3878 satis;
1357 3813 1676 3868 fatebuntur
1711 3813 1767 3878 ii,
1824 3814 1915 3880 qui
1963 3824 2147 3867 nostra
2212 3828 2336 3868 cum

760 3909 1029 3977 Gyllianis
1053 3907 1304 3961 conferre
1334 3906 1627 3961 voluerint.
1664 3904 1996 3972 Incipiemus
2051 3914 2233 3959 autem
2273 3907 2339 3960 ab

764 4001 963 4068 angulo
985 3999 1138 4053 urbis
1171 3998 1447 4064 orientali,
1487 4000 1540 4052 in
1568 4012 1676 4066 quo
1708 3997 1878 4053 situm
1936 4013 2062 4052 esse
2115 4000 2339 4068 genisa-

761 4094 962 4151 raium.
991 4093 1103 4146 sive
1136 4092 1426 4161 palatium,
1459 4105 1711 4144 arcemve
1754 4092 2108 4155 sultaninam,
2173 4105 2338 4158 supe-

764 4189 880 4237 rius
912 4183 1012 4237 139
1042 4185 1163 4251 cap.
1201 4183 1570 4237 ostendimus:
1603 4191 1655 4236 et
1681 4181 1733 4234 in
1759 4184 1936 4235 littore
1961 4183 2116 4235 sinus
2169 4181 2334 4235 Cera-

766 4277 884 4337 ttni,
921 4275 1448 4343 Constantinopolim
1505 4290 1534 4326 a
1576 4273 1760 4327 Galata
1818 4273 2222 4334 interSccantis,
2274 4274 2341 4327 de

763 4384 873 4436 quo
906 4369 1111 4421 dictum
1147 4383 1271 4436 cap.
1301 4367 1418 4430 127,
1460 4376 1681 4436 propter
1713 4368 1863 4421 urbis
1917 4368 2182 4421 orientale
2217 4384 2338 4436 par-

765 4462 883 4524 tim,
945 4462 1139 4528 partim
1195 4459 1622 4528 septentrionale
1700 4460 1842 4514 latus
1902 4460 2336 4529 progt'cdiendo,

2435 584 2490 638 in
2517 584 2822 640 obsidionis
2859 567 3066 640 ultimm
3093 587 3350 653 historia,
3389 588 3536 640 velut
3568 588 3678 641 arci
3739 589 4019 656 Augusta-

2432 675 2466 729 li
2506 678 2833 746 prosimam.
2864 677 3028 732 Juxta
3068 688 3278 744 portam
3310 681 3452 733 hanc
3495 690 3574 734 est
3603 679 3747 734 scala
3783 679 4016 750 Syeena,

2433 770 2806 838 trajectusque
2846 770 3115 840 Sycenus,
3174 772 3256 826 vel
3313 771 3523 826 Galatae
3563 787 3806 839 perama,
3873 772 4020 825 sicut

2432 861 2605 917 Graeci
2625 873 2841 918 vocant.
2874 862 2929 916 In
2957 871 3072 918 toto
3096 865 3218 919 sinu
3245 866 3412 918 multa
3443 866 3822 919 navicularum
3847 865 4018 917 tnillia

2433 955 2804 1021 reperiuntur.
2847 967 2900 1011 et
2953 958 3106 1025 plura
3158 958 3379 1026 quidem
3437 959 3695 1026 opinione
3749 972 4020 1026 quorum-

2433 1045 2580 1112 dam,
2612 1061 2772 1114 quatn
2798 1047 3175 1103 Gundularum
3217 1050 3462 1107 Venetiis
3513 1053 3764 1122 :quibus
3826 1055 4024 1119 ingens

2435 1138 2712 1193 hominum
2743 1141 3035 1197 multitudo
3062 1144 3293 1214 singulis
3327 1149 3622 1200 momentis
3653 1153 3809 1200 trans
3837 1145 4020 1198 sinum

2431 1232 2768 1301 Ceratinum,
2825 1246 2880 1290 et
2906 1245 3059 1292 trans
3117 1236 3454 1304 Bosphorum
3488 1237 3556 1291 ab
3616 1237 3750 1290 urbe
3784 1237 4021 1299 vehitur,

2434 1342 2499 1381 ac
2531 1330 2584 1380 in
2618 1328 2803 1382 urbem
2836 1330 3136 1386 revehitur.
3184 1331 3319 1398 Ipsa:
3350 1330 3616 1384 navicula:
3645 1337 3754 1382 tam
3797 1328 4021 1389 Turcis,

2434 1433 2598 1488 quam
2637 1419 2840 1475 Grzecis
2874 1429 2928 1475 et
2957 1410 3100 1495 aliis,
3131 1423 3199 1475 ab
3233 1438 3357 1488 usu,
3383 1437 3545 1492 quem
3581 1421 3635 1475 in
3667 1421 4025 1490 transjicieu-

2435 1510 2504 1565 do
2528 1522 2808 1580 praestant,
2846 1514 3088 1570 Peranna:
3108 1515 3272 1585 vulgo
3298 1514 3678 1570 nominantur.

2509 1603 2759 1659 Secunda
2790 1607 2986 1662 Turcis
3033 1607 3365 1662 Balucbazar
3397 1618 3648 1671 vacatur,
3703 1622 3730 1660 a
3757 1606 3882 1660 foro
3920 1605 4027 1671 pis-

2433 1697 2605 1750 cario.
2635 1697 2830 1764 Graeci,
2859 1699 2987 1754 licet
3020 1701 3192 1754 altera
3223 1700 3465 1756 dictione
3497 1701 3658 1768 vulgo
3692 1714 3844 1754 nunc
3858 1709 4024 1752 utan-

2434 1800 2541 1852 tnr.
2569 1800 2622 1846 et
2649 1790 2910 1846 Pazarion
2942 1791 3059 1848 sive
3093 1793 3280 1847 Pazari
3324 1793 3502 1848 forum
3553 1793 3854 1862 appellent,
3890 1806 4023 1846 voce

2434 1885 2772 1940 Damasceno
2801 1885 3033 1942 Studitae
3064 1885 3359 1942 familiari:
3426 1896 3608 1942 tamen
3646 1887 3872 1940 nomine
3907 1903 4022 1939 ma-

2432 1979 2516 2050 gis
2548 1980 2810 2046 originem
2834 1979 3080 2035 Graecam
3103 1983 3373 2051 sapiente,
3403 1981 3768 2051 ψαροπωλεῐα
3799 1995 4022 2050 quoque

2433 2081 2824 2140 nuncupant,a
2880 2073 3239 2130 distractione
3278 2075 3534 2145 piscium.
3578 2075 3792 2145 Quippe
3838 2075 4016 2144 ψαρία

2435 2164 2610 2233 pisces
2649 2165 2945 2234 appellant.

2506 2255 2690 2312 Tertia
2723 2256 2993 2312 Gemiscle
3026 2257 3207 2325 vulgo,
3231 2258 3705 2329 GyllioGemieapi
3753 2261 4015 2314 nornina-

2433 2357 2544 2412 tur,
2579 2364 2684 2403 non
2719 2358 2864 2404 recte
2897 2357 3101 2406 tamen.
3135 2353 3273 2407 Nam
3339 2351 3547 2408 Gemisi
3586 2353 3804 2416 Schele,
3856 2357 4019 2424 quasi

2434 2441 2582 2495 scala
2619 2441 3040 2506 frnctuum,dici
3075 2444 3332 2499 debebat.
3390 2446 3456 2500 Et
3511 2448 3714 2502 scalam
3773 2447 4019 2502 diximus

2433 2533 2696 2602 appellari
2726 2533 2934 2609 locum,
2968 2535 3060 2589 ubi
3095 2535 3162 2590 de
3191 2537 3430 2607 navigiis
3484 2539 3846 2594 exstenditnr.
3908 2539 4021 2609 Ap.

2434 2625 2646 2694 pellunt
2679 2635 2861 2681 autem
2925 2627 3015 2682 hic
3073 2645 3240 2684 naves
3299 2639 3512 2687 onustm
3566 2632 3743 2686 omnis
3799 2633 4020 2700 generis

2433 2714 2726 2779 fructibus.
2765 2728 2926 2786 prout
2953 2720 3080 2773 anni
3119 2727 3366 2785 tempora
3392 2721 3608 2775 ferunt:
3640 2723 3758 2776 uvis
3784 2722 4021 2788 scilicet,

2434 2809 2637 2878 pomis,
2705 2811 2862 2880 piris,
2898 2812 3035 2873 lit-is.
3067 2813 3240 2877 oriza,
3279 2816 3514 2870 caeteris.
3550 2815 3712 2883 Gyllii
3764 2814 4022 2869 Gemica-

2434 2902 2486 2970 pi
2521 2905 2870 2957 mutatum‘in
2909 2904 3260 2972 Gemisicapi,
3319 2887 3590 2974 signiﬁcat
3622 2919 3835 2974 portam
3868 2909 4021 2961 fruc-

2436 3002 2612 3048 tuum.
2643 2996 2818 3050 Grmci
2851 3013 3068 3067 quoque
3105 2997 3464 3052 Caraviomm
3524 3009 3734 3068 portam
3793 3012 4019 3066 vocant,

2437 3089 2638 3156 quibus
2669 3088 2911 3159 καράσια
2944 3099 3070 3144 sunt
3104 3106 3289 3156 nares,
3341 3093 3609 3145 vocabulo
3658 3090 4020 3146 Basilicorum

2362 3195 2405 3253 ο
2439 3181 2602 3233 etiam
2630 3181 2885 3249 epitomaa
2912 3191 3111 3237 nostra:
3147 3184 3370 3248 usitato,
3405 3186 3707 3252 praesertim
3738 3185 3808 3240 ad
3841 3187 4017 3257 legem

2438 3271 2707 3327 Rhodiam
2743 3273 2809 3325 de
2831 3274 3002 3341 iactu.

2510 3364 2712 3430 Quarta
2756 3363 2951 3421 Turcis
2987 3376 3062 3420 est
3102 3367 3185 3421 vel
3239 3366 3427 3423 Ontun
3461 3370 3656 3438 capisi,
3716 3371 3802 3424 vel
3860 3371 4027 3443 6.78

2440 3458 2641 3511 Outum
2700 3457 2926 3512 schele:
2989 3474 3222 3527 quorum
3280 3461 3411 3516 illttd
3470 3463 3695 3517 denotat
3741 3463 4028 3531 lignorum

2442 3546 2856 3602 s«-alam.Gra3ci
2894 3549 2973 3603 vel
3022 3550 3194 3614 ξύλων
3249 3552 3456 3621 πόρταν
3517 3552 3875 3621 disiunctiva,
3944 3555 4029 3606 vel

2443 3637 2779 3707 ξυλοπόρταν
2806 3639 3115 3709 composite
3162 3651 3377 3696 vocant.
3423 3641 3576 3697 Dicta
3617 3659 3747 3697 vero
3786 3645 3894 3698 fuit
3919 3647 4035 3699 hac

2441 3731 2710 3798 lignorum
2735 3730 2848 3784 sive
2878 3739 3055 3799 porta,
3104 3733 3220 3786 sive
3250 3735 3419 3799 scala,
3468 3750 3577 3787 non
3606 3737 3750 3802 quod
3782 3738 3904 3805 ipsa
3970 3739 4037 3789 sit

2442 3822 2644 3891 lignea,
2675 3839 2837 3891 quam
2872 3823 3098 3892 reliquis
3128 3826 3362 3879 similem
3396 3842 3490 3894 per
3519 3828 3702 3879 omnia
3760 3831 4038 3891 vidimus,

2442 3914 2496 3968 id
2525 3922 2610 3969 est
2637 3915 2926 3982 lapideam,
2968 3917 3060 3969 sed
3088 3917 3232 3985 quod
3265 3918 3371 3970 huc
3397 3919 3609 3989 navigia
3642 3920 3804 3988 lignis
3831 3935 4038 3973 OttUSta

2444 4007 2657 4060 soleant
2693 4005 2991 4074 appellere.
3036 4007 3157 4071 Quo
3190 4008 3348 4061 nobis
3401 4007 3634 4076 ineptior
3668 4010 3843 4063 videri
3878 4011 4045 4067 debet

2447 4099 2715 4166 interpres
2747 4099 2969 4153 Laonici
3003 4099 3266 4164 Gallicus,
3300 4100 3392 4169 qui
3427 4117 3533 4154 non
3594 4102 3757 4155 modo
3792 4116 4043 4169 portam,

2445 4190 2538 4244 sed
2572 4192 2736 4244 etiam
2771 4192 3029 4259 palatium
3072 4193 3310 4260 ligneum
3340 4196 3391 4248 iit
3427 4197 3514 4249 illa
3549 4198 3829 4264 quondam
3893 4213 4046 4250 mar-

2446 4296 2628 4334 morea
2657 4282 3128 4351 Constantinopoli
3155 4287 3356 4353 lingere
3387 4288 3489 4340 fuit
3513 4304 3697 4342 ausus.
3735 4289 4044 4354 Quodnam

2445 4387 2576 4425 vero
2605 4373 2865 4441 palatium
2917 4376 3047 4429 illud
3077 4377 3388 4448 Xylopnrlte
3419 4379 3580 4433 fuerit
3611 4382 3675 4433 de
3731 4397 3852 4450 quo
3905 4384 4047 4437 Lao-

2446 4463 2602 4517 nicus
2635 4466 2876 4534 loquitur
2901 4507 2916 4530 ,
2949 4469 3000 4520 in
3036 4471 3322 4524 undecima
3356 4480 3509 4540 porta
3537 4475 3989 4530 declarabimus.

765 4566 1053 4620 purgemus
1087 4551 1156 4604 ad
1185 4552 1441 4621 angulum
1471 4551 1843 4621 Pentapyrgii,
1877 4552 1969 4619 qui
2025 4560 2172 4605 recta
2218 4567 2342 4605 ver-
2377 4536 2416 4588 υ
2517 4555 2718 4620 Quinta
2775 4557 2973 4613 Turcis
3055 4561 3255 4614 dicitur
3322 4536 3630 4627 linkahani,
3672 4567 3826 4634 quod
3865 4567 4052 4622 Grarri

766 4659 860 4697 sus
890 4643 1205 4711 aquilonem
1249 4653 1480 4711 spectat,
1535 4654 1589 4696 et
1637 4658 1665 4695 a
1711 4659 1819 4711 quo
1875 4644 2012 4697 muri
2067 4653 2342 4712 portaeque

768 4735 1423 4802 terrestresincipientes,
1463 4734 1527 4787 ad
1563 4737 1821 4802 angulum
1863 4750 1920 4788 se
1959 4737 2178 4788 tertium
2218 4752 2340 4803 por-

767 4828 970 4894 rigunt,
1013 4827 1157 4879 areis
1221 4825 1564 4895 Heptapyrgii
1620 4826 1702 4879 vel
1737 4825 2000 4880 lodicula:
2034 4836 2341 4881 structuras

765 4918 1148 4985 complexum:
1185 4917 1326 4970 unde
1356 4933 1545 4972 versus
1600 4919 1859 4987 angulum
1906 4919 2142 4986 primum
2174 4920 2224 4971 in
2259 4918 2344 4973 lit-

770 5021 887 5062 tore
919 5008 1269 5076 Propontidis
1303 5008 1651 5071 reﬂectendo,
1686 5017 1856 5062 totam
1891 5010 2104 5063 scilicet
2152 5010 2337 5064 urbem

767 5100 1204 5163 t-ircutuibimus,
1232 5099 1516 5168 portisque
1547 5102 1664 5154 suis
1702 5101 2065 5154 includemus.

841 5191 931 5241 Est
954 5192 1119 5258 igitur
1150 5191 1324 5258 prima
1371 5190 1672 5244 secundum
1733 5192 1945 5243 radices
1978 5195 2338 5258 promontorii

767 5301 910 5338 ams
946 5286 1232 5338 sultaniua:
1265 5294 1443 5354 porta,
1469 5299 1588 5353 qua:
1621 5283 1825 5338 Graecis
1856 5295 2122 5355 quotquot
2171 5287 2341 5341 rideri

768 5378 1054 5445 peritiores
1086 5377 1294 5439 volunt,
1346 5385 1499 5444 porta
1535 5375 1720 5429 Hortea
1759 5376 1978 5446 (ὡραῖα)
2026 5378 2188 5446 vulgo
2231 5379 2342 5431 Au-

769 5484 875 5522 ram
906 5469 1288 5521 dieilur.lllud
1346 5482 1374 5519 a
1427 5467 1832 5536 pulchritudine
1885 5468 2087 5521 factum
2146 5484 2340 5523 nomen

767 5571 869 5623 est,
907 5561 1007 5612 hoc
1039 5577 1067 5612 a
1095 5561 1230 5614 vicis
1266 5560 1581 5614 etacdiliciis
1609 5560 1986 5625 llebrzeiwnm,
2010 5562 2138 5615 huic
2176 5571 2344 5629 porta:

769 5652 1053 5718 protinus.
1084 5650 1346 5704 Neutrum
1383 5660 1562 5704 tamen
1615 5667 1798 5703 verum
1825 5652 1944 5719 ejus
1976 5660 2060 5704 est
2120 5667 2340 5714 nomen,

768 5758 892 5794 cum
921 5753 1070 5812 porta
1099 5741 1276 5796 Neorti
1309 5744 1378 5796 sit
1408 5741 1758 5810 appellanda:
1791 5742 1937 5810 quod
1969 5743 2092 5797 istic
2115 5745 2343 5810 νεώριον

771 5836 886 5889 sive
915 5837 1103 5891 navale
1133 5835 1404 5905 quondam
1439 5834 1625 5900 fuerit,
1661 5835 1736 5889 uti
1766 5835 1974 5905 Gyllius
2018 5834 2178 5888 etiam
2214 5849 2338 5904 pro-

2447 4645 2697 4698 scribunt
2750 4645 3112 4714 llnkampani.
3165 4651 3358 4705 eadem
3418 4661 3597 4705 tamen
3649 4670 3778 4707 cum
3841 4656 4054 4712 Turcis

2447 4739 2910 4803 pronuntiatione.
2959 4740 3419 4809 Ἀλευροπωλεϊον
3449 4759 3665 4811 quo-pte
3698 4745 3928 4803 Grzrcis
3958 4767 4056 4803 sua

2447 4827 2628 4894 lingua
2663 4840 2904 4895 vocatur,
2938 4833 3080 4901 quod
3125 4834 3198 4887 ibi
3259 4835 3446 4888 larium
3478 4837 3820 4894 vendantur.
3863 4840 4056 4911 Gyllio

2447 4921 2702 4975 scribitur
2731 4922 2979 4991 Umcapi.

2519 5013 2682 5067 Sexta
2710 5017 3022 5069 nominatur
3049 5021 3077 5069 a
3115 5017 3308 5074 Turcis
3342 5019 3569 5073 Tzuhali
3617 5021 3844 5090 Capisi,
3906 5033 4058 5095 quo!

2445 5103 2653 5159 Graecis
2681 5107 2943 5160 scribitur
2976 5107 3258 5176 Tzumpali
3290 5111 3604 5184 capisi,nec
3630 5122 3834 5168 tamen
3866 5119 4057 5182 aliter,

2447 5208 2608 5259 quam
2645 5209 2671 5245 a
2702 5195 2898 5247 Turcis
2929 5198 3247 5250 enuntiatur
3268 5239 3281 5260 ,
3311 5201 3383 5252 ob
3414 5201 3689 5254 difﬁcilem
3732 5203 3892 5271 ipsis
3935 5225 4059 5276 pro-

2447 5284 2704 5338 lationem
2736 5285 2929 5338 littera:
2944 5285 3009 5360 β,
3035 5293 3109 5337 tte
3137 5303 3242 5355 qua
3271 5288 3474 5342 dictum
3506 5291 3687 5356 capiti:
3720 5293 3831 5348 9t.
3877 5296 4062 5369 Gyllio

2448 5378 2753 5445 appellatur
2777 5378 2954 5433 Juhali
2990 5379 3144 5448 Capi,
3185 5381 3563 5436 enuntiatione
3592 5382 3854 5453 Gallica,
3939 5409 4061 5461 qua:

2445 5469 2642 5522 Italica:
2672 5469 2920 5522 Chiubali
2952 5473 3036 5523 vel
3070 5469 3280 5524 Ziubali
3306 5475 3621 5540 rcSpondet,
3643 5478 3834 5534 modo
3875 5487 4062 5539 tt‘ibus

2447 5561 2668 5630 syllabis
2696 5560 2974 5614 eﬂ'eratur.
3001 5562 3117 5629 ipsa
3149 5579 3253 5618 vox
3287 5565 3558 5632 signiﬁcat
3588 5578 3828 5636 portam
3866 5578 4066 5631 vitria.

2445 5653 2604 5704 riam.
2640 5652 2845 5721 Quippe
2869 5653 3103 5709 vidimus
3137 5654 3262 5709 istic
3290 5655 3555 5722 ofﬁcinas,
3614 5659 3667 5712 in
3711 5665 3956 5730 quibus
3992 5670 4066 5720 vi.

2446 5752 2527 5798 tra
2560 5746 2939 5799 conficiuntur.
2981 5745 3103 5799 Fuit
3157 5748 3211 5800 in
3249 5749 3381 5802 urbe
3431 5749 3598 5802 Roma
3667 5764 3871 5814 reteri
3911 5768 4062 5818 vicus

2447 5835 2722 5890 vitriarius
2776 5837 2863 5890 ubi
2895 5838 3104 5892 scilicet
3138 5839 3374 5894 taberna
3429 5840 3832 5904 vitriariorum
3883 5869 4061 5918 eram,
