4198 6426
245 394 353 456 873

1400 393 1804 454 PANDECTE
1846 392 2042 454 HIST.
2077 397 2389 462 TUHCIC.

3389 396 3495 469 8'74

251 518 309 562 ιιι
341 523 403 560 ex
443 507 592 562 urbis
626 508 848 578 antiqua
885 509 1253 579 descriptione
1287 520 1457 581 paret.
1489 512 1637 563 Talis
1661 511 1815 565 vicus
1846 520 1887 573 Α
1922 527 2063 566 nunc
2092 513 2367 571 Machleva
2394 529 2446 574 et
2469 519 2845 584 Chartaricon.
2873 534 2929 577 ut
2970 518 3268 578 indicatum
3304 540 3492 593 supra,

249 598 432 651 adhuc
459 598 931 670 Constantinopoli
957 616 1177 679 quoque
1221 602 1492 670 superest,
1546 603 1702 670 cujus
1738 603 1819 655 in-

247 690 328 743 {ra
360 699 508 743 int-nt
529 706 563 743 ο
587 690 643 743 ﬁt
670 690 721 744 in
746 692 839 745 illo
862 706 1056 761 magno
1085 694 1186 747 sub
1214 684 1522 747 Soleiinanc
1546 694 1819 757 incendio,

245 781 390 851 quod
423 781 615 836 accidit
642 798 787 836 anno
813 783 1128 839 Christiano
1153 786 1308 840 1540.
1339 784 1444 840 Sed
1478 800 1604 840 vero
1639 790 1723 839 est
1745 787 1817 839 si-

248 874 691 937 mile,vittiarias
720 874 966 930 oﬂicinas
996 874 1469 945 Constantinopoli
1502 875 1670 931 fuisse
1691 892 1821 931 con-

247 967 463 1018 stitutas
511 966 580 1019 ob
627 964 1004 1020 incendiorum
1057 976 1258 1021 metum
1304 976 1457 1022 extra
1521 968 1733 1028 urbem.
1766 976 1820 1022 ct

250 1056 352 1108 hoc
377 1056 646 1124 praecipue
664 1056 807 1121 loco,
830 1057 922 1126 qui
947 1058 1016 1113 ad
1041 1058 1219 1112 sinuin
1244 1057 1562 1114 Cel‘atinum
1585 1061 1818 1129 positus,

246 1146 489 1201 abundat
517 1148 673 1216 aquis
696 1148 763 1202 ad
786 1149 1204 1221 exstinguenda,
1222 1152 1268 1205 si
1293 1164 1415 1220 qua:
1443 1150 1577 1206 forte
1605 1150 1814 1206 Oriren~

244 1244 356 1298 tur,
388 1235 658 1293 incendia.

322 1324 562 1394 Septima
596 1337 822 1382 vocatur
850 1327 1017 1399 Hagia
1055 1331 1249 1400 capisi.
1287 1332 1432 1400 quod
1456 1332 1682 1403 hybrida
1726 1349 1819 1386 vo-

245 1429 307 1468 ce
337 1413 735 1471 Turco-Grteca
796 1420 1068 1488 signiﬁcat
1124 1429 1334 1488 portam
1380 1433 1649 1478 sanctam.
1708 1423 1818 1496 Ego

246 1516 429 1559 tamen
457 1510 509 1559 in
533 1522 595 1560 ca
627 1524 747 1561 sum
784 1510 1066 1579 opinione,
1122 1520 1183 1565 ut
1234 1513 1545 1569 existimem
1611 1517 1818 1571 rectius

245 1600 504 1667 appellari
537 1601 697 1665 ἁγίας
751 1603 989 1672 καπισή,
1032 1605 1138 1659 hoc
1170 1614 1273 1669 est,
1317 1616 1526 1674 portam
1589 1617 1813 1674 sanctae,

247 1687 872 1754 videlicetfl‘neodosia‘.
918 1708 936 1745 :
968 1693 1125 1761 cujus
1200 1696 1459 1763 templum
1509 1709 1541 1751 e
1596 1698 1815 1768 regione

250 1787 401 1834 trans
459 1781 639 1835 sinum
698 1782 827 1847 vidi,
884 1794 1041 1841 vetus
1075 1795 1129 1841 et
1176 1787 1443 1857 elegantis
1500 1800 1807 1858 structura,

1925 604 2101 672 capite
2131 608 2253 671 159,
2279 611 2370 680 qui
2390 604 2608 682 quidem
2640 613 2705 669 ad
2732 615 2993 669 Sanctum
3018 614 3341 669 Mamantem
3362 630 3495 684 pon-

1923 697 2320 769 tcjunguntur.
2358 702 2931 773 llagiobaiariotarum
2965 725 3066 763 vox
3094 710 3318 764 denotat
3345 708 3494 762 inco-

1925 789 2002 843 las
2034 795 2259 863 eiuporii
2311 796 2498 852 Saneti
2534 799 2841 858 Mamantis.
2901 802 3172 862 Gaetertim
3226 804 3293 858 ad
3355 804 3495 858 hanc

1923 894 2130 949 portam
2189 884 2544 955 llagiobazari
2600 894 2877 948 secundus
2932 903 3015 954 est
3052 894 3207 951 urbis
3258 897 3495 966 angulus

1922 989 2112 1031 versus
2144 986 2341 1033 terram
2376 982 2770 1050 continentem,
2829 986 2919 1041 tibi
2953 987 3163 1052 scilicet
3217 988 3494 1057 incipiunt

1921 1079 2090 1134 portae
2124 1070 2379 1140 murique
2405 1078 2735 1142 terrestres,
2797 1076 2875 1132 sic
2921 1077 3077 1140 dicti,
3123 1080 3268 1149 quod
3312 1096 3412 1137 nec
3462 1096 3491 1135 a

1919 1158 2040 1211 sinu
2096 1158 2371 1228 Ceratino,
2430 1181 2529 1226 nec
2579 1182 2608 1220 a
2654 1165 2994 1236 Propontide
3047 1170 3343 1237 alluantur,
3389 1173 3485 1227 sed

1919 1265 2110 1306 versus
2137 1243 2424 1310 Thraciam
2458 1260 2692 1326 porrecti
2724 1261 2854 1316 slnt.
2889 1250 3114 1319 Veteres
3147 1264 3236 1320 hie
3263 1268 3490 1321 alteram

1919 1356 2216 1409 posuerunt
2243 1330 2395 1401 urbis
2422 1351 2744 1418 acropolim,
2787 1354 2936 1407 velut
2988 1353 3040 1408 lit
3076 1354 3197 1423 ejus
3225 1355 3489 1411 extremi-

1919 1443 2029 1489 tate
2069 1436 2226 1489 sitam
2255 1438 2519 1505 serunda,
2562 1458 2808 1513 respectu
2862 1449 3070 1518 prima,
3108 1466 3231 1520 quae
3286 1452 3493 1522 Byzan-

1916 1525 1988 1579 tis
2014 1539 2195 1580 arcem
2220 1528 2485 1592 continet,
2519 1540 2577 1586 ut
2611 1543 2894 1590 ostensum
2939 1553 3057 1609 cap.
3109 1543 3231 1597 l59.
3273 1544 3337 1598 Et
3392 1546 3492 1600 ha-

1916 1616 2074 1671 bebat
2104 1618 2191 1672 hic
2211 1620 2443 1697 angulus
2467 1622 2597 1678 olim
2625 1639 2826 1701 arcem.
2852 1629 3051 1685 dictam
3072 1633 3491 1706 Pentepyrgion,

1915 1721 1944 1760 ε
1978 1710 2217 1777 quinque
2249 1704 2512 1798 turribus,
2535 1718 2618 1772 vel
2640 1708 3013 1789 Magnauram,
3043 1729 3126 1781 vel
3181 1704 3289 1798 τῆξ
3341 1704 3492 1795 ξυλο-

1917 1792 2138 1884 κέρκου,
2170 1808 2220 1861 et
2254 1794 2510 1884 palatium
2535 1801 2748 1877 Xyliuaa
2772 1822 2941 1880 portat
2971 1818 3114 1884 apud
3149 1792 3491 1875 Chalcocou—

246 1886 393 1924 nunc
424 1882 821 1934 commutatum
854 1878 906 1932 in
937 1880 1246 1946 messitam,
1279 1896 1401 1950 qua:
1425 1880 1655 1938 Casauis
1691 1883 1813 1940 bas-
1844 1889 1884 1944 B
1913 1878 2113 1961 dylcm,
2148 1895 2304 1963 cujus
2329 1883 2651 1967 interpretes
2702 1878 2900 1961 vitiose
2946 1878 3286 1978 scripserunt
3321 1913 3491 1986 Xyllae

246 1978 319 1986 __
354 1962 553 1986 A:-:._-_
722 1983 870 1986 __-___
922 1984 930 1986 Α
1031 1984 1040 1986 μ
1087 1971 1121 1986 .-
1407 1971 1503 1986 ηπ.
1553 1973 1590 1986 ..
1676 1975 1687 1986 .
1989 1983 1999 1986 _
2048 1981 2078 1986 ,Α

243 1978 321 2017 ste
351 1962 576 2029 dicitur,
620 1974 679 2020 ut
715 1983 880 2038 supra
911 1971 1220 2040 expositum
1248 1986 1366 2042 cap.
1401 1971 1526 2028 l28.
1552 1973 1654 2030 Per
1675 1975 1814 2033 hanc

246 2056 393 2108 enim
437 2066 646 2127 portatu
687 2058 1069 2129 ingrediuntur
1125 2064 1335 2129 urbem,
1388 2064 1481 2134 qui
1536 2079 1567 2117 a
1626 2076 1812 2121 sancta

245 2137 555 2204 Theodosia
589 2152 835 2221 veniunt,
866 2154 958 2210 ubi
989 2153 1296 2225 frequentia
1329 2171 1453 2211 cum
1481 2157 1617 2214 vicis
1644 2159 1811 2215 azdiﬁ-

242 2239 328 2292 cia
364 2250 513 2295 sunt.

316 2330 521 2385 Octava
577 2333 776 2390 dicitur
821 2335 1077 2395 Phanarii
1132 2352 1309 2413 porta,
1359 2352 1447 2403 vel
1490 2347 1811 2420 simpliciter

239 2419 551 2476 Phanarion
575 2440 588 2477 :
614 2424 773 2493 cujus
799 2428 948 2483 vocis
981 2431 1257 2490 notionem
1293 2451 1482 2508 supra,
1523 2419 1626 2496 128
1661 2438 1809 2510 capi-

237 2521 313 2575 te,
339 2513 441 2567 sub
467 2514 648 2580 linem,
684 2520 1045 2577 ostendimus.

313 2600 465 2656 Nona
498 2604 959 2677 Diplophanariou
983 2614 1309 2684 appellatur,
1340 2626 1396 2673 et
1444 2620 1522 2674 uti
1557 2621 1805 2692 geminas

236 2694 294 2760 (τι
324 2696 526 2762 quibus
556 2713 755 2759 nomen
784 2703 1015 2774 accepit)
1049 2714 1253 2774 turres,
1285 2708 1364 2765 sic
1400 2710 1562 2766 etiam
1622 2720 1805 2781 portas

235 2787 376 2840 duas
412 2787 593 2846 habet.

310 2874 529 2933 Decima
559 2881 720 2952 vulgo
748 2884 951 2942 Grmcis
979 2899 1135 2957 porta
1156 2892 1409 2962 Κυνηγοῦ
1440 2893 1556 2951 sive
1579 2893 1801 2967 Kynigi,

234 2966 336 3017 sed
364 2968 560 3022 rectius
580 2980 734 3038 porta
767 2974 1042 3044 Κυνηγίου
1073 2988 1334 3046 vocatur;
1362 2988 1415 3035 et
1439 2966 1721 3052 κυνήγιον
1745 2981 1801 3036 in

236 3058 482 3113 basilicis
500 3061 614 3115 suis
638 3062 809 3117 Graeci
837 3076 1119 3122 verterunt
1141 3084 1262 3124 eum
1295 3071 1479 3129 locum
1506 3072 1677 3140 urbis,
1707 3073 1801 3144 qui

237 3147 500 3202 ltomauis
524 3156 851 3219 temporibus
875 3157 1055 3213 Arena
1078 3160 1395 3217 dicebatur:
1425 3164 1515 3219 ubi
1550 3166 1802 3222 videlicet

233 3239 319 3290 vel
341 3239 584 3296 homines
599 3260 718 3297 cum
737 3244 885 3309 feris,
905 3250 985 3302 vel
1009 3251 1147 3305 inter
1166 3267 1223 3307 se
1240 3252 1367 3309 fera:
1380 3256 1764 3312 committeban
1780 3286 1796 3300 -
1828 3224 1873 3285 Ο

235 3341 346 3383 tur.
384 3331 646 3403 Kynigion
683 3340 749 3389 ad
786 3337 1118 3397 Vlacheruas
1148 3344 1406 3412 refertur,
1458 3348 1609 3403 locus
1648 3350 1799 3405 scili-

230 3434 320 3476 cet
359 3424 649 3492 depressus
690 3441 742 3482 et
782 3444 1082 3496 concavus,
1127 3434 1216 3488 ubi
1250 3436 1621 3503 patriarcbion
1683 3450 1801 3495 erat

232 3523 369 3560 uicae
396 3514 847 3580 peregrinationis
878 3527 1145 3586 tempore,
1176 3523 1319 3589 quod
1358 3522 1461 3575 hoc
1486 3536 1630 3577 anno
1663 3524 1799 3581 l587

230 3601 468 3666 pecunia
501 3603 729 3658 redemit
759 3622 786 3657 a
818 3604 1021 3662 Graacis
1089 3612 1346 3665 sultanus
1407 3612 1649 3671 Murates
1711 3614 1798 3681 Ill,

230 3693 292 3742 ut
357 3692 481 3747 istic
538 3696 839 3760 messitam,
902 3700 988 3753 sui
1070 3703 1310 3757 nominis
1362 3717 1799 3775 monumentum,

227 3784 453 3835 condat.
516 3783 569 3837 Id
630 3786 895 3843 hactenus
960 3806 1103 3860 saepe
1165 3801 1461 3860 tentatum,
1522 3800 1803 3869 impedivit

228 3870 825 3943 Tut'corumMuphtis,
881 3879 972 3946 qui
1026 3881 1222 3935 debere
1277 3882 1541 3938 Muratem
1597 3888 1803 3942 diceret

228 3965 384 4031 prius
418 3981 477 4017 cx
513 3968 714 4033 ereptis
774 3971 972 4023 scacho
1034 3984 1301 4028 terrarum
1355 3978 1518 4031 terris
1588 3994 1803 4036 annuos

229 4056 468 4108 inessitte
494 4060 767 4112 struendze
794 4062 1001 4115 reditus
1034 4068 1390 4122 constituere.
1449 4069 1652 4126 Graecis
1685 4072 1802 4125 rui-

228 4161 424 4200 uosuni
504 4149 847 4204 Constantini
905 4155 1161 4223 palatium
1223 4160 1463 4214 vicissin
1526 4165 1800 4220 concessit

225 4239 610 4293 mdiﬁcaudum
654 4242 707 4294 in
737 4258 894 4297 usum
927 4255 1034 4299 tant
1068 4250 1406 4317 patriarchii,
1436 4268 1600 4324 quam
1634 4260 1804 4327 patri-

229 4332 467 4387 arcbaiis
502 4333 764 4403 ecclesiae,
816 4337 883 4393 de
942 4355 1049 4409 quo
1101 4357 1226 4397 mox
1284 4345 1487 4416 aliquid
1542 4350 1805 4406 indicabi-

226 4440 374 4478 IIIUS.

303 4512 603 4572 Undecima
636 4523 948 4579 nominatur
979 4528 1255 4586 veteribus
1293 4530 1648 4604 Xylokerkos,
1674 4552 1805 4593 cau-

222 4624 284 4660 sa
325 4610 483 4676 paulo
513 4621 635 4679 post
660 4618 1002 4683 exponenda,
1034 4634 1175 4674 nune
1206 4632 1388 4676 autem
1450 4625 1803 4697 llagiohazari

221 4708 405 4767 porta,
444 4716 538 4767 per
572 4718 733 4771 quam
761 4707 967 4760 scilicet
1034 4710 1415 4780 ingrediuntur
1465 4718 1652 4772 urbem
1702 4718 1807 4773 lla-

220 4793 629 4859 giubazariotze,
657 4803 809 4851 trans
857 4799 1036 4853 sinum
1094 4804 1424 4872 habitantes,
1489 4826 1519 4863 e
1584 4816 1806 4881 regione

220 4883 391 4951 hujus
407 4896 595 4954 portae.
617 4887 823 4943 Nomen
842 4890 1195 4961 Hagiobamri
1215 4899 1481 4967 signiﬁcat
1504 4904 1585 4958 vel
1602 4907 1802 4969 sancti,

218 4976 305 5029 vel
336 4990 581 5031 sanctum
604 4983 997 5049 emporium.Et
1014 4992 1240 5056 emporil
1269 5008 1396 5046 voce
1420 4993 1655 5065 Symeon
1674 5015 1807 5065 qum

214 5083 331 5137 que
352 5068 603 5139 Magister
629 5088 748 5127 cum
778 5078 900 5132 aliis
938 5081 1141 5136 στερείς
1163 5086 1331 5138 utitur
1350 5097 1449 5155 pro
1472 5090 1633 5141 nullis
1654 5091 1799 5143 clau-

213 5175 287 5215 so
320 5164 508 5230 portis,
533 5176 625 5219 aut
644 5169 805 5224 nullis
822 5174 1001 5227 cincto
1025 5176 1194 5230 muris
1209 5178 1484 5247 oppidulo.
1508 5177 1690 5234 Saneti
1710 5186 1805 5250 po-'

214 5256 335 5308 tius
369 5254 674 5311 existimem
710 5259 996 5318 dicendum
1042 5268 1801 5342 emporium,utintelligatnr

206 5348 525 5414 etuporium
551 5353 724 5405 sancti
756 5354 1071 5422 Mamantis,
1135 5362 1282 5428 quod
1337 5364 1466 5417 oliui
1521 5377 1797 5421 monaste-

210 5438 365 5490 rium
429 5440 661 5511 insigne,
723 5447 988 5513 palatium
1043 5456 1331 5522 augustale
1382 5457 1795 5511 celeberrimum

206 5531 270 5583 in
306 5532 578 5599 liiStoriis,
610 5548 827 5604 pontem
856 5541 1091 5611 denique
1143 5561 1252 5600 non
1282 5548 1463 5602 minus
1531 5548 1793 5614 nobilem,

203 5622 405 5676 Sancti
465 5624 754 5685 Mamanlis
811 5636 1141 5701 appellatum
1207 5638 1418 5694 habuit.
1494 5639 1590 5695 llic
1646 5641 1790 5694 enim

204 5712 507 5771 tﬁ'undunt
562 5734 682 5775 sese
742 5723 793 5774 in
860 5736 1162 5782 extremum
1228 5729 1538 5786 Ceratinmu
1607 5734 1788 5789 sinunt

205 5807 462 5862 celebres
490 5810 560 5861 illi
592 5812 788 5879 priscis
834 5814 1033 5871 ﬂuviali
1093 5818 1340 5889 Cydarus
1374 5832 1449 5895 et
1498 5825 1787 5897 Barbyses,

500 5904 766 5967 Ριτιιῡι..
800 5910 890 5969 Gn
952 5906 1163 5974 CLIX.

1917 1981 2202 2051 palatium,
2237 2000 2286 2043 et
2318 1989 2476 2060 pejus
2508 1991 2846 2064 interpretati
2886 2011 3014 2053 sunt
3069 2001 3330 2072 ligneum.
3366 1981 3489 2062 llaec

1913 2087 2094 2158 autem
2122 2081 2344 2135 nomina
2384 2081 2701 2153 frequenter
2734 2089 2789 2143 in
2842 2091 3093 2150 historiis
3146 2096 3486 2172 Graecorum,

1913 2150 2161 2235 Zonarar,
2198 2171 2444 2238 Cedrini,
2477 2150 2737 2245 aliorum,
2797 2195 3117 2242 occurrunt.
3147 2258 3152 2265 .
3184 2168 3489 2255 Explicatio

1910 2261 2177 2331 prolixior
2232 2265 2457 2322 alterius
2515 2267 2621 2323 loci
2675 2271 2859 2328 fuerit.
2921 2279 3078 2346 Apud
3142 2261 3487 2341 Lenitardum

1911 2354 2380 2425 archiepiscopum
2410 2358 2701 2419 Chiensem
2731 2366 2986 2438 leguntur
3035 2374 3088 2431 in
3115 2378 3368 2444 epistola,
3421 2384 3489 2437 de

1911 2454 2065 2515 capta
2103 2445 2602 2522 Constantinopoli,
2630 2462 2811 2513 turres
2846 2461 3157 2521 Aveniatles
3210 2485 3224 2521 :
3261 2470 3329 2524 de
3359 2477 3487 2543 qui-

1909 2536 2399 2609 businterrogatus
2422 2557 2452 2597 a
2485 2558 2571 2599 me
2600 2540 2946 2619 Zygomalas,
2985 2571 3235 2624 quamam
3269 2564 3485 2619 scilicet

1908 2625 2112 2695 essent,
2143 2633 2532 2702 respondebat,
2565 2637 2737 2711 479
2764 2644 3023 2702 dicendas
3063 2665 3185 2706 esse
3207 2667 3315 2708 non
3352 2656 3489 2710 Ave-

1908 2721 2123 2789 niadas,
2159 2726 2251 2780 sed
2285 2736 2464 2785 turres
2496 2731 2815 2800 Anemanis,
2854 2739 3015 2808 cujus
3039 2750 3121 2797 est
3146 2744 3196 2797 in
3237 2746 3482 2803 historiis

1907 2811 2221 2870 Graecorum
2285 2820 2493 2875 mentio
2552 2823 2867 2895 :planeque
2923 2831 3159 2899 volebat,
3217 2836 3313 2891 has
3367 2840 3487 2896 illas

1905 2918 2026 2960 esse
2052 2908 2295 2976 quinque
2334 2920 2545 2976 turres,
2579 2915 2632 2968 in
2672 2917 2838 2972 altera
2876 2921 3028 2978 urbis
3060 2930 3322 2995 acropoli,
3346 2948 3488 3000 quas
3584 2952 3587 2955 ·

1905 2994 2145 3053 diximus
2172 2999 2508 3073 Pentcpyrgii
2575 3021 2771 3062 nomen
2808 3010 3026 3069 habere.
3072 3015 3125 3071 Id
3161 2994 3341 3075 autem
3368 2994 3484 3078 've-

1905 3103 2027 3142 rum
2066 3104 2209 3156 esse,
2242 3095 2325 3148 vel
2379 3110 2449 3149 ex
2496 3097 2595 3152 hoc
2658 3099 3000 3171 intelligitur,
3041 3110 3185 3176 quod
3231 3112 3487 3171 Citiensis

1906 3184 2150 3238 turribus
2180 3186 2428 3256 adjungit
2510 3189 2896 3262 XyIOportam,
2947 3216 3067 3269 qua:
3100 3218 3130 3258 a
3187 3207 3481 3279 XyIOporta

1905 3275 2071 3347 priori
2151 3278 2391 3343 diversa,
2454 3284 2730 3341 veteribus
2780 3289 3108 3361 ξυλόκερκος
3190 3275 3344 3356 dicta
3382 3303 3483 3357 fuit

1909 3375 2191 3434 propterea
2221 3369 2366 3438 quod
2399 3373 2637 3429 artiﬁces
2685 3391 2804 3431 eam
2857 3391 3153 3449 struentes,
3205 3406 3395 3460 magna
3428 3396 3480 3447 in

1908 3452 2262 3535 fundamento
2294 3475 2445 3528 aqum
2487 3478 2699 3534 reperta
2758 3473 2936 3538 copia,
2998 3476 3167 3545 tignis
3232 3452 3481 3550 plurimis

1906 3557 1969 3597 ac
2000 3546 2134 3611 palis
2180 3534 2231 3602 in
2262 3564 2401 3617 aqua
2458 3555 2651 3610 deﬁxis
2689 3534 2897 3627 lapides
2925 3534 3261 3635 rinje'cerintr,
3317 3583 3479 3644 atque

1907 3632 1979 3686 ita
2006 3635 2222 3691 demum
2249 3634 2461 3695 aediﬁcii
2500 3642 2909 3706 fundamentum
2937 3632 3150 3711 ﬁrmum
3177 3632 3481 3731 eﬁbcerint,

1908 3734 1965 3778 ut
1997 3736 2081 3781 est
2114 3727 2169 3782 in
2207 3730 2345 3785 libro
2370 3734 2447 3788 De
2476 3739 2712 3808 wdiﬁciis
2753 3744 2919 3799 urbis.
2954 3746 3065 3803 Nec
3114 3751 3211 3807 abs
3242 3770 3297 3809 re
3361 3727 3484 3827 quis

1906 3816 2102 3872 dixerit
2131 3821 2302 3876 videri
2338 3829 2597 3892 palatium
2624 3832 2937 3905 Xyloporta:
3000 3845 3182 3909 potius
3231 3816 3481 3905 scriben-

1907 3907 2035 3962 dum
2065 3904 2353 3981 Xylokcaki
2388 3918 2650 3985 palatium
2680 3904 2692 3979 ξ
2721 3904 3014 3997 scriptoris
3037 3933 3261 3990 librario
3294 3956 3481 3995 vocem

1908 4002 2281 4059 obscuriorem
2307 3996 2465 4075 banc,
2491 4027 2616 4069 cum
2654 3996 2855 4082 notiori
2887 4021 3203 4095 Xyloporta:
3233 4045 3481 4088 cominu-

1908 4099 2078 4147 tante.

1979 4182 2310 4243 Duodecimn
2346 4190 2544 4250 Turcis
2580 4209 2663 4253 est
2696 4199 2816 4271 Egri
2850 4207 2993 4275 capi,
3059 4224 3178 4278 quae
3211 4227 3310 4265 ro:
3344 4216 3482 4268 obli-

1907 4290 2068 4345 quam
2102 4285 2313 4349 portam
2340 4286 2632 4356 signiﬁcat.
2679 4295 2741 4345 Et
2771 4313 2961 4364 reapse
3020 4304 3099 4356 sic
3140 4314 3480 4361 exstructam

1907 4364 2189 4451 vidimus,
2217 4387 2273 4429 ut
2316 4377 2369 4431 in
2420 4395 2538 4434 eam
2578 4399 2686 4439 non
2718 4387 2955 4455 directo,
3001 4396 3094 4447 scil
3151 4412 3215 4450 ex
3251 4399 3479 4469 obliquo

1909 4471 2091 4525 pateat
2127 4464 2335 4521 aditus.
2392 4469 2662 4527 Leonardi
2713 4476 2966 4533 Chicnsis
2996 4484 3249 4551 cpistola,
3314 4464 3476 4558 quam

1838 4571 1881 4624 υ
1909 4554 2171 4621 diximus,
2201 4559 2535 4629 Caligaream
2589 4579 2769 4634 vocat,
2824 4571 2999 4625 Grasci
3034 4554 3472 4646 Caligariorum.

1914 4636 2005 4700 Sic
2032 4649 2216 4702 autem
2243 4667 2273 4705 a
2300 4652 2591 4723 Caligariis
2618 4658 2734 4713 sive
2766 4664 3050 4719 sutoribus
3075 4676 3159 4722 est
3183 4672 3473 4739 appellata,

1909 4740 2001 4806 qui
2034 4743 2407 4808 calceamenta
2444 4746 2673 4816 faciunt,
2716 4767 2743 4805 a
2788 4753 2983 4812 Turcis
3034 4761 3309 4816 nominata
3343 4763 3475 4819 Pas-

1909 4833 2207 4901 sumaggia.
2247 4833 2390 4890 Inter
2420 4840 2559 4893 hanc
2604 4852 2659 4896 et
2692 4846 2941 4912 proxime
2995 4862 3315 4919 sequentem
3352 4872 3475 4925 por-

1908 4930 2017 4974 tam
2046 4924 2209 5005 situm
2243 4936 2327 4981 est
2357 4928 2421 4981 ad
2452 4931 2599 4999 ipsos
2647 4951 2855 5003 muros,
2884 4940 2995 4994 alto
3016 4942 3186 5010 'loco,
3205 4924 3465 5015 palatium

1907 5022 2057 5065 vetus
2087 5003 2567 5088 Blachernianum,
2595 5027 2743 5092 quod
2782 5027 3129 5085 Constantini
3156 5003 3270 5100 jam
3311 5039 3473 5106 vulgo

1905 5114 2117 5166 vocant,
2162 5106 2250 5160 ubi
2297 5110 2550 5165 solebant
2596 5114 2873 5183 elephanti
2904 5120 3172 5178 hactenus
3206 5124 3305 5181 ali.
3356 5127 3473 5183 lloe

1898 5194 2008 5261 jam
2045 5200 2321 5264 praeterito
2362 5217 2509 5256 anno
2542 5204 2785 5264 Muratcs
2818 5212 2883 5265 lll
2911 5212 3120 5268 Graecis
3151 5216 3270 5271 loco
3306 5223 3472 5285 patri-

1900 5282 2070 5340 archii
2102 5293 2398 5367 concessit,
2444 5302 2504 5348 ut
2537 5299 2703 5365 paulo
2738 5313 2867 5357 ante
2906 5304 3167 5363 diximus.
3195 5308 3466 5365 Caeterum

1899 5379 2168 5446 reperitur
2196 5380 2249 5435 in
2280 5381 2488 5442 Graecis
2509 5388 2752 5473 historiis
2785 5395 2946 5463 hujus
2977 5410 3150 5465 portae
3168 5402 3466 5473 Caligario-

1897 5482 2014 5519 rum
2036 5484 2230 5524 nomen
2258 5475 2558 5544 antiquius,
2595 5466 2755 5535 Porta
2793 5485 3030 5555 Καρσεα,
3064 5494 3178 5547 sive
3202 5466 3464 5564 obliqua:

1898 5562 2043 5631 quod
2070 5564 2417 5634 interpretati
2442 5569 2607 5627 Turci
2638 5575 2894 5633 videntur
2913 5595 3007 5649 per
3034 5582 3157 5652 Egri
3188 5562 3343 5654 capi.
3364 5582 3464 5641 Ur-

1897 5654 1977 5708 bis
2008 5664 2187 5710 tamen
2241 5661 2596 5718 aediﬁciorum
2623 5667 2762 5722 liber
2788 5670 3029 5727 Charsiae
3049 5686 3261 5742 portam
3291 5679 3464 5732 voluit

1891 5748 2089 5801 dictam
2151 5752 2218 5804 ab
2282 5765 2506 5809 auctore
2563 5760 2644 5813 vel
2705 5762 2987 5817 conditore
3050 5766 3302 5831 Charsia,
3366 5770 3462 5837 qui

1895 5837 2103 5891 utentis
2139 5840 2321 5897 colore
2362 5844 2564 5902 Veneto
2590 5846 2844 5906 factionis
2874 5850 3057 5907 fuerit.
3097 5854 3232 5909 Nam
3270 5856 3462 5919 (aetio-

2981 5945 3059 6007 ‘28
