4198 6426
258 398 358 463 817

255 528 354 564 ceu
382 511 617 565 Leonem
653 519 879 577 parvum
899 513 953 560 et
989 503 1330 573 Stephanum
1365 513 1616 570 parvum.
1652 500 1825 555 Scal;e
1862 518 1898 568 Α

255 601 576 670 nnmcnjam
604 609 729 653 ante
758 598 1122 651 declaratum.
1695 653 1699 655 _

328 692 599 746 Vicesima
657 691 828 759 prima
885 686 1344 758 Catergolimenis
1398 694 1554 755 porta
1617 701 1827 770 nuncu-

254 795 437 854 patur,
480 801 511 839 a
555 793 717 854 porttt
757 781 1086 847 triremium,
1126 795 1247 850 qua:
1278 780 1435 849 vulgo
1467 789 1596 834 sunt
1621 779 1826 833 Graecis

254 879 536 947 Κάτεργα,
585 878 733 931 sicut
791 881 846 929 et
907 872 1255 941 Κατεργάδες
1306 886 1454 925 nunc
1481 871 1826 942 appellantur

251 968 548 1031 classiarii,
582 967 666 1020 νιιι
695 966 916 1019 navales
942 964 1078 1019 socii
1111 963 1439 1018 triremium.

328 1055 598 1109 V'ieesima
620 1056 866 1107 secunda
900 1053 1062 1122 vulgo
1094 1068 1243 1107 nunc
1271 1052 1479 1107 Graecis
1510 1062 1594 1107 est
1651 1054 1827 1121 πόρτα

248 1150 369 1209 ταῖς
396 1148 679 1216 ἀρκούδες,
706 1146 759 1200 id
784 1155 892 1210 est,
918 1146 1002 1202 vel
1033 1162 1313 1211 ursaruni,
1336 1148 1419 1201 vel
1442 1148 1650 1212 ursina,
1684 1146 1825 1200 Tur-

248 1237 333 1289 cis
367 1237 678 1290 Tschatlati
708 1237 886 1305 capsi,
926 1252 955 1290 a
999 1239 1335 1291 mactatione
1366 1236 1655 1305 pecudum.
1686 1235 1829 1290 Sunt

248 1332 344 1396 qui
402 1344 593 1382 novam
647 1329 849 1386 littoris
902 1340 1114 1400 portam
1183 1332 1497 1383 nominaut.
1560 1330 1823 1397 Equidem

252 1421 582 1475 crediderim
634 1436 757 1475 esse
806 1416 1111 1493 antiquam.
1176 1421 1487 1476 {Edilicium
1530 1422 1824 1478 rotundum

250 1524 406 1567 extra
444 1528 634 1568 muros
696 1515 751 1568 in
786 1516 905 1583 ipso
947 1516 1083 1569 mari
1144 1516 1387 1570 vicinum
1428 1532 1494 1571 ac
1526 1527 1686 1572 vetus
1722 1518 1822 1570 ha-

249 1604 363 1669 bet,
393 1606 635 1674 undique
658 1606 1065 1671 circutuﬂuum,
1103 1608 1209 1661 nisi
1230 1623 1333 1675 qua
1359 1616 1519 1662 terra:
1542 1608 1824 1678 jungitur;

251 1697 305 1747 in
346 1712 456 1765 quo
525 1706 860 1762 mactantur,
921 1700 1279 1755 cxcoriautur
1325 1708 1381 1754 et
1430 1709 1826 1756 exenterantur

249 1788 527 1855 pecudes:
573 1789 815 1857 itemque
857 1789 1128 1845 feneStras
1162 1790 1324 1845 habet
1352 1793 1465 1845 haec
1494 1801 1647 1860 porta
1683 1806 1827 1844 mar-

1407 380 1553 448 PAN
1570 348 1811 449 necis
1846 382 2049 450 msr.
2089 376 2395 450 rUncrc.

3400 391 3505 456 878

2005 499 2185 553 Prima
2218 506 2445 554 vocatur
2483 498 2807 569 ξυλόκερκος
2840 499 2907 552 oh
2939 499 3059 570 ejus
3080 497 3499 558 fundamentum

1931 594 2127 648 deﬁxis
2158 594 2211 648 in
2238 595 2345 648 imo
2380 593 2517 662 palis
2548 592 2775 647 factum.
2809 592 2963 648 Nunc
2994 592 3349 664 iiagiobazari
3377 614 3502 666 por-

1933 700 2041 741 tam
2078 690 2185 741 dici
2219 692 2556 743 notavimus.

2004 780 2191 835 Altera
2215 781 2484 850 Charsitie,
2509 784 2601 852 qui
2624 783 2833 839 scilicet
2859 787 2908 839 ei
2928 788 3231 845 condendae
3261 791 3501 860 praefuit.

1896 938 1903 948 ί
1932 869 2123 926 Turcis
2155 882 2239 927 est
2270 873 2395 943 ΕεΓί
2424 875 2569 943 capi,
2599 876 2715 930 sive
2738 888 2894 945 porta
2940 879 3186 950 obliqua.

1917 994 1921 1001 ι
2001 963 2186 1017 Tertia
2250 966 2606 1037 πολύανδρδς,
2644 957 3073 1026 εὺἾιοιιιὶηυηι
3137 975 3491 1034 multitudine

1930 1056 2094 1110 dicta.
2128 1056 2341 1128 Quippe
2380 1060 2638 1114 traditum
2689 1062 2741 1114 in
2772 1061 3017 1118 historiis
3063 1066 3322 1136 legimus,
3355 1082 3410 1125 et
3448 1073 3501 1125 in

1933 1147 2035 1201 hoc
2067 1149 2183 1218 ipso
2223 1152 2287 1204 de
2317 1151 2565 1208 azdiliciis
2599 1153 2751 1209 urbis
2779 1154 2941 1219 libro,
2985 1156 3361 1216 Theodosium
3399 1165 3504 1218 mi-

1935 1255 2122 1295 norem
2157 1243 2459 1313 Augustum
2482 1256 2639 1301 terra:
2673 1259 2821 1302 motu
2846 1250 3117 1320 collapsos
3141 1254 3293 1309 urbis
3322 1272 3505 1313 muros

1933 1343 2220 1388 terrestres
2253 1352 2481 1391 curasse
2528 1354 2622 1407 per
2658 1336 2859 1410 Cyrum
2892 1344 3207 1413 praefectum
3232 1349 3502 1404 urbanum

1932 1425 2231 1481 instaurari
2264 1446 2277 1483 :
2309 1428 2469 1500 481
2511 1432 2667 1501 cujus
2700 1436 2917 1502 quidem
2946 1452 3005 1491 ea
3040 1438 3206 1495 fuerit
3235 1441 3287 1494 in
3344 1459 3427 1512 opt
3451 1462 3507 1498 re

1932 1522 2258 1575 maturandi;
2290 1535 2340 1577 et
2375 1527 2618 1592 urgendo
2652 1530 2934 1594 sedulitas,
2970 1541 3026 1585 ut
3054 1534 3194 1587 intra
3230 1541 3507 1606 seXagesi-

1932 1625 2078 1664 mum
2112 1610 2259 1665 diem
2301 1615 2612 1670 absolutum
2643 1618 2829 1673 fuerit.
2863 1618 2977 1676 iloc
3010 1634 3191 1681 autem
3227 1628 3282 1679 in
3317 1644 3505 1696 opere,

1929 1716 2053 1754 cum
2081 1717 2186 1756 una
2222 1704 2405 1772 p0puli
2432 1721 2558 1775 pars
2588 1708 2656 1763 ab
2690 1713 2889 1780 angulo
2922 1713 3384 1787 Pt-nlepyrgiano,
3419 1723 3502 1775 al-

1931 1798 2047 1845 tera
2090 1807 2219 1846 vero
2256 1795 2323 1847 ab
2359 1798 2558 1864 angulo
2593 1800 2821 1857 adverso
2846 1803 3286 1877 lleptapyrgiano
3318 1829 3504 1870 muros

252 1894 469 1934 moreas
502 1896 532 1933 a
568 1880 757 1945 latere,
792 1883 1078 1951 cujusdam
1106 1884 1321 1938 aedilicii
1350 1886 1431 1939 vel
1456 1884 1644 1954 palatii
1680 1896 1824 1938 vete-
1858 1877 1897 1931 Β
1927 1883 2164 1938 condere
2198 1889 2456 1957 cmpissct
2488 1909 2500 1944 :
2534 1891 2598 1946 ad
2653 1892 2795 1949 hanc
2858 1888 3077 1952 demmn
3123 1914 3333 1970 portam
3377 1923 3505 1975 pars

250 1974 354 2036 ris,
389 1974 532 2042 quod
568 1974 702 2043 ipsis
757 1979 933 2031 muris
964 1976 1192 2030 urbanis
1253 1976 1539 2031 incumbit.
1596 1978 1695 2032 llic
1728 1978 1825 2031 ali-

247 2066 474 2135 quando
501 2082 639 2135 pene
684 2069 1035 2137 naufragium
1088 2070 1287 2124 fecisse
1356 2070 1636 2137 recordor,
1693 2085 1820 2125 cum

248 2158 420 2211 animi
441 2162 613 2228 gratia
638 2159 870 2215 Wolfius
891 2162 1209 2232 Unguadius
1226 2164 1365 2217 Baro
1385 2162 1823 2227 Sonncccianus,

246 2261 304 2298 et
345 2248 707 2321 llierOnymtis
752 2253 1087 2318 Arconatus,
1149 2262 1208 2307 et
1246 2267 1371 2322 ego,
1430 2254 1673 2307 saraiutn
1713 2255 1825 2306 sul-

246 2342 523 2408 taurinum,
564 2359 594 2398 e
630 2346 885 2399 Ceratino
939 2349 1060 2400 sinu
1107 2346 1357 2415 profecti,
1406 2348 1549 2401 coelo
1588 2348 1822 2414 primum

244 2448 447 2487 sereno
501 2440 747 2505 marique
783 2439 1019 2505 placido,
1064 2440 1669 2508 eireumnavigaremus
1721 2458 1733 2491 :
1772 2448 1825 2492 et

245 2526 443 2577 oborta
473 2527 655 2583 subito
693 2539 1039 2598 tempestate,
1084 2546 1192 2587 non
1245 2532 1369 2587 sine
1420 2532 1664 2601 periculo
1713 2534 1821 2588 huc

246 2618 624 2687 rejicercmur.

324 2709 596 2765 Vicesima
626 2713 785 2768 tertia
812 2726 865 2768 et
892 2714 1081 2768 ultima
1122 2722 1277 2784 porta
1314 2716 1582 2769 vocabulo
1629 2717 1821 2771 Turci-

242 2819 313 2857 co
345 2804 661 2859 nominatur
697 2807 881 2860 Achur
912 2807 1111 2875 capisi,
1143 2809 1290 2877 quod
1334 2808 1563 2863 Achurii
1603 2818 1816 2878 portam

242 2892 540 2961 significat.
570 2897 871 2951 Achurium
907 2914 1036 2953 vero
1072 2899 1265 2952 Turcis
1293 2907 1376 2953 est
1406 2900 1691 2954 editicium
1718 2911 1816 2954 ca-

245 2999 377 3054 pax,
405 3001 586 3041 aream
619 2989 827 3042 habens
854 2990 908 3041 iit
930 2989 1132 3051 medio.
1162 2991 1469 3058 cujusmodi
1492 2994 1667 3046 solent
1692 3006 1818 3047 esse

247 3077 473 3130 stabula
502 3093 601 3146 pro
631 3080 797 3146 regiis
835 3079 1015 3147 equis.
1049 3078 1115 3133 Et
1143 3081 1385 3135 arbitror
1411 3097 1536 3137 esse
1568 3081 1815 3137 Grecam

242 3169 460 3236 origine
512 3183 725 3233 vocem,
754 3178 1071 3240 usucaptam
1107 3185 1136 3223 a
1165 3170 1380 3226 Turcis.
1416 3171 1631 3226 Etenim
1668 3176 1809 3244 ἀχυ-

246 3262 399 3325 ρεῐον
432 3269 632 3314 vocant
691 3259 863 3314 Graeci
925 3262 1226 3326 stabulum,
1260 3278 1293 3316 a
1340 3266 1669 3332 reponendis
1702 3268 1813 3321 sci-

246 3350 378 3401 licet
404 3349 597 3416 paleis.
650 3348 744 3403 Sic
778 3350 920 3403 emir
946 3351 1137 3405 Achur
1170 3352 1373 3407 stabuli
1412 3354 1704 3422 pmfectus
1729 3367 1815 3413 cst

246 3436 305 3487 in
330 3437 455 3490 aula
480 3438 779 3503 sultauina,
802 3440 951 3493 velut
1005 3442 1186 3511 capite
1216 3443 1280 3497 14
1324 3444 1590 3502 diximus.
1626 3448 1814 3521 Itaque

244 3543 535 3599 propterea
569 3547 767 3585 nomen
799 3532 902 3587 hoc
926 3534 1015 3588 isti
1050 3544 1221 3604 porta:
1269 3536 1480 3603 datum,
1510 3541 1658 3610 quod
1719 3558 1815 3612 per

238 3638 368 3687 eam
398 3624 581 3678 saraio
633 3626 912 3681 sultanino
937 3631 1274 3698 contiguam,
1311 3632 1638 3688 invehantur
1684 3649 1806 3688 om.

240 3715 337 3768 nia
377 3717 639 3774 curandis
672 3730 726 3773 et
766 3721 1058 3789 pascendis
1118 3722 1279 3791 equis
1318 3738 1381 3776 ac
1406 3722 1670 3791 jumentis
1692 3726 1806 3779 sul-

240 3812 360 3862 tani
398 3813 733 3878 necessaria,
791 3823 1062 3883 quotquot
1091 3814 1234 3867 intra
1298 3814 1541 3869 saraium
1599 3815 1810 3871 scilicet

240 3905 490 3957 aluntur.
545 3906 630 3958 Ab
688 3906 792 3960 hac
835 3906 1026 3961 ultima
1087 3914 1267 3974 porta,
1321 3906 1489 3960 sai-aii
1545 3907 1808 3965 sultanini

240 4010 440 4051 murus
470 3997 633 4051 trium
659 3999 711 4053 in
744 4000 952 4053 ambitu
980 3999 1301 4053 milliarium
1335 3998 1651 4054 Gt‘tecorum
1675 4001 1810 4055 inci-

240 4086 349 4153 pit,
380 4086 536 4155 juxta
591 4103 752 4157 quem
791 4090 859 4141 ab
914 4090 1280 4144 alterosaraii
1344 4091 1512 4148 latere
1576 4095 1807 4163 primam

238 4192 463 4247 quoque
519 4187 731 4249 portam
788 4180 939 4235 urbis
1014 4181 1442 4238 collocavimus.
1501 4183 1613 4241 Nec
1664 4188 1808 4241 inter

236 4270 467 4323 Achurii
516 4280 728 4339 portam
774 4280 828 4325 et
884 4269 1130 4327 llorream
1184 4274 1334 4329 illam
1392 4274 1623 4343 primam
1695 4280 1806 4332 ulla

234 4360 515 4428 reperitur
543 4361 672 4426 alia,
698 4375 861 4430 quam
899 4376 1005 4430 qua
1044 4371 1259 4417 secreto
1280 4362 1381 4417 soli
1427 4365 1649 4419 sultano
1678 4365 1807 4421 licet

234 4467 267 4505 e
302 4451 653 4521 saraiiseptis
681 4452 747 4507 ad
779 4454 1035 4524 angulum
1066 4452 1255 4509 Sancti
1282 4454 1535 4509 Demetrii
1564 4458 1803 4525 prodire,

1932 1986 2160 2044 utraque
2198 1980 2313 2032 suis
2370 1980 2632 2049 perfectis
2674 1989 2855 2055 Open's
2895 1992 3169 2056 convenit,
3221 2010 3396 2066 caque
3436 2001 3504 2055 de

1928 2080 2093 2120 causa
2127 2081 2282 2137 porta
2312 2072 2642 2144 πολύανδρος
2684 2078 2953 2146 appellata
3010 2083 3137 2148 fuit,
3194 2088 3264 2141 ab
3323 2090 3501 2145 homi-

1930 2174 2057 2211 num
2094 2162 2469 2231 multitudine,
2491 2167 2583 2235 qui
2614 2176 2740 2221 tunc
2770 2170 2898 2225 istic
2922 2187 3320 2233 convenerunt.
3348 2180 3503 2239 Nunc

1932 2247 2506 2323 IladriaHOpolitanam
2544 2261 2725 2314 vocnri
2762 2263 3021 2322 diximus.
3058 2267 3124 2321 Et
3164 2283 3244 2325 eet
3286 2274 3429 2330 illius
3461 2279 3505 2330 is

1932 2343 2172 2408 proiecto
2209 2347 2366 2414 situs,
2392 2359 2451 2403 ut
2486 2352 2723 2406 medium
2772 2356 2823 2409 in
2862 2372 3017 2412 muro
3046 2365 3287 2418 terrestri
3324 2367 3498 2423 locum

1933 2444 2188 2504 occupet,
2250 2440 2302 2493 id
2338 2443 2481 2509 quod
2516 2445 2769 2513 equidem
2832 2446 3120 2519 diligenter
3189 2457 3498 2515 observavi.

1926 2525 2059 2580 Nam
2093 2545 2216 2583 cum
2246 2533 2315 2585 ab
2346 2538 2590 2604 acropoli
2618 2539 3076 2611 Pentcpyrgiana,
3143 2560 3365 2618 prepter
3390 2553 3501 2608 fos-

1927 2632 2017 2671 sas
2049 2623 2185 2674 muri
2212 2627 2514 2692 terrestris,
2544 2630 2608 2683 ad
2636 2634 2893 2701 angulum
2947 2637 3028 2689 vel
3063 2644 3359 2710 acropolim
3388 2647 3498 2702 lle-

1928 2710 2338 2778 ptapyrgianam
2361 2716 2525 2799 ituro,
2556 2734 2783 2775 necesse
2803 2722 2875 2776 sit
2896 2727 3057 2780 unius
3084 2730 3229 2786 hora:
3252 2738 3493 2803 spatium

1929 2800 2279 2866 impendere:
2317 2812 2659 2865 tantumdem
2720 2821 2984 2886 temporis
3018 2800 3379 2900 Pentepyrpio
3413 2850 3497 2888 re-

1924 2893 2162 2961 quiritur
2209 2898 2273 2952 ad
2309 2908 2521 2968 portam
2557 2904 3158 2983 lladrlanopolitanam,
3193 2893 3487 2989 quantum

1924 2985 1991 3083 ab
2008 2988 2198 3083 eadem
2235 2992 2301 3046 ad
2334 3003 2544 3061 portam
2574 2996 2943 3073 licptapyrgio
2976 2985 3303 3075 proximam.
3336 3016 3490 3083 Apud

1923 3075 2272 3138 Leonardum
2305 3085 2598 3143 Chiensem
2642 3095 2914 3161 reperitur
2944 3093 3048 3153 hac
3075 3100 3192 3171 ipsa
3246 3103 3297 3157 in
3337 3075 3492 3162 urbis

1924 3186 1987 3227 ac
2013 3187 2292 3268 murorum
2348 3189 2504 3251 parte
2532 3181 2688 3240 locus
2718 3186 2926 3249 arduus
2961 3191 3044 3261 (ut
3078 3197 3335 3268 appellat)
3395 3201 3492 3256 illi-

1922 3265 2143 3320 liandri.
2183 3267 2304 3323 Non
2358 3273 2486 3327 alibi
2548 3287 2758 3345 quaarat
2802 3280 2948 3338 hunc
2983 3265 3176 3355 lector,
3203 3265 3367 3360 quam
3425 3299 3490 3349 ad

1919 3366 2127 3425 portam
2182 3360 2755 3435 HadrianOpolitanam
2786 3372 2868 3427 vel
2915 3375 3269 3449 πολύανδρον,
3306 3399 3494 3440 corre-

1918 3455 2006 3501 οιο
2037 3456 2216 3505 tamen
2280 3456 2432 3522 prius
2467 3457 2548 3511 vel
2603 3462 3001 3543 enuntiationis
3064 3470 3146 3523 vel
3200 3474 3489 3543 scripturze

1919 3538 2071 3593 vitio.
2115 3538 2247 3594 Nam
2272 3558 2370 3613 pro
2388 3544 2678 3602 Miliandro
2718 3542 2968 3617 equidem
3020 3557 3242 3614 minime
3303 3538 3494 3618 dubito

1920 3632 2293 3697 reponendum
2330 3636 2678 3707 μυρίανδρον,
2701 3641 2848 3710 quod
2880 3644 3022 3719 idem
3051 3657 3137 3703 est
3167 3663 3290 3703 cum
3325 3654 3490 3707 πολυ-

1916 3720 2129 3792 άνδρῳε
2162 3724 2278 3779 sive
2312 3728 2449 3781 adeo
2499 3744 2595 3798 per
2628 3731 2901 3789 inscitiam
2937 3739 3079 3807 vulgi
3112 3738 3315 3798 factum
3344 3745 3485 3804 luis-

1915 3828 1973 3867 se
2032 3815 2276 3870 dicamus
2336 3818 2665 3877 Bliliandron
2724 3838 2788 3879 ex
2840 3828 3175 3898 Myriandro.
3240 3836 3357 3891 sive
3395 3854 3488 3905 per

1917 3904 2264 3961 oscitantiam
2323 3912 2610 3983 scriptoris
2672 3916 2878 3973 librarii
2916 3933 3236 3993 corruptum
3284 3904 3482 3985 nomen

1914 3994 2313 4056 existimemus.

1982 4089 2185 4156 Quarta
2219 4095 2540 4162 Κατωγαῑα,
2582 4098 2697 4153 sive
2743 4102 3128 4169 subterranea,
3185 4108 3341 4178 cujus
3396 4124 3479 4166 ta-

1914 4197 2033 4235 men
2078 4184 2317 4240 nominis
2370 4189 2510 4242 ratio
2541 4190 2690 4243 nulla
2734 4191 2998 4248 redditur.
3024 4196 3338 4267 Respondet
3366 4204 3476 4274 jam

1912 4270 2198 4341 Topcapisi
2252 4275 2332 4329 vel
2397 4275 2792 4335 bombardariae
2852 4291 3041 4352 portte,
3085 4270 3381 4357 quondam
3418 4296 3474 4348 S.

1912 4360 2159 4418 Romani.

1980 4454 2180 4522 Quinta
2231 4456 2436 4512 Graecis
2486 4459 2711 4528 πέμπτη
2782 4462 2949 4518 fuisse
2996 4466 3140 4524 dicta
3199 4486 3477 4540 narratur,

235 4544 459 4611 quoties
498 4544 546 4597 ei
570 4544 652 4598 sic
680 4544 857 4598 visum
892 4552 996 4600 est.
1034 4544 1115 4599 Ac
1138 4544 1279 4601 solet
1308 4546 1415 4603 hoc
1449 4548 1632 4604 facere
1666 4554 1802 4607 inut-
1843 4553 1884 4617 υ
1908 4546 2051 4616 quod
2082 4562 2312 4603 numero
2368 4551 2558 4619 quinta
2622 4552 2827 4609 scilicet
2888 4558 3031 4613 inter
3092 4574 3277 4630 portas
3326 4585 3472 4625 esset

238 4636 427 4697 toties,
473 4650 596 4688 cum
628 4636 910 4706 eleganter
955 4645 1206 4693 ornatam
1242 4645 1569 4695 marmoreis
1593 4643 1801 4697 colum-

235 4731 327 4780 nis
361 4727 757 4780 domunculam
797 4727 997 4783 ibidem
1019 4727 1235 4789 habeat,
1272 4727 1418 4784 intra
1471 4746 1633 4799 quam
1668 4734 1804 4789 velis

228 4818 533 4874 obductam
561 4820 783 4883 sedetis,
826 4828 935 4872 tam
965 4834 995 4874 e
1041 4820 1167 4875 sinu
1208 4820 1489 4888 Geratino,
1519 4839 1685 4894 quam
1720 4842 1803 4879 sc-

231 4907 422 4962 cnndo
456 4906 683 4977 Bospori
716 4907 862 4963 ﬂuxu
909 4909 962 4962 in
1014 4906 1404 4978 Propontidem
1443 4916 1797 4981 praternavi-

230 5013 431 5072 gantes
460 5005 661 5059 Intueri
720 5020 846 5060 cum
880 5004 1164 5076 voluptate
1194 5014 1394 5075 potest,
1426 5007 1543 5076 ipse
1565 5022 1802 5081 conspe-

226 5103 361 5148 ctus
385 5108 415 5147 a
440 5095 679 5151 nemine.

310 5183 419 5240 Sed
444 5186 591 5242 enim
621 5194 773 5249 ante,
826 5199 990 5257 quam
1024 5186 1165 5242 hanc
1189 5196 1470 5255 portarum
1510 5204 1800 5247 enumera-

228 5278 449 5331 tionem
478 5278 822 5341 claudamus,
866 5279 1002 5334 libet
1033 5293 1101 5334 ex
1136 5280 1377 5350 allegato
1406 5282 1608 5351 sapius
1635 5283 1798 5349 libro,

227 5371 303 5423 de
336 5368 581 5425 aediliciis
619 5369 790 5435 urbis,
822 5371 1016 5425 ordine
1051 5386 1341 5427 recensere
1374 5380 1586 5428 veteres
1610 5385 1799 5443 portas

232 5459 390 5514 urbis
431 5470 745 5523 terrestres,
777 5476 898 5530 quae
948 5463 1059 5516 illic
1093 5464 1223 5517 sola:
1262 5464 1549 5534 leguntur;
1587 5469 1799 5522 caeteris

230 5556 303 5605 ad
326 5551 507 5605 sinum
530 5550 845 5607 Ceratinum
899 5552 1396 5624 Pr0pontidemque
1448 5556 1571 5611 sitis
1628 5558 1798 5611 silen-

233 5646 316 5696 tio
384 5643 712 5711 prteteritis.
769 5644 1090 5700 Reeitantur
1149 5656 1330 5701 autem
1389 5647 1656 5701 duntaxat
1717 5652 1799 5705 hae

223 5739 511 5804 quinque,
571 5747 789 5808 sumpto
842 5739 913 5795 ab
960 5742 1303 5797 extremitate
1361 5742 1794 5814 Pentepyrgiana

223 5839 408 5882 ιιιιιιο.

1910 4645 2227 4695 terrestres.
2271 4638 2414 4696 Olim
2446 4643 2684 4699 Auream
2740 4657 2955 4716 portam
3010 4668 3294 4725 vocavere,
3331 4678 3476 4719 nunc

1914 4730 2283 4801 Silyvrianam
2344 4736 2610 4806 appellari
2668 4740 3030 4798 ostendimus.
3088 4746 3240 4810 Quod
3293 4764 3474 4809 aut-im

1908 4821 2042 4876 Geni
2080 4826 2198 4893 capi
2257 4826 2373 4880 sive
2424 4842 2560 4881 nova
2613 4842 2765 4898 porta
2816 4848 2923 4886 non
2990 4849 3473 4909 commemoratur,

1910 4916 2053 4970 inter
2093 4927 2278 4983 portas
2307 4916 2364 4971 S.
2401 4915 2633 4973 Romani
2683 4932 2739 4975 et
2774 4937 2991 4979 auream
3027 4928 3151 4995 sita,
3182 4948 3470 5004 prepterca

1907 5009 1989 5071 lit,
2029 5010 2174 5076 quod
2210 5009 2357 5063 nulla
2413 5018 2542 5064 tunc
2591 5013 2774 5075 fuerit,
2820 5020 3215 5085 posterioribus
3259 5030 3467 5084 εοὶιὶςιι

1904 5106 2184 5152 exstructa
2212 5099 2571 5168 temporibus,
2606 5113 2664 5156 ut
2707 5104 2884 5174 ipsum
2906 5125 3123 5177 quouue
3158 5131 3356 5172 nomen
3390 5122 3475 5174 in-

1906 5191 2044 5246 nuft.
3000 5244 3003 5245 ,

1978 5283 2158 5339 Habes
2207 5284 2344 5353 jam,
2378 5285 2612 5359 benigne
2664 5289 2854 5356 lector,
2900 5294 3167 5365 insignem
3200 5314 3310 5355 non
3344 5320 3472 5373 por.

1905 5383 2082 5429 tarum
2107 5376 2371 5432 duntaxat
2396 5379 2548 5435 urbis
2574 5380 3017 5450 explicationem,
3083 5407 3268 5446 verum
3302 5397 3463 5449 etiam

1904 5470 2195 5522 multarum
2250 5480 2514 5539 prmterea
2573 5484 2755 5527 rerqu
2824 5476 3274 5548 declarationem,
3349 5505 3468 5555 qua:

1904 5560 2036 5613 mihi
2068 5559 2290 5628 quidem
2334 5562 2626 5630 aliquando
2656 5563 2874 5621 Graecas
2916 5580 2969 5623 ct
2999 5569 3259 5629 Turcicas
3295 5578 3467 5632 Iuste.

1900 5654 2013 5705 rias
2058 5652 2326 5706 lectitanti
2384 5654 2514 5707 visa:
2574 5654 2726 5710 fuere
2771 5658 3021 5715 difﬁciles
3069 5662 3350 5721 intellectu
3405 5686 3467 5724 ac

1904 5746 2267 5813 perobscura.
2326 5744 2443 5801 Tibi
2471 5762 2625 5813 sane,
2679 5754 2904 5807 remotis
2958 5770 3063 5809 non
3125 5760 3314 5825 paucis
3355 5763 3467 5830 jam

1903 5837 2059 5906 quasi
2092 5838 2342 5905 salebris,
2379 5839 2482 5895 iter
2509 5840 2652 5895 idem
2706 5843 3046 5914 ingressum,
3078 5852 3260 5907 minus
3293 5854 3468 5922 plera—
