4198 6426
235 376 314 437 881
1350 374 1742 435 PANDECTE
1787 376 1789 380 ⁴

1882 374 1991 431 ST.
2036 373 2329 433 TURCIC.

3330 367 3436 430 88:7.

236 466 659 535 sillinud-procul
686 485 712 521 a
743 468 931 531 Prusa,
984 470 1061 522 vel
1099 468 1271 523 Nicma
1307 472 1487 538 potius
1512 469 1765 536 Neapolis
1798 482 1839 535 Α
1873 464 2612 521 ratuAchmctisiilioluvius
2636 460 3438 518 exercitum'Selimishabuisse

236 558 328 611 sive
344 557 731 621 Genischeher,
754 560 817 615 de
839 577 943 630 qua
970 562 1245 631 superius,
1277 576 1395 631 cap.
1420 560 1486 613 17
1511 570 1559 613 et
1585 561 1654 613 2‘5
1685 559 1765 612 di-

235 647 469 701 ctum.Ea
495 657 678 704 tamen
708 652 896 720 procul
942 653 1237 707 admodum
1283 654 1500 707 distata
1544 652 1766 721 Neapoli

236 740 574 796 Caramaniee.
611 742 719 797 Nec
756 743 938 809 video,
989 762 1097 815 quo
1122 747 1297 815 possit
1322 760 1442 802 esse
1465 746 1586 801 loco
1622 755 1768 801 tanta

237 830 486 897 planities.
515 847 579 888 ac
603 840 878 889 tantorum
902 838 1238 892 exercituum
1266 853 1460 907 capax,
1484 838 1538 892 in
1569 837 1770 892 vicinia

234 920 303 973 vel
352 921 555 990 Prusae,
615 925 699 981 vel
760 926 974 993 Nicaeae,
1039 930 1124 984 vel
1178 929 1600 986 Geniseheheris
1661 934 1773 987 sive

234 1010 529 1080 Neapoleos,
564 1016 693 1071 huic
725 1020 1021 1087 proxima;
1059 1036 1180 1075 cum
1228 1019 1352 1075 istic
1394 1029 1652 1090 perpetua
1691 1021 1774 1075 vel

229 1103 337 1171 juga
364 1107 490 1170 sint,
526 1109 606 1162 vel
647 1109 771 1165 clivi
805 1113 996 1167 saltem
1053 1115 1253 1170 montis
1290 1112 1531 1185 Olympi.
1572 1114 1772 1179 Taceo,

231 1198 459 1262 Superius
514 1199 805 1269 aliquoties
863 1204 916 1257 in
972 1205 1264 1260 annalibus
1310 1206 1462 1260 hisce
1527 1205 1775 1275 reperiri,

231 1288 546 1345 Caramaniae
597 1292 766 1361 bcgos
800 1310 919 1349 cum
950 1297 1267 1353 Osmanidis
1314 1298 1453 1352 bella
1504 1309 1775 1367 gerentes,

231 1378 271 1430 si
305 1379 543 1436 hostibus
598 1383 843 1451 impares,
882 1401 941 1440 se
986 1390 1257 1454 viderent,
1293 1388 1343 1441 in
1379 1396 1663 1442 montuosa
1697 1403 1778 1442 re-

230 1469 392 1535 gionis
442 1488 554 1527 suae
606 1475 721 1528 loca
787 1491 845 1529 se
898 1479 1199 1547 recepisse;
1243 1494 1363 1547 qua:
1423 1477 1637 1544 quidem
1676 1477 1781 1529 illa:

233 1561 348 1627 ipsa:
372 1562 596 1619 latebrae
643 1574 793 1632 sunt,
829 1568 881 1621 in
909 1585 1045 1639 quas
1074 1583 1140 1625 se
1167 1586 1291 1625 cum
1332 1569 1506 1624 milite
1537 1584 1638 1624 suo
1671 1570 1781 1623 sul-

233 1660 379 1707 tanus
426 1654 738 1721 Achmetes,
794 1659 982 1714 Selimi
1034 1660 1188 1714 fratri
1221 1661 1391 1729 copiis
1434 1661 1629 1729 impar,
1691 1660 1782 1713 ab-

231 1740 385 1804 didit;
420 1751 476 1796 et
506 1745 698 1812 quales
754 1747 807 1801 in
878 1749 1079 1803 vicinia
1128 1749 1313 1804 Prusae
1366 1750 1547 1804 nullas
1582 1748 1781 1803 habere

1873 560 2036 613 tradit
2086 558 2364 612 hominum
2413 556 2653 611 ducenta
2716 554 2905 620 millia,
2944 552 3111 621 duplo
3180 550 3439 618 majorem

1874 665 2160 704 numerum
2192 649 2400 702 faciunt
2431 647 2681 701 annales.
2714 645 2861 700 idem
2895 651 3056 698 vocat
3082 642 3321 697 lsmailis
3336 640 3419 710 pri

1873 743 2104 795 marium
2136 742 2327 799 ducem
2378 740 2703 808 Ustaoglim,
2761 738 2856 806 qui
2902 734 3110 791 nostris
3157 732 3442 787 annalibus

1874 836 2129 905 Ustagelu
2161 837 2289 907 ogli,
2331 835 2415 891 vel
2474 832 2735 889 Ustazelu
2765 831 2898 899 ogli,
2959 828 3168 885 rectius
3223 826 3445 895 quidem

1873 928 2016 983 haud
2049 930 2229 993 dubie,
2264 927 2599 983 nominatur.
2662 925 2719 980 id
2784 924 2957 978 filium
3012 918 3317 991 Vstagelvis
3370 918 3448 972 si-

1876 1020 2116 1089 gnificat.
2141 1020 2276 1087 Quis
2310 1026 2488 1073 autem
2520 1017 2685 1071 fuerit
2717 1016 2808 1071 hic
2838 1014 3178 1082 Ustagelves,
3215 1026 3321 1064 non
3351 1025 3449 1063 ex-

1878 1113 2138 1181 primitur
2190 1113 2243 1167 in
2286 1111 2599 1168 annalibus.
2631 1108 2823 1164 Jovius
2858 1106 3049 1162 statim
3084 1114 3207 1173 post
3229 1100 3446 1170 exposi-

1880 1212 1991 1258 tum
2027 1206 2272 1273 przelium
2308 1202 2526 1258 Selimls
2555 1211 2749 1256 contra
2782 1198 2997 1260 Persas,
3038 1206 3091 1251 et
3120 1203 3446 1262 occupatum

1880 1294 2214 1358 Taurisium,
2253 1295 2630 1348 narrationem
2669 1290 2796 1345 belli
2827 1288 3133 1343 Turcornm
3184 1284 3449 1338 adversus

1880 1387 2255 1456 Costagelvem
2298 1386 2673 1440 Aladuliorum
2707 1380 3007 1452 principem
3036 1377 3448 1445 sulijicit.idem

1884 1480 2081 1533 bellum
2116 1476 2280 1531 Turci
2311 1492 2531 1546 quoque
2582 1492 2706 1529 tuox
2756 1484 2969 1541 gestum
3032 1469 3299 1531 referunt,
3358 1468 3450 1519 sed

1881 1570 2140 1624 adversus
2170 1567 2482 1623 Aladeulem
2524 1564 2834 1635 Dulgadiris
2902 1560 3200 1631 provincia:
3238 1558 3448 1611 ducem.

1885 1660 2162 1731 Ergojam
2199 1658 2657 1713 animadvertisse
2688 1656 2960 1719 videmur,
3019 1652 3180 1721 hujus
3252 1651 3451 1716 Dulga-

1884 1751 2121 1807 direusis
2159 1750 2400 1820 regionis
2431 1748 2708 1819 principes
2730 1746 2989 1802 habuisse
3061 1758 3265 1798 nomen
3324 1743 3451 1796 Ala—

228 1832 498 1897 νοιιιῑεερι.
539 1833 776 1906 Ideoque
798 1854 903 1893 non
931 1841 1028 1895 abs
1058 1856 1118 1895 re
1147 1841 1351 1895 dicitur
1395 1841 1683 1895 Achmetes
1713 1840 1779 1895 ab
1807 1826 1854 1886 Β
1882 1844 2053 1898 deulis
2086 1845 2139 1897 in
2201 1856 2422 1911 genere,
2469 1840 2629 1908 cujus
2687 1853 2850 1906 supra
2885 1837 3028 1891 facta
3072 1836 3276 1889 mentio
3330 1848 3450 1899 cap.

228 1922 375 1978 initio
423 1926 572 1991 belli,
620 1937 944 1987 transeunte
974 1948 1098 1987 cum
1147 1935 1320 2004 cepiis
1379 1935 1431 1987 iu
1474 1933 1656 1988 Asiam
1683 1933 1777 1987 Sc-

225 2013 361 2079 lime,
386 2017 549 2073 veluti
586 2020 753 2077 fratre
802 2024 1034 2079 debilior
1080 2024 1146 2081 ad
1176 2026 1442 2079 Arahicos
1474 2023 1778 2094 profugisse

225 2104 569 2173 limites,'hoc
600 2102 707 2176 est,
762 2113 815 2169 in
858 2114 1273 2182 Caramaniam;
1318 2118 1461 2186 unde
1513 2131 1777 2184 nusquam

224 2196 481 2255 hactenus
515 2204 788 2271 prodiisse
850 2206 1068 2278 legitur,
1126 2208 1407 2276 multoque
1444 2208 1621 2261 minus
1648 2221 1781 2274 prae-

222 2290 355 2343 senti
386 2305 508 2345 cum
557 2294 873 2353 discrimine
915 2315 1097 2353 rerum
1138 2316 1362 2355 suarum
1394 2300 1443 2352 in
1478 2298 1778 2367 Bithyniam

223 2379 372 2434 fratri
404 2384 676 2440 subditam
708 2403 768 2443 se
794 2392 1114 2447 contulisse.
1153 2392 1437 2454 Filiorum,
1476 2405 1609 2459 quos
1643 2389 1779 2442 duos

223 2470 438 2539 reliquit
483 2477 829 2544 superstites,
867 2479 1130 2537 Moralem
1176 2491 1229 2537 et
1267 2481 1572 2543 Aladluem,
1608 2478 1661 2532 in
1695 2477 1779 2532 his

225 2564 439 2627 quidem
465 2568 759 2625 annalibus
778 2571 923 2625 nulla
950 2579 1130 2629 exstat
1164 2573 1367 2627 mentio
1394 2590 1406 2637 ;
1428 2572 1519 2627 sed
1545 2570 1614 2625 ab
1636 2568 1780 2633 aliis,

223 2657 515 2722 praesertim
540 2657 854 2725 Menavino,
892 2671 1033 2719 teste
1070 2665 1311 2727 oculato,
1352 2675 1782 2719 commemoran-

218 2754 331 2800 tur.
362 2747 644 2805 Aladinem
688 2753 932 2808 evasisse
976 2754 1123 2824 fuga,
1170 2766 1358 2809 narrat
1388 2752 1609 2819 Jovius;
1640 2762 1693 2807 et
1729 2753 1782 2807 in

218 2836 437 2901 itinere,
470 2855 577 2908 quo
598 2856 657 2896 se
679 2842 999 2900 conferebat
1021 2846 1087 2899 ad
1118 2845 1335 2916 Egypti
1369 2845 1645 2915 Syriaeque
1674 2845 1784 2899 sul-

220 2939 431 2992 tanum,
460 2928 695 2983 amicum
721 2940 1037 3000 paternum,
1089 2933 1226 2987 febri
1279 2938 1627 2989 exstinctum.
1666 2934 1784 2988 Mu-

217 3029 390 3075 ratem
418 3036 545 3077 vero
574 3022 815 3078 referunt
841 3039 1032 3080 omnes
1062 3025 1126 3079 ad
1156 3024 1429 3079 lsmailem
1462 3024 1783 3093 Sophinum,

218 3113 480 3167 scachum
532 3112 846 3179 Persarum,
910 3131 969 3172 se
1018 3116 1330 3186 recepisse,
1386 3118 1479 3185 qui
1520 3117 1681 3170 filiam
1734 3116 1781 3170 ei

215 3217 378 3257 suam
402 3203 611 3260 dederit
658 3221 913 3263 uxorem.
956 3206 1168 3278 Quippe
1213 3216 1431 3265 constat
1483 3218 1780 3277 utrumque

214 3294 524 3363 principem
555 3303 669 3350 tam
700 3297 948 3354 Achmeti
1003 3298 1167 3367 patri.
1219 3314 1382 3367 quam
1412 3299 1557 3363 (illis,
1594 3299 1783 3352 adver-

213 3401 311 3441 sus
334 3386 590 3443 Selimem
632 3387 867 3454 favisse;
910 3390 1053 3459 quod
1103 3404 1223 3446 esse
1256 3391 1361 3445 sibi
1391 3391 1782 3458 propemodum

214 3487 346 3533 ante
375 3478 525 3535 fores
554 3491 846 3536 cernerent
886 3481 1293 3537 formidabilem
1350 3483 1494 3536 illam
1536 3481 1785 3537 Osmani-

211 3570 417 3625 darum
443 3573 763 3640 potentiam,
794 3588 956 3643 quam
988 3575 1143 3630 bellis
1174 3572 1420 3629 civilibus
1454 3573 1785 3628 debilitatam

212 3664 543 3732 cupiebant,
581 3678 649 3717 ne
694 3679 819 3719 cum
877 3666 1164 3734 utriusque
1219 3664 1547 3719 detrimento
1580 3664 1787 3733 longius

211 3764 492 3824 serperet;
522 3757 596 3810 uti
625 3770 756 3811 sane
787 3771 913 3811 mox
959 3758 1029 3810 ab
1063 3756 1216 3811 hisce
1265 3756 1507 3811 metilius
1542 3757 1788 3812 sultanos

212 3849 511 3919 Egyptios
544 3863 668 3901 eum
712 3847 1031 3904 Mamelucis
1080 3849 1193 3903 suis
1241 3848 1308 3902 ad
1358 3849 1787 3905 internecionem

208 3939 448 4002 delevit,
502 3938 778 4008 Sophinos
829 3947 940 3991 tum
990 3938 1225 4007 primum
1284 3945 1506 3993 exortos
1551 3939 1791 4008 graviter

206 4029 448 4093 afﬂixit;
510 4030 721 4083 tametsi
773 4030 905 4083 nihil
960 4029 1231 4083 hactenus
1281 4029 1334 4083 in
1393 4029 1518 4093 hos,
1592 4045 1791 4086 arcano

202 4120 457 4191 quodam
522 4121 617 4174 Dei
660 4121 894 4189 judicio,
952 4120 1182 4174 summis
1241 4119 1365 4173 licet
1421 4121 1504 4175 usi
1557 4121 1789 4182 viribus.

200 4209 441 4263 eﬁicere
497 4210 774 4278 potuerint
821 4208 1154 4271 Osmanidze,
1214 4211 1361 4278 quod
1402 4225 1553 4277 spem
1585 4211 1665 4265 eis
1697 4226 1793 4280 op-

202 4300 492 4369 primendi
526 4300 675 4368 regni
709 4301 913 4355 Persici
945 4310 1152 4355 certam
1178 4302 1421 4371 prabere
1446 4312 1630 4370 queat.
1665 4303 1793 4358 Ideo

200 4392 413 4458 majori
467 4392 690 4460 dignum
755 4392 1143 4456 admiratione,
1204 4396 1351 4463 quod
1406 4394 1792 4451 insolentiores

1897 1935 2026 1999 165,
2061 1934 2155 1989 sed
2185 1933 2412 2004 singulis
2448 1942 2626 1987 tamen
2663 1938 2927 2001 praeterea
2981 1927 3253 1997 peculiare
3284 1926 3452 1996 quod-

1885 2028 2008 2083 dam
2037 2027 2212 2083 fuisse
2254 2042 2451 2082 nomen
2488 2044 2503 2093 ;
2552 2025 2801 2091 adeoque
2846 2022 3120 2079 devictum
3184 2020 3330 2075 hunc
3389 2016 3454 2069 ab

1880 2119 2123 2173 exercitu
2158 2119 2377 2175 Selimis
2431 2117 2777 2173 Ustazelvem
2815 2115 2985 2169 fuisse
3010 2109 3453 2176 vocatum,cujus

1884 2210 2026 2265 illius
2066 2210 2228 2266 fuerit
2279 2208 2671 2279 Ustazeluogli,
2700 2220 2991 2276 supremus
3026 2203 3151 2259 belli
3183 2202 3289 2256 dux
3314 2199 3451 2268 apud

1882 2299 2160 2352 lsmailem
2236 2298 2560 2368 Sephinum,
2620 2298 2712 2367 qui
2768 2293 3085 2354 Zalderanis
3140 2292 3193 2346 in
3246 2289 3454 2358 campis

1886 2389 2163 2443 occubuit.
2197 2390 2335 2443 Hine
2368 2390 2533 2459 igitur
2559 2388 2935 2445 emendandus
2994 2385 3207 2447 Joviusi
3239 2390 3295 2435 ει
3356 2396 3453 2451 Ρτο

1888 2477 2131 2550 Ustaogli
2200 2482 2571 2550 reponendum
2636 2479 2886 2535 Ustaleiu
2919 2477 3070 2547 ogli:
3124 2487 3455 2541 rursumque

1884 2586 1984 2640 pro
2049 2570 2364 2641 Costagelu,
2463 2570 2789 2626 seribendus
2862 2564 3138 2636 Ustagelu.
3196 2561 3455 2617 Planities

1884 2662 2147 2717 Zalderan
2186 2663 2387 2733 legitur
2422 2664 2475 2717 in
2507 2661 2817 2727 annalibus,
2850 2660 2945 2730 qui
2975 2657 3133 2714 Jovio
3160 2664 3455 2711 suntcam-

1886 2755 1937 2823 pi
1969 2754 2283 2809 Calderani.
2306 2752 2457 2810 Situs
2486 2754 2683 2809 horum
2715 2767 2780 2807 ex
2831 2766 2897 2807 eo
2932 2748 3254 2819 percipitur,
3309 2744 3455 2815 quod

1885 2845 2213 2903 dimicatum
2233 2847 2401 2902 tradit
2432 2845 2578 2901 idem
2609 2859 2721 2901 non
2762 2842 2948 2914 procul
2992 2856 3021 2896 a
3053 2839 3276 2895 civitate
3293 2837 3455 2899 Choi,

1886 2954 2004 3008 quae
2061 2938 2259 3008 priscis
2311 2939 2572 2995 Artaxata
2635 2936 2803 2992 fuerit
2881 2934 3051 2990 dicta.
3112 2928 3456 2997 Malcnzoglis

1887 3032 2005 3086 sive
2058 3030 2391 3086 Malcozides
2420 3030 2595 3100 prior,
2627 3026 2827 3083 Turcis
2874 3036 2957 3082 est
3003 3024 3155 3079 Thur
3208 3022 3289 3075 Ali
3332 3024 3456 3089 bcg,

1887 3122 2045 3178 Jovio
2062 3115 2409 3189 Thuraheus,
2433 3121 2699 3176 vocabulo
2730 3120 2858 3175 hinc
2887 3119 3071 3173 itidem
3087 3116 3413 3186 corrigendo
3442 3130 3455 3167 :

1892 3215 2029 3267 alter
2048 3215 2339 3280 Mahomet,
2364 3227 2527 3283 quem
2563 3211 2788 3267 annales
2811 3225 2921 3265 non
2943 3208 3255 3264 nominant.
3288 3204 3455 3259 Turei

1886 3305 2087 3358 vulnus
2156 3304 2421 3359 inﬂictttm
2473 3302 2647 3358 fuisse
2701 3300 2899 3356 scacho
2934 3298 3209 3353 tradunta
3270 3296 3460 3350 Maleo.

1889 3395 2251 3461 zide,.lovius
2282 3396 2394 3449 ictu
2445 3391 2888 3464 scl0petilasum
2946 3390 3023 3443 ait
3065 3387 3172 3443 sth
3228 3387 3458 3441 humero

1888 3490 2247 3551 sinistro.non
2280 3485 2523 3554 graviter
2583 3490 2794 3547 tamen,
2826 3490 2881 3536 et
2949 3480 3163 3536 incerto
3208 3477 3458 3531 vulneris

1888 3587 2127 3630 auctore.
2169 3573 2311 3629 Orda
2340 3572 2539 3630 Turcis
2593 3578 2679 3627 est
2734 3569 2911 3625 Ordu.
2982 3566 3204 3637 Proprie
3238 3564 3455 3634 quidem

1888 3668 1991 3722 hoc
2023 3668 2097 3721 uti
2125 3666 2390 3720 vocabulo
2414 3665 2591 3720 solent
2632 3678 2729 3732 pro
2764 3662 2885 3716 foro
2950 3658 3215 3717 castrensi
3276 3670 3456 3710 rerum

1890 3758 2185 3819 venalium,
2216 3755 2311 3811 sed
2342 3756 2557 3810 interim
2584 3754 2913 3823 generaliter
2933 3752 3095 3807 etiam
3129 3764 3229 3820 pro
3261 3746 3457 3804 castris

1892 3865 1989 3903 seu
2028 3848 2238 3903 fossato
2278 3848 2475 3916 potius,
2514 3854 2574 3900 ut
2637 3844 2874 3915 appellat
2907 3841 3017 3897 Leo
3061 3840 3293 3911 Sapiens
3349 3839 3460 3893 Au-

1891 3949 2105 4009 gustus,
2133 3938 2400 4007 accipitur
2428 3954 2441 3990 :
2480 3938 2722 4005 itemque
2752 3950 2851 4004 pro
2882 3933 3054 3998 tuldo,
3092 3947 3210 4001 qum
3250 3932 3457 3986 Graecis

1892 4046 1994 4084 vox
2049 4030 2102 4084 in
2184 4028 2440 4084 historiis
2496 4029 2791 4098 reperitur,
2862 4034 2917 4082 et
2979 4028 3031 4081 in
3092 4027 3296 4082 Leonis
3344 4028 3457 4078 Au-

1892 4122 2035 4191 gusti
2068 4121 2207 4175 libro
2245 4119 2323 4172 De
2362 4118 2562 4173 bellicis
2596 4118 2939 4186 apparatibus
2988 4117 3069 4171 sic
3098 4116 3380 4179 definitur,
3402 4120 3461 4167 ut

1895 4209 2283 4280 impedimenta
2318 4224 2560 4279 vasaque
2580 4209 2840 4273 militum,
2868 4217 2925 4262 et
2955 4222 3146 4263 onmes
3166 4222 3254 4262 res
3273 4220 3463 4261 neces-

1895 4304 2068 4359 sarias
2096 4302 2496 4372 complectatur
2523 4319 2538 4369 ;
2578 4302 2835 4358 nimirum
2867 4300 3134 4356 famulitia
3187 4299 3304 4353 sive
3330 4312 3450 4368 pue.

1897 4408 2010 4459 ros,
2042 4401 2095 4447 et
2115 4392 2361 4462 jumenta
2419 4392 2535 4446 sive
2565 4392 2859 4462 sagmaria,
2887 4390 3214 4459 reliquaque
3241 4389 3459 4443 anima-

197 4482 500 4552 perpetuis
530 4483 794 4537 hactenus
836 4489 891 4536 et
928 4482 1157 4538 inﬁnitis
1192 4497 1360 4554 prope
1402 4495 1591 4539 contra
1628 4501 1791 4554 quos-
1824 4500 1867 4554 ι)
1898 4487 1990 4548 lia,
2020 4493 2074 4538 et
2102 4485 2147 4539 si
2186 4491 2452 4553 praeterea
2483 4483 2560 4538 rei
2590 4483 2657 4537 ad
2697 4500 2855 4538 usum
2886 4482 3077 4544 fossati
3113 4481 3315 4535 milites
3378 4496 3463 4533 sc-

194 4574 295 4624 vis
324 4573 561 4640 populos
609 4571 739 4627 facti
772 4572 1042 4637 victoriis,
1095 4573 1231 4627 nihil
1279 4589 1383 4628 non
1419 4575 1472 4630 vi
1505 4576 1620 4629 sola
1654 4592 1789 4644 pra:-

192 4664 459 4730 potentis
490 4664 706 4732 imperii
745 4673 858 4717 tum
898 4673 1268 4731 prosternere,
1307 4673 1419 4720 tum
1470 4666 1690 4721 diruere
1731 4684 1791 4723 se

188 4753 384 4822 483
416 4768 573 4819 posse
594 4754 872 4823 jactitant.
922 4753 1064 4821 Ergo
1109 4752 1335 4808 Romani
1390 4757 1605 4809 tandem
1641 4756 1790 4812 illius

190 4843 444 4896 Pindari
486 4859 673 4897 verum
723 4860 868 4909 esse,
927 4858 1028 4898 suo
1083 4858 1209 4899 cum
1263 4844 1513 4909 interitu,
1574 4845 1791 4905 discant

183 4935 507 4990 oraculum
538 4951 554 4990 :

376 5048 468 5118 γὴ
502 5049 690 5102 consili
714 5066 895 5118 expers
913 5050 1047 5103 mole
1075 5052 1181 5104 ruit
1211 5066 1332 5114 sua,

371 5117 491 5187 Yim
520 5128 863 5186 temperatam
898 5121 973 5172 dii
990 5137 1191 5187 quoque
1210 5118 1497 5187 provehunt

360 5186 431 5257 lin
463 5190 674 5257 majus;
714 5190 869 5243 iidem
903 5186 1055 5242 odere
1079 5186 1212 5243 vires

360 5256 710 5326 Omne’nefas
742 5260 953 5314 omnino
1022 5268 1301 5313 monentes.

164 5370 335 5422 eos.
380 5368 597 5423 Selimis
632 5371 886 5426 adversus
930 5371 1203 5425 lsmailem
1242 5370 1533 5438 Sophinum
1574 5374 1790 5438 expedi-

268 5440 360 5489 Ir’o
388 5455 407 5491 :
443 5442 684 5509 praflium
718 5442 771 5492 in
799 5443 1017 5509 planitie
1044 5440 1384 5495 anderana:
1410 5440 1591 5496 Jovius
1620 5460 1793 5495 emen—

262 5509 477 5572 datur,
517 5508 697 5568 Ordu.
734 5508 901 5571 (Μία,
938 5510 1246 5575 Fossatum,
1288 5509 1535 5576 Tuldum,
1588 5512 1790 5577 Tebris,

263 5578 573 5641 Sullania,
605 5578 860 5634 Kemaclr.

261 5667 472 5737 Hujus
507 5670 632 5723 belli
668 5686 849 5727 causa:
879 5674 1255 5744 intelliguntur
1286 5692 1349 5730 ex
1386 5677 1641 5731 indicatis
1697 5692 1791 5729 ca-

166 5763 317 5833 pite
351 5762 715 5832 praecedenti,
749 5765 814 5821 de
836 5777 1054 5839 recepto
1070 5772 1376 5839 prtescrtim
1408 5770 1650 5835 hospitio
1680 5769 1787 5821 Mn-

1889 4591 2013 4630 cum
2045 4578 2271 4637 vehunt,
2293 4574 2534 4628 trahunt.
2560 4574 2816 4637 Germani
2845 4572 3111 4627 Trossum
3145 4569 3459 4641 appellant.

1893 4666 2014 4721 Il.ec
2038 4666 2255 4735 proprie
2272 4680 2375 4719 vox
2404 4665 2576 4719 hocin
2607 4664 2727 4720 loco
2768 4664 3014 4722 Turcica:
3066 4663 3213 4716 Ordu
3243 4678 3464 4731 respou-

1890 4759 2000 4813 det.
2034 4754 2260 4820 Notum,
2292 4755 2435 4825 apud
2462 4755 2695 4810 Tataros
2729 4755 2939 4816 aulam,
2971 4769 3067 4809 seu
3105 4762 3310 4814 castra,
3362 4768 3463 4806 seu

1891 4848 2207 4903 coinitatum
2239 4848 2477 4901 chanum
2531 4846 2648 4902 sive
2712 4861 2898 4914 regum
2931 4846 3188 4914 appellari
3248 4845 3459 4897 ordam.

1901 4939 2058 5008 Apud
2084 4938 2465 4993 Belvacensem
2490 4937 2728 4993 Joannes
2749 4937 2816 4993 de
2848 4937 3019 4991 Plano
3042 4936 3226 5004 Carpi,
3253 4937 3466 5004 legatus

1896 5030 2172 5101 pontiﬁcis
2196 5032 2262 5084 ad
2295 5029 2787 5095 Tataros,curiam
2820 5028 3377 5097 regisinterpretaur,
3413 5035 3467 5079 et

1893 5120 2187 5175 stationem
2222 5118 2576 5189 imperatoris
2622 5132 2686 5172 ac
2714 5117 3041 5187 principum,
3078 5116 3313 5184 itemque
3348 5122 3464 5166 ten-

1893 5212 2094 5266 torium
2130 5211 2305 5265 ducis.
2342 5210 2447 5265 Sed
2479 5209 2604 5277 hic,
2637 5218 2696 5263 ut
2722 5209 2984 5271 diximus,
3015 5206 3225 5265 tuldum
3260 5205 3465 5258 Persici

1893 5304 2041 5373 regis
2072 5304 2125 5357 in
2161 5303 2399 5373 praedam
2433 5304 2671 5357 cessisse
2702 5300 2898 5354 Turcis
2962 5297 3332 5367 intelligitur:
3386 5296 3463 5349 uti

1894 5409 2015 5448 mox
2047 5394 2205 5447 etiam
2230 5393 2497 5459 sequitur,
2550 5408 2710 5446 unam
2742 5408 2803 5446 ex
2833 5391 3065 5445 lsmailis
3114 5389 3378 5443 uxoribus
3411 5388 3463 5440 in

1894 5484 2024 5539 orda
2060 5484 2229 5538 fuisse
2260 5491 2496 5551 captam.
2538 5482 2726 5536 Solent
2759 5484 2903 5535 enim
2944 5482 3229 5543 mulieres,
3277 5479 3321 5534 si
3347 5492 3464 5546 qme

1896 5585 2423 5647 scquunturcastra.
2452 5576 2585 5629 tuldi
2613 5591 2736 5645 pars
2756 5589 2899 5630 csse.
2924 5575 2995 5628 De
3031 5572 3281 5627 Tchrisio
3301 5583 3464 5637 supra

1897 5669 2144 5739 quamam
2178 5669 2534 5738 exposuimus
2562 5683 2686 5737 cap.
2742 5667 2859 5721 l87.
2896 5666 3172 5719 Ptolemzei
3235 5663 3463 5716 Tt-rvatlt

1899 5774 2043 5823 esse,
2077 5759 2321 5829 plerique
2358 5768 2572 5827 putant,
2606 5767 2656 5811 ct
2691 5756 3045 5827 transpositis
3084 5756 3319 5808 fortasse
3375 5752 3464 5804 lit~
