4198 6426
264 286 352 351 88ῆ

1401 282 1790 345 ΡᾹΝΒΕΕΤΕ
1820 283 2023 349 IllST.
2062 284 2366 347 TURClC.

3375 290 3482 353 886

262 408 390 463 rant,
448 396 832 453 animadverso
871 394 1090 453 Selimis
1147 394 1421 459 instituto.
1476 412 1584 451 non
1628 398 1808 454 minus
1836 408 1883 467 Α
1915 400 2190 468 plicaudo,
2225 414 2350 456 cum
2377 398 2540 455 modo
2571 414 2827 470 magnum
2861 398 3251 466 mariscallum,
3315 406 3482 460 modo

263 488 505 560 Egyptii,
524 503 685 558 quam
706 488 881 545 Persae
898 488 1177 543 interitum
1200 488 1519 557 quaerentis.
1543 488 1806 545 Prteterea

263 581 498 635 stimulos
529 579 760 633 addebat
811 580 997 635 Sclimi
1032 579 1196 634 Cheir
1236 580 1406 648 begus
1437 575 1624 649 Halcpi
1666 582 1684 648 (
1713 582 1807 636 Jo-

263 673 366 725 vius
390 680 443 725 et
473 670 563 734 alii
605 670 957 739 Cajarbeium
982 686 1093 727 non
1143 679 1295 727 recte
1324 673 1568 740 vocant),
1593 673 1684 741 qui
1710 689 1811 727 suo

261 777 370 815 cum
400 764 623 816 sultano
649 761 969 818 inimicitias
1015 777 1304 827 exercens,
1341 762 1683 818 deiecturum
1745 765 1813 819 ab

261 868 315 904 eo
338 867 394 907 se
415 852 721 919 nuntiabat,
752 853 797 909 si
826 854 1051 924 propius
1075 854 1144 909 ad
1184 851 1449 924 ilalepum
1477 870 1599 909 cum
1658 871 1814 911 exer-

261 946 357 996 citu
384 944 611 1000 Selimes
641 947 983 1002 accessisset.
1006 946 1237 1002 Cansavi
1272 945 1441 1001 Gauri
1498 962 1692 1001 nomen
1730 957 1815 1002 est

261 1036 447 1089 sultani
502 1035 782 1092 Cairensis
845 1037 899 1091 in
956 1037 1248 1092 annalibus
1310 1038 1464 1097 hisce
1527 1037 1811 1104 Turcicis,

260 1128 341 1196 qui
391 1131 593 1185 nostris
641 1140 903 1199 corrupta
968 1146 1100 1186 voce
1172 1131 1487 1187 nominatur
1538 1130 1812 1201 Campsnn

258 1219 504 1275 Guurius.
537 1219 694 1276 ilunc
728 1221 961 1277 Selimes
994 1223 1180 1292 praelio
1222 1223 1375 1291 vicit,
1405 1224 1459 1277 in
1505 1238 1615 1295 quo
1644 1224 1817 1279 sulta-

261 1327 353 1364 nus
444 1313 560 1381 ipsc
616 1330 793 1369 caesus
854 1317 1135 1389 o'erubuit.
1197 1315 1506 1370 Cain-beium
1559 1331 1811 1386 quoque,

260 1401 332 1453 vel
377 1400 630 1459 Cheirem
684 1406 903 1474 begum,
958 1410 1061 1462 hoc
1093 1407 1278 1478 pratiio
1332 1408 1625 1473 cecidisse,
1657 1408 1812 1464 Geu-

260 1492 414 1547 frazus
468 1495 690 1551 tradidit
740 1512 753 1548 :
806 1498 892 1552 cui
930 1508 1111 1553 tamen
1172 1499 1431 1569 deinceps
1456 1498 1691 1570 [Egypto
1725 1516 1817 1555 ca-

259 1592 335 1651 pta
378 1583 635 1641 Scliznem
689 1590 1109 1645 commendasse
1159 1589 1485 1656 Cairum,in
1520 1591 1604 1648 his
1649 1605 1817 1645 anna-

258 1676 390 1731 h‘bus
420 1692 673 1746 expresse
700 1678 916 1747 legitur.
950 1681 1021 1735 De
1053 1680 1366 1737 Mamelucis
1384 1682 1597 1738 abunde
1628 1681 1815 1739 Jovius

1912 490 2229 560 prmiectum
2260 493 2348 548 vel
2377 492 2750 559 admiralium,
2774 493 2936 549 modo
2982 507 3240 564 magnum
3282 496 3482 551 stabuli

1912 584 2172 639 comitem
2209 586 2626 655 interpretatur,
2657 587 2751 655 qui
2775 585 3096 642 Graecorum
3121 588 3179 642 in
3203 588 3347 643 aulis
3368 600 3487 644 erat

1910 673 1940 725 ὁ
1969 673 2141 743 μέγας
2176 676 2555 740 κονοσταῦλος.
2602 678 2659 733 Si
2710 676 2873 733 Petro
2903 677 3151 748 Martyri,
3180 688 3238 734 ut
3270 680 3487 735 oculato

1914 767 2065 831 testi,
2120 767 2254 822 ﬁdes
2321 768 2594 833 habenda,
2646 769 2738 839 qui
2805 768 2953 824 hunc
3004 771 3289 839 praefuisse
3345 772 3487 825 dicit

1912 858 2281 917 exercitibus:
2316 859 2475 914 fuerit
2504 862 2714 917 scilicet
2743 862 2793 917 is
2840 861 2987 931 apud
3041 861 3329 933 Egyptios
3378 861 3485 918 Ulu

1914 944 2209 1010 Duveidar,
2234 948 2324 1016 qui
2358 948 2618 1006 Serasker
2646 966 2791 1007 nunc
2823 955 2962 1021 apud
3024 952 3239 1009 Turcos
3262 961 3367 1018 est,
3397 962 3491 1006 aut

1914 1037 2004 1105 Qui
2036 1039 2207 1107 μέγας
2245 1040 2368 1108 δοὺξ
2392 1042 2533 1112 apud
2566 1041 2785 1099 Grazeos
2836 1045 3190 1113 imperatores
3248 1046 3377 1100 olim
3406 1044 3490 1100 di-

1915 1129 2158 1186 cebatur.
2188 1130 2322 1188 Nam
2361 1135 2538 1203 μέγας
2587 1136 3072 1206 στρατοπεδάρχης
3102 1152 3226 1207 esse
3252 1154 3359 1191 non
3394 1154 3489 1206 po-

1919 1230 2044 1287 test,
2074 1237 2236 1291 quem
2270 1236 2472 1294 praator
2510 1224 2735 1281 Graecia’
2758 1235 2943 1283 noster
2992 1242 3113 1280 cum
3164 1226 3486 1296 bcglerbego

1916 1326 2212 1381 COtIlparat.
2260 1318 2389 1387 Ejus
2420 1318 2578 1373 verba
2607 1318 2860 1387 superius
2914 1319 3190 1388 exscripta
3213 1319 3487 1387 leguntur,

1914 1407 2094 1475 capite
2128 1408 2218 1462 66.

1915 1515 2042 1572 209.
2067 1515 2287 1571 Melicul
2317 1517 2531 1581 Umera,
2568 1519 2852 1576 Zamberdi
2886 1522 3093 1583 Gasali.
3126 1523 3296 1584 Gaza,
3327 1521 3488 1575 Zosi-

2109 1604 2224 1641 mus
2260 1588 2509 1655 Gaza'us,
2540 1590 2739 1654 Remle,
2774 1592 2966 1657 Rama,
3001 1594 3303 1647 Rammola.

1990 1676 2322 1734 Vocabulum
2345 1680 2557 1736 Melicul
2585 1680 2782 1737 Umera
2810 1699 3007 1739 nomen
3035 1683 3157 1749 ejus
3183 1683 3344 1738 oilicii
3376 1682 3490 1736 sive

254 1777 302 1821 et
327 1770 416 1823 alii
441 1770 736 1840 scripsére,
774 1788 896 1842 quae
925 1775 1118 1843 paucis
1156 1774 1426 1831 άυηιθηι
1458 1778 1811 1847 attingamus,
1846 1762 1888 1818 Β
1917 1768 2198 1839 dignitatis
2228 1770 2454 1825 denotat
2479 1770 2709 1827 Arabica
2733 1773 2940 1842 lingua,
2973 1773 3248 1843 quondam
3281 1772 3484 1827 Mame-

254 1859 476 1928 Cmpere
499 1864 601 1919 sub
647 1864 928 1922 Friderico
957 1865 999 1919 il
1030 1869 1299 1939 Augusto.
1351 1868 1579 1925 Duravit
1623 1885 1809 1926 eorum

256 1954 483 2010 societas
515 1958 594 2011 vel
628 1958 762 2014 ordo
800 1974 925 2016 cum
955 1960 1183 2030 imperio
1202 1961 1309 2017 300
1333 1962 1458 2033 plus
1499 1962 1682 2017 minus
1713 1977 1814 2018 an-

255 2046 357 2101 nis.
386 2047 588 2102 Nomen
634 2052 813 2120 ipsum
846 2053 1122 2122 signiﬁcat
1169 2054 1423 2119 militem,
1463 2055 1558 2121 qui
1608 2056 1817 2125 stipen-

255 2138 338 2192 dia
379 2140 527 2194 facit.
562 2142 625 2195 Et
660 2143 963 2200 militabant
995 2146 1241 2210 sultano,
1288 2148 1676 2218 perpetuisque
1705 2148 1820 2203 bel—

257 2232 324 2285 lis
351 2232 768 2299 exercebantur,
805 2236 1079 2304 equestris
1113 2237 1191 2292 rei
1249 2238 1550 2307 praesertim
1602 2239 1819 2307 peritis-

257 2315 399 2378 simi.
419 2324 681 2397 Moriente
710 2328 934 2383 sultano
964 2329 1279 2397 deligehant
1316 2330 1484 2385 alium
1526 2346 1556 2387 e
1590 2345 1820 2402 corpore

257 2416 371 2469 sive
415 2418 647 2484 collegio
680 2434 806 2484 suo,
833 2416 1023 2476 liberis
1045 2420 1350 2492 suﬂragiis.
1376 2421 1541 2495 485
1576 2420 1821 2477 Plerum-

256 2522 363 2575 que
390 2518 565 2564 tamet:
605 2511 834 2566 emirum
867 2512 1157 2583 majorum,
1200 2515 1293 2585 qui
1323 2530 1555 2571 numero
1585 2523 1820 2584 quatuor

258 2609 438 2666 erant,
477 2603 807 2658 auctoritate
860 2604 1234 2675 dignitateque
1280 2607 1502 2661 sultano
1561 2607 1818 2676 proximi,

258 2692 401 2745 ratio
431 2692 615 2749 haberi
640 2695 871 2751 solebat.
904 2696 1123 2753 Electus
1152 2697 1350 2769 cuique
1379 2697 1679 2754 Mameluco
1699 2714 1824 2754 cen-

258 2789 377 2846 tum
414 2785 739 2852 seraphinos
773 2802 874 2857 pro
903 2788 1157 2843 felicibus
1191 2789 1455 2859 auspiciis
1484 2790 1695 2858 imperii
1728 2790 1825 2843 do-

257 2874 453 2931 nabat.
479 2876 684 2933 Omnes
709 2880 1024 2935 necessario
1048 2880 1445 2937 velChristiani
1463 2894 1641 2947 erant,
1660 2883 1742 2939 vel
1759 2898 1824 2937 ex

257 2965 592 3024 Christianis
630 2972 951 3038 parentibus
980 2974 1092 3027 nati
1126 2991 1139 3039 ;
1173 2989 1272 3029 nec
1310 2975 1364 3029 in
1394 2974 1643 3029 ordinem
1663 2989 1822 3029 suum

1917 1860 2055 1916 lucis
2088 1861 2310 1924 usitata,
2343 1878 2464 1931 qua:
2493 1863 2635 1934 apud
2674 1865 2882 1920 Tureos
2933 1872 3018 1920 est
3053 1865 3133 1920 vel
3174 1865 3483 1935 beglarbegi

1917 1950 2001 2005 vel
2059 1950 2163 2021 (uti
2211 1952 2374 2022 vulgo
2420 1954 2833 2024 pronuntiatur)
2883 1954 3214 2025 bcglerbegi,
3263 1955 3368 2010 hoc
3404 1963 3488 2009 cst

1919 2042 2120 2097 domini
2167 2044 2371 2098 domini
2394 2044 2765 2110 dominorum,
2809 2046 2902 2113 qui
2953 2046 3243 2115 sangiacos
3281 2046 3492 2099 scilicet

1920 2135 2165 2207 aliosque
2189 2136 2356 2205 begos
2384 2137 2489 2192 sub
2520 2151 2580 2192 se
2606 2137 2791 2191 habet.
2826 2136 2961 2191 Vide
2993 2137 3259 2207 prolixius
3310 2137 3489 2205 expli-

1919 2234 2040 2280 cata
2065 2225 2367 2295 capiteJi.
2400 2225 2687 2281 Zamberdi
2726 2226 2931 2291 Gasali,
2964 2227 3169 2284 nostris
3218 2235 3304 2283 est
3342 2227 3489 2282 lam-

1920 2317 2128 2374 burdus
2156 2317 2464 2376 Gazzellcs.
2499 2319 2765 2390 Equidem
2786 2320 3051 2377 hactenus
3092 2336 3313 2391 operam
3345 2322 3492 2385 dedi,

1920 2420 1980 2468 ut
2013 2411 2236 2465 minime
2264 2419 2523 2482 corrupta
2580 2413 2826 2476 nomina,
2894 2414 3195 2483 prazsertim
3251 2413 3491 2484 propria,

1921 2502 2155 2571 singulis
2184 2502 2239 2557 in
2268 2502 2473 2574 linguis
2504 2503 2745 2558 ederem.
2770 2502 2937 2569 Gaza,
2978 2504 3135 2573 cujus
3174 2505 3228 2559 in
3287 2505 3372 2561 his
3397 2521 3495 2559 an-

1921 2594 2135 2648 nalibus
2157 2594 2319 2665 paulo
2347 2606 2474 2649 ante
2506 2596 2709 2650 mentio
2761 2594 2840 2659 ﬁt,
2872 2603 3000 2650 nota
3043 2603 3129 2651 est
3190 2595 3492 2652 Palaestina:

1923 2684 2135 2751 civitas,
2165 2701 2287 2756 quae
2310 2687 2456 2742 viros
2487 2687 2730 2742 illustres
2772 2686 2981 2757 aliquot
3012 2686 3161 2742 dedit
3198 2704 3212 2742 :
3272 2696 3327 2743 et
3353 2689 3495 2744 inter

1924 2779 2061 2835 alios
2082 2779 2360 2834 Zosimum
2388 2780 2667 2844 Gnatum,
2696 2789 2967 2835 oratorem
3019 2779 3390 2851 eloquentem,
3423 2782 3489 2836 li-

1924 2880 2012 2926 cet
2039 2887 2331 2944 paganum,
2358 2873 2453 2942 qui
2497 2882 2721 2929 necatus
2775 2873 2844 2928 ab
2902 2872 3229 2942 imperatore
3278 2873 3498 2928 Zenone

1926 2966 2051 3031 fuit,
2092 2966 2311 3023 homine
2367 2964 2579 3021 crudeli
2641 2975 2696 3019 et
2747 2965 3046 3021 malitioso.
3093 2964 3142 3020 Is
3172 2975 3257 3021 est
3314 2966 3497 3021 editus

255 3058 689 3122 velArabcs,vel
707 3062 1027 3129 Saracenos,
1046 3066 1160 3120 sive
1179 3064 1415 3133 Mauros,
1436 3067 1518 3121 vel
1537 3066 1821 3130 Hebraeos.
1847 3104 1894 3165 ο
1927 3058 2136 3112 anobis
2197 3068 2392 3112 anetor
2438 3055 2685 3111 historiae
2728 3056 2981 3113 Zosimus
3038 3071 3247 3119 comes.
3296 3058 3497 3126 ἀποφι-

255 3150 343 3203 vel
376 3148 586 3206 Turcos
618 3154 991 3210 admittebant.
1040 3155 1211 3228 Maior
1254 3174 1444 3213 eorum
1479 3174 1605 3229 pars
1629 3174 1660 3214 e
1698 3158 1825 3214 Cir-

254 3239 438 3293 cassis
463 3242 773 3301 constabat.
806 3242 858 3296 in
899 3244 1132 3313 pueritia
1159 3246 1358 3314 captis,
1390 3256 1483 3301 aut
1519 3247 1693 3317 pretio
1711 3248 1827 3303 dis-

251 3330 477 3384 tractis.
513 3330 640 3386 Eam
664 3334 733 3387 ob
752 3348 973 3388 causam
1009 3332 1209 3389 Zercas
1230 3337 1343 3390 sive
1373 3337 1574 3393 Cercas
1608 3353 1828 3406 quoque

250 3433 527 3477 vocantur
579 3440 607 3478 a
642 3425 860 3489 Turcis,
914 3429 984 3483 ob
1011 3428 1395 3485 Circassorum
1445 3431 1587 3485 inter
1621 3430 1826 3487 Mameo

254 3513 417 3566 lucos
479 3515 810 3581 prmeipuum
865 3531 1202 3571 numerum:
1257 3534 1377 3586 qua:
1426 3519 1577 3574 natio
1628 3536 1823 3575 nomen

251 3604 899 3668 Quinquetnontanorum
942 3606 1127 3670 habet,
1197 3609 1364 3664 lberis
1404 3610 1520 3665 sive
1570 3609 1827 3680 Georgia-

250 3711 347 3749 nts
376 3711 576 3749 νιειιιτι.

285 3811 422 3868 208.
462 3811 1117 3887 Tommatrbaipsultanus
1153 3817 1368 3887 ultimus
1409 3815 1649 3887 Egypti,
1693 3816 1797 3871 Ulu

687 3881 979 3949 Duveidar,
1016 3886 1150 3938 emir
1183 3886 1391 3952 Quibir.

329 3972 505 4038 Quem
539 3981 848 4029 nostrorum
879 3976 1123 4031 historia:
1153 3978 1577 4034 Tomumbeium
1608 3989 1827 4039 vocant.

250 4062 462 4117 Turris
479 4073 564 4119 est
590 4064 970 4130 Tommanbai,
998 4068 1218 4122 nomine
1250 4084 1357 4123 non
1414 4069 1623 4125 vitiato.
1671 4069 1826 4134 Quod

249 4154 523 4219 ofﬁcium,
561 4171 746 4222 quatve
793 4155 1033 4225 dignitas
1058 4156 1224 4211 fuerit
1278 4157 1415 4226 ejus,
1482 4159 1574 4228 qui
1631 4160 1829 4214 dicitur

252 4246 348 4297 hic
380 4243 484 4298 Ulu
522 4245 809 4312 [ηις-οἰόθι,
840 4263 903 4302 ex
933 4248 1053 4316 ipso
1105 4250 1385 4304 annalium
1427 4259 1684 4306 contextu
1747 4252 1828 4305 in-

250 4335 553 4396 ιιιιιίκὶιιιτ.
594 4336 760 4389 initio
784 4339 1267 4395 commentationis
1305 4339 1494 4408 hujus,
1514 4342 1692 4407 capite
1721 4349 1828 4396 ter-

1931 3152 2348 3220 σκοσυνήγορος,
2386 3149 2529 3217 quod
2562 3164 2763 3204 nomen
2796 3149 2947 3205 illum
2984 3150 3276 3217 signiﬁcat,
3301 3151 3392 3219 qui
3429 3151 3495 3204 ii-

1930 3239 2009 3295 sci
2040 3239 2335 3309 aliquando
2392 3237 2497 3293 iuit
2522 3239 2845 3294 advocatus.
2887 3238 3025 3294 Eum
3052 3236 3288 3295 Karulus
3336 3239 3497 3308 Sigo-

1930 3332 2055 3387 nius
2111 3332 2172 3387 V.
2205 3331 2268 3387 G.
2331 3331 2567 3402 singulis
2630 3331 2954 3399 septimanis
2997 3330 3331 3399 pagellatim,
3370 3345 3495 3387 cum

1928 3426 2206 3489 ederetur,
2244 3440 2273 3479 a
2316 3440 2401 3480 me
2440 3440 2534 3495 per
2586 3423 2925 3488 veredarios,
2955 3436 3123 3492 opera
3176 3421 3318 3477 Petri
3365 3423 3497 3479 Per-

1930 3530 2013 3569 na;
2040 3516 2318 3569 Boloniam
2378 3516 2592 3570 Basilea
2642 3515 2899 3580 missum,
2960 3514 3209 3569 historiae
3254 3530 3369 3569 sua:
3424 3515 3494 3569 de

1930 3605 2159 3675 imperio
2192 3605 2509 3661 Occidentis
2533 3606 2789 3671 inseruit,
2816 3605 2963 3660 nulla
3003 3605 3256 3660 beneﬁcii
3287 3606 3391 3659 mei
3415 3605 3496 3658 vel

1930 3698 2094 3749 unico
2120 3698 2287 3750 verbo
2310 3697 2588 3752 mentione
2619 3697 2797 3751 facta:
2843 3700 2930 3751 cui
2962 3705 3139 3751 tamen
3176 3712 3321 3750 anno
3353 3697 3488 3751 158i

1932 3804 1991 3841 se
2029 3788 2267 3841 Bolonize
2302 3787 2583 3854 invnsenli,
2617 3804 2739 3843 cum
2774 3804 2836 3842 cx
2890 3787 3127 3842 Sabaudi
3176 3788 3333 3843 ducis
3376 3790 3496 3842 aula

1930 3878 2241 3941 discedens,
2274 3879 2340 3931 ad
2406 3878 2816 3935 Fcrrariensem
2871 3894 2995 3935 cum
3057 3879 3214 3934 ducis
3269 3881 3499 3951 Augusti

1931 3970 2260 4039 Septemviri
2313 3969 2549 4027 Saxonis
2614 3971 2813 4041 legato,
2884 3971 3103 4026 Andrea
3152 3970 3341 4038 Paulo,
3385 3972 3501 4027 viro

1930 4062 2268 4131 amplissimo
2337 4074 2391 4115 et
2440 4061 2617 4116 amico
2697 4061 2985 4131 singulari,
3039 4061 3336 4117 conﬁtendi
3379 4062 3500 4131 ejus

1930 4168 2096 4207 causa
2130 4153 2533 4222 proﬁciscerer,
2558 4168 2786 4225 magnas
2842 4169 2974 4209 sane
3016 4155 3223 4224 gratias
3286 4155 3499 4224 agebat,

1932 4246 2163 4314 ingenue
2193 4244 2437 4306 fatendo,
2474 4244 2695 4300 minime
2720 4259 2778 4299 se
2824 4260 2982 4300 suum
3037 4245 3169 4301 illud
3222 4260 3361 4315 opus
3378 4246 3504 4310 abs-

1932 4349 2039 4403 que
2072 4349 2190 4388 mea
2220 4335 2720 4389 communicatione
2756 4335 2982 4401 Zosimi,
3026 4351 3150 4391 cum
3208 4337 3368 4391 laude
3396 4354 3497 4406 pu-

248 4426 360 4487 tiu,
401 4425 501 4479 Ulu
570 4427 884 4495 signiﬁcare
941 4426 1253 4485 notavimus
1301 4430 1605 4487 excelsum,
1667 4430 1829 4487 Petro
1860 4440 1908 4499 [ι
1936 4425 2260 4478 blicaturum
2296 4424 2485 4479 fuisse.
2514 4424 2621 4480 Nec
2649 4425 3030 4481 dissimulabat
3060 4441 3141 4491 se,
3169 4441 3294 4481 cum
3324 4428 3377 4481 in
3413 4443 3502 4486 Sc-

246 4517 489 4587 Martyri
524 4516 919 4573 Hcdiolauensi
950 4519 1005 4573 in
1038 4520 1714 4592 descriptionelegationts
1730 4520 1829 4574 Ba-

242 4609 517 4678 bylonite,
557 4624 663 4663 non
691 4610 795 4664 Ulu
824 4610 1121 4674 Duvcidar.
1159 4610 1256 4667 sed
1301 4612 1442 4666 emir
1487 4611 1711 4668 Chemir
1737 4627 1833 4681 ap-

246 4702 520 4769 leliatur,
571 4701 717 4769 quod
754 4701 1031 4758 Arabibus
1092 4710 1179 4757 est
1207 4704 1345 4759 emir
1378 4703 1600 4772 Quibir,
1648 4705 1699 4760 id
1724 4716 1830 4771 est,

241 4808 494 4860 magnus
529 4793 688 4846 cmir.
724 4790 797 4845 Ea
831 4809 930 4847 vox
956 4809 984 4846 a
1016 4794 1173 4849 nobis
1196 4796 1374 4865 capite
1428 4798 1601 4864 primo
1669 4805 1724 4852 et
1740 4799 1833 4853 de-

237 4886 405 4937 cimo
433 4891 631 4948 quarto
660 4885 915 4951 superius
950 4892 1033 4939 est
1064 4885 1361 4954 explicata.
1394 4885 1596 4957 Martyr
1619 4887 1830 4955 adjicit,

234 4976 398 5029 cmir
430 4974 622 5040 Quibir
649 4990 774 5030 esse
824 4976 1198 5045 magistratum
1229 4979 1465 5047 primum
1498 4987 1624 5048 post
1653 4980 1832 5035 solda-

237 5082 418 5130 num,
477 5067 639 5136 idque
680 5075 989 5137 propterea,
1038 5070 1183 5139 quod
1234 5073 1568 5128 exercitibus
1626 5072 1831 5140 praesit.

234 5160 407 5227 Ergo
442 5159 787 5214 Sansovinus
818 5168 873 5214 et
904 5160 993 5215 alii
1020 5161 1305 5225 falluntur,
1346 5164 1437 5232 qui
1463 5163 1628 5233 hujus
1654 5166 1706 5217 in
1750 5164 1831 5215 hi-

235 5254 447 5308 S'orize
486 5253 886 5308 narratiodibus
912 5268 975 5308 ex
1013 5252 1373 5310 Tommanbai
1425 5256 1527 5320 Ulu
1566 5255 1832 5310 Duveida-

228 5361 334 5408 re,
376 5345 460 5399 vel
491 5346 661 5399 emire
684 5345 926 5412 Quibirc,
954 5346 1197 5401 iecerunt
1219 5348 1559 5402 admiralium
1588 5348 1829 5403 Alexan-

228 5434 416 5488 driae.
472 5433 759 5500 Reperitur
813 5435 975 5487 etiam
1052 5436 1194 5505 apud
1252 5436 1566 5491 Geuirazum
1629 5437 1836 5492 Derdar

222 5524 478 5590 Quiliir,
510 5524 720 5592 utapud
748 5523 1016 5579 Andream
1036 5525 1409 5582 Cambrinium
1436 5528 1832 5593 Florentiuum,

220 5626 305 5671 et
360 5613 527 5677 alios,
559 5629 789 5683 magnus
822 5614 1132 5671 Diadartus.
1172 5616 1477 5689 Utrumque
1521 5621 1833 5674 mutilatum

222 5723 317 5761 cx
359 5706 692 5760 Duvcidurc.
715 5704 823 5761 Nec
852 5707 1133 5765 Geufrasus
1163 5710 1265 5766 sibi
1285 5720 1493 5767 constat
1531 5715 1583 5768 in
1609 5714 1708 5768 hoc
1742 5728 1833 5767 cx-

1935 4516 2183 4584 pulcrum
2218 4532 2376 4570 suum
2410 4517 2511 4583 (sic
2561 4516 2706 4570 enim
2750 4518 3057 4586 appellabat
3083 4517 3497 4589 bibliothecam)

1933 4620 2019 4658 me
2048 4606 2365 4670 deduceret,
2399 4605 2624 4660 Romam
2648 4606 2951 4677 proiectum
3015 4609 3239 4676 petiisse
3289 4611 3499 4679 copiam

1933 4699 2034 4752 sibi
2070 4699 2193 4755 lieri.
2215 4700 2520 4768 perlegendi
2550 4699 2774 4763 Zosimi,
2806 4701 2900 4770 qui
2946 4716 3070 4757 esse
3130 4702 3409 4758 ferebatur
3448 4705 3502 4758 in

1934 4787 2195 4844 Vaticana
2230 4809 2243 4844 :
2274 4805 2375 4844 nec
2426 4800 2605 4844 tamen
2644 4791 2694 4844 id
2726 4806 2756 4843 a
2786 4790 3047 4861 Gregorio
3094 4793 3307 4848 decimo
3343 4796 3506 4848 tertio

1934 4882 1993 4935 P.
2027 4880 2121 4942 Μ..
2153 4882 2275 4935 licet
2305 4882 2567 4936 adhibitis
2612 4882 3072 4939 intercessoribus
3098 4885 3505 4942 'illustrissimis

1933 4987 1997 5025 ac
2025 4972 2190 5041 primi
2228 4972 2466 5027 nominis
2495 4972 2667 5027 etloci
2703 4973 3099 5037 cardinalibus,
3141 4974 3410 5030 Farnesio
3452 4986 3506 5031 et

1932 5064 2169 5129 Estensi,
2200 5065 2364 5118 certis
2398 5063 2467 5119 de
2499 5064 2683 5119 causis
2724 5064 3018 5135 impetrare
3074 5068 3333 5133 potuisse.
3386 5068 3506 5133 Quo

1934 5157 2075 5225 plus,
2102 5171 2196 5211 ore
2223 5165 2353 5211 tunc
2387 5156 2609 5227 quidem
2636 5157 2895 5219 rotundo,
2963 5158 3095 5211 mihi
3169 5173 3227 5212 se
3308 5159 3508 5214 debere

1938 5252 2316 5320 proﬁtebatur.
2378 5250 2483 5306 Sed
2541 5252 2684 5305 enim
2713 5252 2780 5305 ad
2825 5252 3052 5306 annales
3086 5260 3145 5305 ut
3196 5252 3503 5313 redeamus.

1934 5344 2079 5412 quod
2110 5345 2195 5397 hic
2243 5351 2580 5397 memoratur
2627 5342 2836 5407 Rcmle,
2888 5343 3142 5412 oppidum
3181 5341 3505 5404 Palaestinae.

1936 5437 2119 5488 varias
2155 5435 2550 5503 appellationes
2583 5435 2766 5489 habet.
2803 5435 2938 5490 Nam
2982 5445 3036 5489 et
3096 5433 3305 5498 Retnle,
3364 5436 3507 5492 sicut

1939 5528 2045 5589 hic,
2072 5536 2125 5581 cl
2156 5527 2399 5591 liatuma,
2437 5538 2487 5578 et
2516 5526 2705 5590 ltuna,
2733 5537 2786 5580 et
2815 5526 3094 5585 Rammola
3152 5527 3378 5589 Mauris,
3409 5528 3503 5596 qui

1938 5620 2148 5674 Arabes
2182 5628 2328 5679 sunt,
2363 5635 2422 5671 ac
2450 5618 2697 5672 ﬁnitimis
2726 5619 3081 5672 nominatur:
3134 5617 3279 5685 quod
3340 5634 3503 5671 voca-

1942 5711 2125 5763 bulum
2164 5721 2361 5765 terram
2395 5726 2681 5764 arenosum
2715 5710 3004 5780 signiﬁcat,
3066 5718 3115 5763 ct
3143 5726 3171 5762 ει
3202 5710 3395 5764 Turcis
3422 5718 3504 5763 est
