4198 6426
293 336 399 399 889

1439 337 1833 399 PANDECTE
1878 338 2085 401 HIST.
2111 338 2412 400 TURCIC.

3419 335 3526 399 890

294 452 451 522 longe
478 468 505 505 a
536 449 732 504 Zurulo
757 452 923 507 distat
965 452 1010 506 is
1033 453 1207 518 locus,
1252 453 1344 520 qui
1405 450 1594 507 Selimi
1671 453 1850 506 fatalis
1887 468 1919 515 Α
1954 453 2252 507 Soleituani
2280 452 2590 517 solvissent,
2651 464 2761 504 non
2821 448 2981 504 modo
3012 464 3117 502 non
3142 458 3400 517 exceptus
3457 452 3523 503 ah

297 555 521 615 propter
539 546 868 615 impietatem
888 560 1012 614 erga
1046 556 1251 614 patrem
1278 545 1363 597 bis
1386 545 1705 607 exercitam,
1730 561 1861 611 prae-

295 638 368 693 lio
383 637 771 693 committendo
800 651 1111 705 venenoque
1129 630 1431 704 praebendo.
1450 635 1514 689 de
1528 651 1636 705 quo
1654 636 1858 688 dictum

295 731 473 799 capite
500 728 772 793 201,fuit.
826 728 893 781 Et
925 729 1009 781 bis
1044 728 1147 781 hoc
1200 729 1319 781 loco
1380 726 1596 780 Turcici
1647 740 1861 794 quoque

295 819 534 873 fatentur
576 819 820 885 annales,
869 817 1016 870 fatali
1058 817 1316 871 Selimem
1353 817 1469 871 loco
1505 816 1646 872 diem
1699 832 1859 876 suum

296 911 517 966 obiisse.
547 909 779 964 Causam
817 911 1007 963 mortis
1030 908 1214 962 attulit
1236 908 1285 963 ei
1334 908 1553 977 pustula
1590 908 1710 962 sive
1741 922 1861 962 car-

296 1002 568 1057 bunculus
604 1001 881 1069 pestilens,
948 1010 1005 1054 ut
1072 1001 1234 1053 'l‘urei
1280 1001 1555 1055 memoria:
1600 1000 1858 1069 produnt.

298 1093 635 1148 Sansovinus
664 1110 728 1147 ex
764 1093 892 1147 aliis
928 1093 1094 1146 refert
1124 1093 1335 1160 plagam
1387 1089 1560 1146 fuisse
1623 1087 1859 1144 corrosi-

296 1200 439 1248 vam,
473 1187 642 1240 instar
672 1200 961 1254 gangrenae
994 1184 1172 1252 :quod
1218 1182 1468 1251 equidem
1536 1198 1643 1236 non
1708 1188 1857 1249 puto.

298 1286 516 1344 propter
548 1276 822 1329 interitum
874 1274 1089 1328 Selimis
1126 1274 1391 1337 subitum,
1418 1288 1542 1326 cum
1587 1287 1857 1341 gangrena

299 1366 571 1419 tardiores
607 1367 925 1434 plerumque
965 1379 1295 1434 pregressus
1356 1364 1541 1417 faciat.
1592 1363 1854 1430 Depltter-

296 1456 411 1508 dari
442 1458 555 1510 sive
621 1454 1050 1523 Dephterdalari,
1106 1462 1234 1507 sunt
1283 1454 1365 1506 vel
1401 1453 1720 1513 rationales.
1774 1452 1859 1505 vel

296 1555 620 1616 quaestores,
655 1547 734 1599 vel
766 1548 861 1613 (uti
898 1561 1043 1599 nunc
1106 1544 1464 1613 appellamus)
1517 1545 1771 1612 praesides
1804 1552 1860 1595 et

296 1639 592 1694 consiliarii
620 1653 866 1691 camerae.
903 1636 1139 1700 ilairam,
1187 1636 1474 1689 maximum
1516 1635 1707 1689 Turcis
1780 1635 1860 1686 fe-

294 1741 435 1783 stum
472 1738 574 1794 est,
607 1729 779 1783 instar
810 1728 1091 1783 Paschalis
1115 1727 1307 1790 nostri,
1338 1728 1481 1795 quod
1536 1742 1718 1781 mense
1754 1727 1858 1780 Ra-

1961 550 2040 600 ιὶ»
2076 547 2393 609 honorifice,
2426 561 2610 599 verum
2640 546 2805 600 etiam
2868 554 3134 598 tractatus
3162 554 3353 612 printer
3384 545 3497 611 lt-ga

1962 646 2137 692 torum
2161 640 2253 707 jus
2284 637 2463 691 fuerat
2494 653 2509 691 :
2545 638 2706 707 idque
2738 646 3047 707 propterea,
3081 636 3220 701 quod
3248 636 3524 689 vindicare

1962 746 2021 785 se
2050 731 2115 785 de
2139 731 2360 785 sultano
2389 729 2617 786 Tureico
2650 731 2871 793 vellent,
2938 728 3008 781 ob
3057 728 3414 794 ignominioso
3466 744 3525 780 ac

1962 821 2261 876 insolenter
2315 822 2526 876 habitos
2575 837 2604 875 a
2668 820 2869 875 Selime
2928 822 3081 890 prius
3107 820 3313 883 legatos
3367 835 3519 873 suos.

1960 913 2327 981 Burgurdelen
2357 928 2483 967 vero
2502 912 2835 967 Soleimanes
2861 911 3271 980 praecipiendam
3298 912 3524 976 putavit,

1961 1021 2028 1058 ne
2064 1019 2167 1071 qua
2202 1003 2346 1057 Savo
2385 1006 2632 1059 secundo
2652 1003 3114 1071 Belgradensibus
3169 1001 3431 1062 obsessis,
3461 1002 3525 1053 ad

1960 1112 2193 1164 quorum
2226 1096 2269 1148 is
2302 1096 2499 1149 mmnia
2531 1094 3069 1163 Danubiojungitur,
3130 1093 3314 1146 venire
3348 1092 3529 1145 subsi-

1961 1188 2046 1237 dia
2078 1196 2315 1253 possent.
2346 1185 2553 1253 Quippe
2586 1187 2952 1255 Burgurdelen
2980 1185 3143 1237 Turci
3178 1194 3371 1237 vocant
3398 1184 3529 1235 illud

1963 1272 2014 1327 in
2038 1276 2148 1341 ripa
2176 1274 2297 1328 Savi
2328 1277 2564 1329 fluminis
2594 1278 2873 1344 oppidum,
2896 1275 3037 1343 quod
3068 1274 3301 1345 lingaris
3325 1275 3530 1327 Sabacz

1962 1368 2283 1433 appellatur,
2322 1367 2557 1420 (:iuctutn
2591 1370 2833 1436 undique
2864 1366 3026 1428 Savo,
3058 1370 3109 1420 in
3133 1384 3297 1435 quem
3329 1367 3529 1418 Driuus

1964 1459 2163 1512 ibidem
2227 1475 2288 1512 ac
2340 1459 2636 1514 Baconsius
2692 1476 2882 1513 amnes
2948 1460 3201 1512 influunt.
3252 1458 3530 1510 Bouiiuius

1963 1549 2127 1602 refert
2155 1564 2297 1603 anno
2323 1548 2639 1603 Christiano
2682 1550 2818 1602 1470
2851 1550 3038 1601 initam
3084 1549 3251 1601 fuisse
3305 1547 3387 1597 vel
3441 1561 3528 1597 oc—

1962 1649 2169 1706 coptam
2199 1640 2454 1692 aedificari
2492 1641 2685 1693 molem
2725 1638 2926 1699 Sabaz.
2964 1639 3049 1691 cui
3084 1653 3278 1691 nomen
3313 1636 3528 1687 Turcus

1963 1729 2238 1792 indiderit,
2270 1730 2345 1782 uti
2369 1730 2542 1783 Sabaz
2578 1738 2881 1790 vocaretur,
2908 1731 3049 1795 quod
3079 1728 3305 1781 Turcica
3347 1728 3527 1788 lingua

295 1834 524 1874 malaue
548 1820 844 1881 celebmnt,
878 1835 985 1887 quo
1016 1827 1069 1872 et
1116 1818 1376 1887 jejunium
1411 1832 1568 1871 suum
1606 1816 1851 1883 'servaut,
1887 1797 1930 1856 Β
1960 1822 2205 1873 mirabile
2236 1822 2364 1888 quid
2395 1822 2682 1886 significet.
2722 1822 2976 1888 lnlelligit
3013 1832 3191 1873 autem
3228 1820 3392 1872 'l‘urci
3424 1835 3523 1870 tm-

293 1915 508 1984 integro
542 1929 730 1967 mense
798 1912 1016 1980 triginta
1052 1911 1288 1973 dierum,
1318 1926 1346 1962 a
1376 1911 1692 1976 crepusculo
1743 1926 1854 1962 ma-

294 2006 491 2068 tutino,
524 2020 694 2074 usque
720 2004 783 2057 ad
813 2004 945 2058 solis
974 2016 1254 2068 occasum,
1293 2002 1427 2055 nihil
1458 2001 1563 2056 cibi
1627 2011 1854 2071 potusve

293 2109 572 2153 sumentes
609 2105 697 2151 :et
730 2096 981 2151 absoluto
1008 2094 1233 2163 jejunio,
1262 2109 1421 2147 suum
1455 2095 1556 2149 hoc
1616 2094 1852 2155 Bairani,

292 2184 575 2239 Paschalis
608 2186 659 2240 in
701 2201 923 2248 merent,
949 2194 1234 2255 peragunt.
1264 2184 1463 2254 Duplex
1498 2194 1673 2237 autem
1733 2183 1856 2237 Bai-

293 2293 410 2332 ram
445 2278 639 2332 Turcis
662 2278 712 2330 in
743 2294 839 2331 usu
871 2287 972 2332 est.
1009 2277 1214 2341 Unum,
1277 2292 1463 2333 mense
1522 2276 1851 2343 Ramazane,

292 2370 360 2422 de
388 2384 493 2438 quo
516 2384 656 2423 nunc
694 2370 926 2437 agimus,
978 2369 1197 2436 etquod
1238 2368 1431 2435 Bujuc,
1485 2370 1600 2423 sive
1656 2368 1850 2436 majus,

292 2468 387 2512 aut
429 2475 675 2529 magnum
736 2461 1034 2528 appellant.
1085 2460 1213 2528 Ejus
1268 2475 1429 2528 supra
1484 2460 1850 2524 meminimus,

291 2552 470 2620 capite
501 2552 558 2604 11
587 2560 639 2609 et
670 2553 757 2605 53.
790 2553 1059 2613 Alterum,
1100 2553 1380 2621 sexaginta
1408 2552 1529 2621 plus
1563 2554 1744 2607 minus
1788 2554 1855 2607 ab

291 2643 399 2695 hoc
428 2642 618 2697 diebus
670 2643 1005 2706 celebratur,
1054 2650 1107 2696 et
1145 2641 1577 2696 Cliazilariorum
1642 2643 1852 2697 Bairani

291 2733 516 2795 dicitur,
551 2732 653 2786 hoc
707 2742 789 2786 est
853 2733 1253 2800 religiosorum,
1308 2734 1400 2802 qui
1462 2736 1855 2805 peregrinatio-

294 2838 419 2877 nem
450 2822 560 2876 voti
582 2838 711 2891 ergo
740 2824 1069 2893 suscipiunt,
1102 2826 1168 2878 ad
1194 2826 1526 2880 visitandum
1570 2826 1853 2881 Mahume—

291 2916 361 2969 tis
393 2915 668 2983 propheta:
699 2916 781 2970 sui
818 2916 1131 2984 sepulcrum
1168 2916 1546 2979 Meccbanum,
1588 2926 1646 2971 ut
1675 2918 1856 2971 indul-

289 3007 499 3072 gentias
521 3014 865 3073 peccatorum
891 3022 1113 3060 suorum
1143 3007 1263 3060 istic
1296 3008 1610 3076 impetrent.
1645 3007 1855 3077 Quippe

287 3096 475 3153 caeteri
510 3095 575 3149 ad
605 3096 765 3169 hujus
792 3096 1230 3153 observationem
1263 3097 1483 3150 Bairani
1516 3113 1624 3152 non
1658 3108 1851 3153 tenen-
1877 3124 1923 3189 ο

289 3199 400 3241 tur.
439 3185 669 3255 Ideoque
693 3186 899 3254 Cutzug
928 3186 1139 3245 Bairam
1181 3188 1248 3245 ab
1278 3188 1359 3242 eis
1414 3190 1739 3258 appellatur,
1772 3191 1852 3244 uti

289 3281 491 3333 festum
515 3281 811 3340 minus,aut
830 3291 1075 3345 parvum.
1093 3277 1277 3348 Neque
1297 3294 1424 3334 vero
1441 3280 1542 3335 sibi
1562 3282 1856 3351 quidquam

286 3369 777 3438 adimpetrandum
823 3368 1040 3423 veniam
1127 3370 1494 3425 admissorum
1548 3370 1855 3425 facinorum

286 3463 549 3539 prodesse
568 3470 754 3531 putant
770 3461 936 3516 solam
957 3459 1232 3514 Mecchani
1259 3462 1444 3528 templi
1465 3461 1852 3527 visitationem,

288 3555 743 3613 ui-Bethleemam
776 3569 987 3626 quoque
1039 3569 1160 3611 cum
1198 3553 1590 3626 Hierosolymis
1638 3556 1853 3620 adeant,

289 3654 368 3705 uti
402 3652 560 3719 paulo
592 3661 716 3704 ante
768 3649 1230 3719 significabamus.
1282 3647 1419 3702 Hine
1465 3664 1594 3702 vero
1644 3657 1853 3702 certum

287 3743 488 3795 mortis
509 3742 704 3795 sultani
738 3738 1182 3811 Selimistempus
1206 3741 1475 3807 colligitur
1493 3740 1694 3808 alioqui
1725 3755 1857 3791 con-

288 3846 619 3886 troversum.
656 3830 863 3899 Quippe
896 3830 1094 3899 legitur
1166 3829 1305 3898 apud
1359 3829 1599 3895 Jovium,
1648 3830 1854 3882 exstin-

284 3932 435 3976 ctum
479 3922 735 3975 Sttlimetn
804 3937 951 3977 anno
996 3924 1308 3979 Christiano
1346 3915 1504 3988 1519,
1574 3924 1661 3977 die
1707 3923 1855 3981 deei-

285 4031 378 4068 mo
412 4022 610 4084 quarto
665 4016 867 4069 mensis
899 4014 1180 4070 Februarii
1217 4031 1377 4069 :eum
1418 4015 1752 4071 Sausovinus
1798 4022 1854 4070 et

283 4111 380 4163 alii
434 4111 615 4162 verius
661 4110 886 4163 omnino
944 4110 1182 4172 tradant,
1226 4111 1275 4160 id
1342 4110 1613 4165 accidisse
1666 4125 1853 4165 mense

282 4200 621 4269 Septembri,
662 4214 805 4252 anno
844 4199 998 4253 1520.
1028 4200 1237 4265 Quippe
1280 4199 1449 4266 Buqu
1477 4200 1689 4253 llairatu
1723 4213 1854 4258 tunc

280 4292 541 4357 instabat,
578 4291 718 4358 quod
748 4291 977 4345 Selimes
1029 4292 1407 4351 celebraturus
1457 4302 1573 4347 erat
1622 4292 1850 4355 Hadria-

276 4384 492 4453 nopoli,
525 4384 569 4439 si
596 4391 873 4453 superstes
901 4382 1114 4444 fuisset.

272 4498 408 4554 216.
432 4497 754 4553 Soleimattes
781 4497 932 4550 initio
954 4498 1098 4564 regni
1123 4495 1441 4563 Belgradum
1466 4497 1685 4559 obsidet,
1714 4497 1849 4551 Bur-

457 4567 705 4636 gurdelen
745 4581 860 4618 cum
894 4582 956 4618 ea
992 4568 1154 4633 capit,
1187 4566 1408 4626 Sabaea,
1446 4565 1688 4622 Sabatia.

352 4658 554 4723 Causa,
586 4673 684 4712 cur
736 4671 958 4727 regnum
991 4656 1309 4725 auspicatus
1345 4657 1709 4721 Soleimanes,
1744 4657 1855 4711 Un-

273 4752 432 4823 garis
474 4764 597 4804 mox
631 4748 833 4803 bellum
870 4747 1115 4813 inferret,
1153 4764 1261 4801 non
1290 4757 1408 4802 erat
1466 4749 1568 4802 alia
1640 4765 1854 4817 reapse,

272 4859 448 4915 quam
467 4851 612 4897 certa
644 4856 768 4910 spes
802 4839 1105 4908 occupandi
1159 4839 1431 4909 Belgradi,
1472 4855 1595 4894 cum
1645 4843 1856 4897 caeteris

271 4936 400 5003 ejus
436 4932 585 5002 regni
623 4930 916 5001 provinciis
964 4939 1020 4983 et
1064 4930 1297 4998 oppidis,
1366 4944 1494 4999 rege
1556 4928 1855 4999 Ludovico,

277 5024 547 5085 \‘ladislai
579 5024 713 5087 filio,
753 5022 986 5075 necdum
1011 5036 1106 5090 per
1141 5030 1354 5075 tetatem
1418 5024 1483 5074 ad
1542 5020 1857 5091 gubernan-

273 5120 410 5173 dum
445 5116 661 5177 idoneo,
686 5123 737 5168 et
761 5127 1045 5182 procerum
1074 5127 1324 5177 suorum,
1356 5119 1465 5164 tam
1510 5113 1853 5166 saecularium

271 5224 446 5279 quam
473 5206 969 5262 ecclesiastieorum
995 5204 1331 5273 contemptui
1397 5204 1644 5271 exposito
1676 5221 1688 5256 :
1761 5206 1853 5271 qui

273 5299 591 5369 posthabita
646 5296 911 5366 dignitate
968 5298 1109 5365 regis
1186 5304 1241 5348 et
1288 5295 1463 5349 salute
1518 5294 1852 5362 reipublicae,

271 5392 397 5446 suis
426 5390 691 5443 duntaxat
718 5387 1042 5453 commodis,
1076 5387 1382 5449 ambitioni,
1442 5386 1589 5437 luxui
1662 5384 1853 5437 fastui-

270 5496 384 5551 que
434 5480 501 5534 ab
557 5479 841 5533 hominum
891 5478 1151 5531 memoria
1209 5478 1474 5537 inaudito,
1538 5476 1849 5530 studebant.

272 5571 636 5629 Occasionem
671 5585 800 5624 vero
834 5572 983 5638 pacis
1009 5569 1425 5638 abrumpendae.
1464 5567 1850 5636 Spaudugintts

273 5667 423 5718 hanc
446 5664 696 5729 exposuit
727 5681 741 5718 :
771 5662 915 5732 quod
960 5662 1166 5730 legatus
1224 5658 1574 5720 Soleimanis,
1630 5656 1694 5709 ad
1752 5656 1849 5709 de-

274 5755 645 5815 nuntiandutu
681 5754 916 5823 Ungaris
944 5753 1142 5808 bellum
1193 5752 1413 5813 missus,
1478 5750 1526 5802 ni
1590 5750 1844 5802 tributum

1876 4457 1923 4515 ἰ)

1969 1912 2112 1964 mine
2176 1914 2451 1967 sultanum
2504 1913 2921 1975 Muchemctem,
2982 1911 3237 1979 Bajazitis
3298 1925 3525 1978 patrmn.

1958 2003 2175 2059 Selituis
2205 2020 2385 2065 avum,
2417 2004 2747 2057 Soleimanis
2769 2018 3051 2073 proavum.
3078 2002 3285 2068 Quippe
3304 2002 3409 2054 Mm
3429 2002 3523 2053 hc-

1958 2110 2150 2159 metes,
2182 2110 2209 2148 a
2242 2094 2487 2165 Belgradi
2514 2095 2813 2154 obsidione,
2840 2109 2982 2146 anno
3011 2093 3327 2145 Christiano
3362 2092 3521 2150 1.1236,

1958 2188 2142 2243 invicti
2179 2188 2332 2243 ducis
2387 2188 2654 2241 lluniadis
2717 2188 2915 2240 virtute
2976 2187 3233 2253 turpiter.
3270 2186 3525 2249 rejertus,

1961 2281 2099 2333 hanc
2156 2291 2434 2334 exstruere
2492 2280 2904 2349 quatuordccim
2959 2286 3079 2347 post
3141 2278 3298 2331 anuis
3348 2293 3523 2331 arcem

1958 2370 2129 2423 Voluit
2173 2369 2237 2422 ad
2273 2369 2496 2434 Savum,
2544 2386 2573 2424 e
2636 2370 2853 2437 regiooe
2905 2367 3223 2422 Sirmiensis
3271 2367 3406 2434 agri,
3472 2375 3529 2418 ut

1958 2462 2081 2517 inde
2118 2463 2253 2516 fines
2299 2459 2599 2530 Ungaricos
2649 2461 2906 2514 invadere
2958 2476 3057 2529 pro
3098 2459 3265 2512 lubitu
3328 2469 3527 2525 posset.

1958 2554 2095 2611 llinc
2122 2568 2275 2607 novae
2298 2553 2585 2607 munitioni
2607 2552 2906 2621 superbum
2940 2566 3137 2604 nomen
3167 2552 3353 2604 datum
3388 2550 3528 2601 Bon-

1960 2644 2121 2699 finius
2143 2644 2373 2714 putavit.
2421 2644 2524 2697 Sed
2567 2653 2751 2711 postea
2795 2654 2976 2695 tamen
3010 2642 3311 2703 Sabatiam,
3364 2641 3529 2693 veluti

1959 2738 2255 2799 Savatiam,
2292 2752 2319 2789 a
2358 2737 2502 2790 Savo
2556 2735 2773 2788 flumine
2819 2736 2998 2803 potius
3054 2734 3249 2786 dictam
3307 2732 3528 2787 fatetur.

1957 2833 2070 2885 Rex
2109 2838 2293 2884 autem
2329 2828 2611 2891 Matthias,
2641 2826 2907 2881 lluniadis
2942 2826 3101 2886 illius,
3163 2840 3309 2877 auuo
3360 2824 3527 2877 Chri—

1956 2923 2135 2976 stiano
2165 2919 2325 2982 M75,
2358 2918 2697 2972 Muchcmete
2753 2918 2928 2969 adhuc
2990 2918 3306 2984 superstite,
3361 2916 3533 2968 Saba-

1957 3013 2081 3067 tiam
2107 3012 2155 3065 vi
2192 3017 2555 3079 expugnatam
2588 3009 2791 3076 recepit
2824 3026 2835 3058 :
2872 3023 2898 3059 a
2926 3016 3290 3075 quotempure
3315 3015 3529 3059 nostro-

1957 3121 2072 3158 rum
2098 3106 2152 3157 in
2186 3110 2455 3172 potestate
2484 3103 2683 3155 mansit
2710 3101 2772 3153 ad
2809 3099 2915 3153 hoc
2959 3113 3135 3167 usque
3188 3099 3388 3151 bellum
3425 3099 3529 3149 So-

1958 3194 2326 3249 leimanicum.
2356 3192 2487 3251 Alba
2513 3190 2695 3247 Graeca
2746 3192 2946 3258 potitos
3006 3190 3218 3243 Tureos
3273 3202 3533 3243 notavere

1958 3286 2134 3343 nostri
2161 3299 2305 3339 anno
2341 3284 2497 3348 1521,
2530 3283 2619 3337 die
2649 3283 2914 3338 vicesimo
2972 3292 3173 3353 quarto
3220 3281 3390 3336 Junii.

1985 3399 2152 3471 488
2200 3397 2326 3451 217.
2370 3397 2547 3471 ΒΙιοᾷὲ
2587 3397 2819 3471 obsidia.
2878 3397 3151 3471 plet-mere,
3198 3393 3492 3457 Marmora,

2497 3464 2688 3521 Portus
2730 3468 3002 3535 Pitysicus.

2030 3538 2101 3614 [ie
2127 3559 2459 3615 Mentesiana
2493 3557 2696 3611 ditione
2729 3555 2934 3609 dictum
2969 3570 3161 3624 supra,
3222 3554 3398 3621 capite
3440 3555 3526 3613 1:5.

1956 3653 2202 3707 Videuda
2274 3665 2493 3719 quoque
2544 3647 2771 3700 Natoliar.
2827 3647 3013 3699 tabula
3092 3644 3527 3715 geographorunt

1956 3744 2220 3813 principis
2248 3740 2462 3796 Ortelii.
2500 3738 2767 3793 Mermere
2801 3737 2994 3791 Turcis
3018 3737 3326 3803 appellatur
3368 3735 3525 3804 oppio

1955 3836 2081 3889 dum
2109 3832 2374 3886 Anatolia‘.
2413 3830 2773 3904 maritimum,
2802 3845 2829 3881 ει
2860 3828 3022 3895 cujus
3049 3836 3202 3895 portu
3235 3826 3404 3880 distat
3438 3826 3526 3877 iu-

1957 3924 2190 3979 tervallo
2222 3938 2327 3977 non
2362 3936 2559 3990 magno
2594 3919 2838 3974 Rhodus.
2883 3919 3080 3987 Oppidi
3114 3933 3308 3971 nomen
3326 3916 3529 3971 Grmcis

1953 4025 2037 4070 est
2070 4013 2359 4078 Marmora,
2396 4021 2586 4079 portus
2621 4019 2827 4069 autem,
2856 4012 3080 4074 Phisco,
3113 4023 3211 4077 pro
3258 4024 3366 4076 quo
3392 4009 3528 4074 legi-

1954 4119 2041 4161 tur
2077 4105 2344 4159 inOrtelii
2386 4103 2600 4157 Natolia
2662 4102 2904 4166 Fisehio,
2969 4117 3077 4159 non
3136 4110 3284 4154 recte
3322 4108 3524 4158 tamen.

1953 4198 2171 4269 quando
2198 4197 2445 4266 Physcus
2487 4194 2649 4248 etiam
2709 4194 2990 4262 Sophiano
3059 4193 3338 4246 scribitur.
3378 4189 3527 4245 Situs

1952 4300 2036 4342 est
2066 4304 2095 4341 e
2126 4287 2351 4355 regione
2382 4294 2571 4352 portus
2611 4283 2835 4344 Rhodii.
2900 4283 2991 4351 qui
3029 4283 3096 4336 ab
3128 4281 3229 4335 hoc
3261 4282 3524 4335 duntaxat

1952 4376 2257 4433 octodecim
2290 4373 2618 4429 milliaribus
2650 4372 2855 4428 Graecis
2884 4372 3241 4441 disjungitur.

2042 4467 2168 4522 218.
2202 4467 2401 4535 Megale
2431 4467 2632 4520 Mastor
2676 4464 2867 4529 Rhodi,
2902 4464 3144 4527 Staukoi,
3180 4464 3433 4517 Bedrum.

2027 4560 2210 4616 Grarca
2235 4574 2369 4612 voce
2397 4558 2475 4612 Tu
2487 4559 2558 4611 rei
2579 4571 2794 4626 quoque
2821 4556 3054 4625 μεγάλαν
3072 4557 3316 4623 μάστορα
3335 4562 3530 4607 vocant

1959 4667 2212 4718 magnum
2253 4649 2427 4703 Rhodi
2470 4650 2820 4719 magistrum,
2881 4647 2963 4701 vel
3013 4647 3224 4701 ordinis
3287 4646 3527 4712 equitum

1959 4742 2299 4795 Rhodiorum
2328 4740 2653 4808 principem.
2686 4738 2735 4793 Is
2755 4737 2942 4792 eratid
2968 4736 3228 4803 temporis
3250 4734 3529 4807 Philippus

1959 4832 2212 4886 Villerius
2244 4822 2578 4891 Liladamus,
2618 4828 2837 4881 natione
2863 4827 3104 4888 Gallus:
3153 4826 3247 4894 qui
3280 4825 3531 4893 Fabricio

1958 4923 2023 4977 de
2050 4923 2266 4976 Caretto
2281 4928 2409 4974 nato
2433 4934 2463 4974 e
2496 4918 2698 4973 familia
2719 4917 3092 4979 marchionum
3126 4916 3531 4983 Finariensium

1959 5015 2011 5067 in
2047 5013 2262 5082 Liguria
2297 5012 2582 5066 Saxonica:
2610 5008 2824 5078 stirpis,
2860 5024 2962 5073 nec
2998 5010 3074 5075 ita
3123 5010 3326 5061 dudum
3381 5024 3528 5061 mor-

1959 5111 2461 5169 tuo,suecesserat.
2525 5100 2739 5155 Deditio
2801 5097 2979 5165 Rhodi
3034 5100 3177 5155 facta
3230 5099 3331 5153 fuit
3384 5114 3529 5152 anno

1955 5198 2267 5255 Christiano
2307 5196 2467 5253 1522.
2501 5193 2589 5254 die
2618 5192 2880 5251 vicesimo
2938 5192 3129 5260 quinto
3186 5195 3390 5245 mensis
3428 5193 3528 5245 De-

1956 5288 2212 5351 cembris,
2281 5286 2534 5339 videlicet
2605 5283 2853 5336 natalitio
2920 5281 3144 5344 ChriSti,
3205 5298 3314 5351 quo
3361 5282 3525 5334 etiam

1958 5380 2296 5433 Soleimanes
2328 5378 2514 5429 urbem
2538 5373 2748 5442 ingredi
2778 5375 2969 5426 voluit.
2996 5374 3125 5426 Erat
3158 5374 3211 5425 in
3247 5382 3511 5441 potestate

1958 5470 2288 5525 llhodiorum
2321 5468 2563 5534 equitum
2604 5464 2797 5519 nobilis
2863 5480 3081 5534 quoque
3143 5464 3250 5517 Cos
3321 5466 3523 5523 insula,

1958 5562 2300 5632 Hippocratis
2325 5560 2518 5613 medici
2554 5560 2751 5628 patria,
2783 5573 2943 5627 quam
2984 5557 3102 5609 Itali
3124 5564 3301 5608 nautze
3335 5553 3523 5620 Laugo

1956 5654 2258 5715 nominant,
2281 5650 2451 5705 (ΙΙ-αξρί
2477 5652 2607 5718 στὴν
2642 5649 2753 5714 Κῶ,
2775 5650 2921 5702 velut
2964 5648 3040 5709 εἰς
3064 5646 3160 5713 τὴν
3194 5644 3327 5707 κῶν,
3355 5643 3522 5699 Turci

1958 5745 2201 5799 Staukoi.
2243 5745 2363 5799 llaec
2396 5744 2578 5799 itidem
2615 5740 2937 5798 Soleitnauis
2973 5738 3025 5791 itt
3061 5751 3275 5795 manus.
3321 5736 3521 5789 atni-sa
