4198 6426
252 361 360 423 893

1412 362 1776 422 PANDECT.
1827 365 1872 424 11
1891 364 2027 423 lST.
2066 366 2104 425 ’1
2121 366 2371 428 URCIC.

3403 364 3507 427 891

256 473 463 527 foribus
499 472 788 539 pranderet
814 472 1036 539 (misere
1073 470 1292 540 quidem
1342 482 1491 526 certe
1545 474 1823 528 viclilassc
1858 484 1891 537 Λ
1930 495 2018 529 ms
2048 497 2243 535 mares.
2274 481 2471 535 Postea
2504 492 2657 533 suam
2683 478 2883 532 Joanni
2912 476 3076 530 filiam
3098 473 3403 537 Isabellazn,
3436 491 3501 526 ex

256 580 435 634 regem
467 565 631 623 hunc.
665 564 1047 621 defraudatum
1072 570 1125 616 et
1148 564 1503 632 contemptim
1528 564 1772 617 habitum
1799 580 1829 618 a.

252 657 571 725 proceribus
608 654 865 723 Ungaris,
901 654 1288 722 regiointerim
1342 654 1473 709 luxu
1529 655 1827 709 difiluenti-

256 748 377 808 bus,
411 746 565 800 testis
595 746 882 803 occulatus
934 743 1325 799 Herbestainus
1361 744 1500 797 Baro
1552 746 1830 799 memoria:

252 835 837 907 prodidit),acoessisse
868 838 933 889 ad
954 837 1094 890 arcis
1123 846 1330 904 portam
1351 845 1631 905 spectrum
1658 838 1831 904 quod-

251 930 735 991 dam,uteventns
757 929 959 990 docuit.
993 928 1047 981 in
1103 928 1277 982 forma
1328 928 1569 983 hominis
1624 928 1827 983 fcedum

253 1022 305 1075 in
334 1022 553 1075 modum
579 1021 800 1079 distorti
828 1030 882 1074 et
913 1020 1297 1083 elaudicantis,
1320 1020 1540 1089 altaque
1567 1035 1700 1075 voce
1728 1023 1829 1074 lla-

252 1115 453 1182 gitasse
480 1112 810 1181 colloquium
859 1112 1021 1181 regis,
1081 1115 1167 1165 cui
1218 1111 1535 1168 necessario
1573 1112 1826 1181 quaedam

251 1205 589 1261 indicaturus
607 1211 772 1268 esset,
798 1203 865 1257 ad
902 1206 1105 1273 regiam
1139 1203 1403 1274 regnique
1440 1204 1673 1260 salutem
1702 1219 1831 1273 per-

252 1300 502 1352 tinentia.
535 1296 784 1367 Cumque
812 1298 1093 1371 neglectus
1149 1297 1326 1363 initio,
1357 1300 1504 1367 quod
1567 1298 1621 1351 in
1688 1299 1829 1353 aulis

254 1392 367 1443 ﬁeri
403 1392 559 1456 solet,
596 1406 741 1450 nunc
772 1390 949 1445 altiori
989 1387 1247 1455 clamore,
1280 1405 1427 1445 nunc
1486 1390 1693 1459 ejulatu
1730 1391 1830 1446 ad-

252 1484 443 1547 hibito,
476 1484 526 1537 id
561 1485 634 1537 uti
657 1482 1059 1552 quamprimum
1083 1483 1193 1551 regi
1226 1482 1656 1551 significaretur,
1683 1491 1831 1551 pete-

253 1587 336 1631 ret
368 1595 381 1630 :
420 1576 633 1631 tandem
657 1576 890 1631 hominis
920 1576 1330 1646 importunitate
1348 1584 1648 1630 commotos
1662 1589 1823 1643 quos-

252 1670 401 1734 dam,
430 1684 553 1722 cum
622 1678 775 1723 extra
827 1683 1011 1737 regem
1055 1667 1237 1737 ipsum
1287 1665 1491 1721 nemini
1556 1673 1826 1721 secretum

254 1762 361 1815 hoc
380 1774 439 1816 se
453 1751 845 1829 patefacturum
866 1759 1088 1823 diceret,
1116 1773 1227 1810 rem
1250 1756 1314 1810 ad
1334 1772 1514 1826 regem
1533 1755 1822 1809 detulisse:

251 1853 345 1923 qui
378 1869 501 1908 mox
537 1853 687 1908 abire
717 1852 1006 1921 quemdam
1036 1865 1066 1904 e
1099 1849 1562 1918 splendidioribus
1611 1848 1826 1911 aulicis,
1863 1852 1903 1907 Β

249 1953 301 1999 ct
326 1945 581 1999 simulata
616 1960 845 2014 persona
871 1943 1195 2013 t'egia,quid
1249 1940 1373 2003 istic
1424 1941 1610 1994 arcani
1660 1950 1824 2005 esset,

250 2052 492 2109 quaerere
516 2036 765 2106 jusserit.
801 2035 940 2088 Tum
971 2048 1099 2089 vero
1159 2032 1417 2089 claudum
1454 2032 1607 2085 illum
1646 2032 1712 2085 de
1741 2046 1828 2084 ar-

248 2146 390 2185 cano
412 2131 705 2185 revelando
735 2130 880 2183 velut
909 2144 937 2183 11
984 2142 1109 2197 rege
1154 2134 1427 2195 prtesento
1472 2124 1824 2193 appellatum,

249 2238 481 2294 negasse
511 2224 750 2295 primum
789 2223 936 2276 hunc
965 2236 1088 2276 esse
1136 2233 1346 2284 regem,
1414 2217 1607 2271 deinde
1640 2215 1828 2285 subje-

248 2316 392 2372 cisse
425 2330 626 2385 regem,
660 2313 753 2385 qui
785 2329 844 2368 se
871 2311 1059 2367 audire
1088 2310 1273 2373 nollet,
1302 2309 1449 2364 brevi
1482 2307 1815 2377 petiturum,

248 2414 411 2473 atque
450 2404 535 2459 his
579 2403 828 2474 prolatis,
884 2402 937 2455 in
988 2400 1163 2457 oculis
1206 2399 1448 2452 omnium
1511 2397 1822 2451 evanuisse.

248 2497 623 2552 Memorabilis
656 2512 787 2552 sane
814 2496 993 2565 plures
1018 2494 1088 2549 ob
1146 2508 1345 2547 causas
1376 2491 1625 2554 historia,
1661 2503 1823 2556 quam

246 2590 500 2658 equidem
528 2588 648 2644 loco
697 2598 806 2642 tam
834 2586 1034 2642 idoneo
1084 2584 1312 2640 minime
1369 2580 1552 2652 putavi
1606 2580 1825 2635 silentio

243 2682 696 2751 praetereundam.

522 2772 647 2826 222.
686 2770 863 2824 Novus
893 2771 1333 2826 Dervislariorum
1361 2779 1552 2824 motus.

318 2865 421 2930 Qui
450 2865 782 2918 Calendcres
820 2863 1013 2917 Turcis
1039 2865 1315 2923 dii-untur,
1350 2863 1443 2931 qui
1485 2859 1821 2921 Dervislarii,

242 2964 586 3018 declaratum
646 2964 902 3029 superius
933 2960 1113 3029 capite
1149 2959 1269 3012 1Ἶ1.
1305 2958 1670 3012 Dervislarios
1698 2955 1821 3023 qui-

239 3058 369 3109 dem
402 3069 524 3108 esse
567 3068 764 3106 nomen
807 3052 1081 3121 generale,
1133 3064 1243 3119 quo
1271 3050 1598 3104 Calenderes
1647 3057 1701 3099 et
1728 3047 1819 3099 alii

239 3148 431 3215 capite
479 3147 628 3200 dicto
674 3144 928 3199 recensiti
980 3142 1543 3210 comprehendantur,
1599 3141 1682 3193 vel
1719 3140 1818 3191 hoc

238 3242 414 3291 etiam
444 3254 508 3292 ex
563 3239 680 3291 loco
716 3237 1062 3307 perspicitur.
1094 3234 1363 3289 Calender
1427 3243 1606 3287 autem
1639 3232 1819 3287 Zelel-i

240 3328 516 3397 s‘gnificat
548 3328 901 3382 Caleuderent
946 3327 1062 3381 sive
1103 3327 1421 3395 religiosum
1455 3325 1716 3383 nobilem.
1758 3339 1820 3376 cx

237 3435 416 3472 causa
477 3419 531 3471 in
572 3420 706 3487 ipsis
737 3418 1032 3472 annalibus
1063 3416 1338 3487 exposita,
1367 3419 1510 3487 quod
1558 3419 1821 3485 originem

236 3512 702 3579 generis,scilicet
725 3512 789 3565 ad
815 3513 1031 3566 Chasim
1057 3512 1621 3576 Bectasem,relerret;
1642 3511 1820 3579 cujus,

239 3615 307 3657 111
337 3605 685 3659 auctoritatis
717 3606 844 3657 olim
885 3620 1114 3659 summae
1145 3605 1270 3664 viri,
1306 3603 1511 3659 mentio
1557 3604 1696 3659 facta
1724 3606 1822 3657 fuit

239 3698 301 3752 in
367 3695 783 3759 vita-Urclianis
818 3696 998 3759 Gasis,
1036 3696 1294 3751 Osmanis
1328 3696 1447 3760 lilii,
1485 3712 1592 3751 non
1630 3698 1819 3764 procul

238 3796 315 3845 ab
337 3794 616 3846 annalium
649 3792 826 3845 initio.

233 3908 376 3962 223.
438 3905 643 3957 Bonum
699 3903 903 3956 Erdelii
955 3902 1279 3957 Soleimanes
1336 3900 1584 3966 Una/tria:
1649 3917 1819 3968 regem

317 3986 481 4029 creat.
529 3975 718 4028 Causa:
762 3989 1156 4042 progressum,
1201 3989 1329 4041 quos
1388 3971 1546 4024 Τυτεί
1590 3973 1819 4040 fecerunt

314 4048 369 4098 in
407 4044 667 4114 Ungaria.

320 4161 396 4215 [1ο
434 4159 563 4211 Bani
618 4158 882 4226 dignitate
933 4156 1290 4209 tractavimus
1348 4156 1527 4223 capite
1592 4155 1714 4217 1⁸74,
1756 4155 1821 4209 de

235 4253 476 4305 Ardelio
505 4251 590 4304 vel
628 4249 845 4302 Erdelio
902 4248 1082 4316 capite
1119 4246 1239 4301 105.
1272 4247 1476 4299 Bonum
1529 4246 1617 4299 hic
1645 4247 1818 4300 Erde-

235 4345 301 4395 lii
337 4352 533 4394 vocant
565 4340 811 4401 annales,
873 4354 1035 4407 quem
1092 4342 1265 4390 nostri
1320 4354 1424 4389 non
1462 4336 1691 4397 Banum.
1722 4338 1816 4392 sed

232 4432 536 4485 vaivodam
571 4430 770 4483 Erdelii
797 4431 912 4481 sive
952 4427 1391 4496 Transsylvanim
1443 4438 1702 4496 perpetuo
1731 4430 1816 4481 di-

230 4531 462 4577 xerunt.
497 4520 546 4572 ls
578 4530 707 4572 tunc
755 4518 1019 4585 temporis
1048 4529 1167 4571 erat
1198 4516 1441 4571 Joannes
1471 4519 1539 4572 de
1562 4518 1784 4587 Zapolio

228 4625 432 4666 comes
455 4607 807 4675 Cepisiensis,
836 4604 1087 4675 Ungariae
1118 4608 1325 4675 pestis:
1365 4608 1456 4673 qui
1491 4616 1619 4662 ante
1670 4624 1810 4677 prm-

232 4703 381 4756 lium
421 4698 490 4752 de
546 4698 809 4751 industria
875 4697 1083 4751 tardius
1143 4697 1208 4749 ad
1258 4693 1592 4752 Ludovicunt
1629 4716 1808 4769 regem

227 4791 434 4858 copias
461 4789 753 4843 auxiliares
774 4786 1007 4850 ducens,
1030 4804 1208 4853 regem
1249 4802 1373 4843 cum
1404 4790 1520 4843 suis
1552 4790 1604 4844 in
1633 4802 1811 4846 θυι-ει

232 4897 397 4936 mum
429 4880 558 4933 illud
582 4880 873 4934 discrimen
902 4880 1201 4946 conjecisse
1222 4881 1482 4942 creditur,
1505 4892 1563 4935 ut
1593 4883 1802 4938 ambitu

231 4971 462 5027 nefario
496 4972 799 5038 pervenire,
858 4985 1000 5023 caeso
1033 4970 1328 5033 Ludovico,
1370 4975 1639 5038 genuinus
1667 4977 1815 5029 scili-

228 5084 248 5115 1
272 5074 332 5116 et
372 5062 644 5129 Ungarus,
694 5062 757 5113 ad
794 5076 1018 5129 regnum
1052 5071 1254 5130 posset.
1304 5062 1434 5116 Eam
1477 5067 1547 5119 ob
1583 5084 1807 5122 causam

224 5155 457 5209 dudum
484 5168 700 5221 quoque
740 5154 1001 5207 Ludovici
1052 5170 1297 5208 sororem
1346 5156 1579 5218 Annam.
1629 5161 1815 5214 Perdi-

222 5248 450 5307 nando,
486 5247 665 5312 magni
694 5244 1043 5300 Maximiliani
1075 5248 1306 5301 Caesaris
1335 5250 1515 5317 nepoti
1567 5252 1808 5320 despon-

222 5352 362 5393 sam
410 5350 438 5385 a
502 5334 777 5388 Vladislao
829 5347 980 5402 patre
1017 5338 1358 5404 pauloaute,
1406 5356 1571 5408 quam
1607 5359 1636 5395 e
1674 5346 1809 5398 vivis

218 5432 557 5489 excederet.
580 5428 781 5482 frustra
807 5431 933 5484 licet
962 5432 1265 5486 ambit-erat
1293 5450 1308 5498 ;
1344 5442 1399 5486 ut
1424 5450 1489 5488 eo
1522 5435 1642 5502 plus
1668 5438 1813 5505 juris

224 5522 311 5574 ad
346 5534 597 5587 regnum,
640 5519 803 5589 5.90
834 5522 1103 5591 siquidem
1136 5526 1386 5579 sororius
1423 5528 1568 5592 regis
1608 5529 1802 5584 fuisset

227 5614 453 5675 factus,
486 5612 729 5665 haberet.
773 5614 955 5690 .lpsius
990 5625 1171 5670 autem
1203 5617 1429 5673 Joannis
1465 5617 1809 5688 Zapolicnsis

230 5716 502 5757 sororem
530 5702 702 5768 primo
733 5706 835 5758 sibi
892 5710 1239 5762 matrimonio
1291 5711 1469 5771 juuxit
1502 5712 1808 5777 Sigismun-

224 5794 355 5847 dus
374 5794 612 5848 Polonirc
645 5810 757 5851 rex.
779 5813 805 5850 e
834 5815 939 5853 una
967 5811 1147 5855 tamen
1173 5802 1353 5857 nullos
1407 5808 1647 5859 suscepit
1679 5804 1806 5859 lihe-

1931 587 2103 627 atcro
2132 575 2389 643 conjugio
2410 584 2613 637 natam,
2644 573 3027 640 Sigismundus
3060 587 3285 624 urnrem
3313 571 3485 630 dedit.

1933 678 1989 721 111
2016 667 2155 721 infra
2176 668 2374 721 dicturi
2404 668 2669 735 prolixius
2692 681 2903 721 sumus.
2936 664 3252 720 Creduntur
3275 661 3504 716 Joannis

1930 777 2107 815 causa:
2148 761 2350 815 favisse
2374 759 2582 822 Poloni,
2608 771 2839 826 eamque
2873 755 3071 812 studiis
3101 754 3357 809 maximis
3381 769 3503 804 cum
3546 782 3549 785 ‹

1929 871 2025 923 per
2054 855 2213 913 alios.
2244 865 2353 906 tum
2413 868 2510 917 per
2566 850 2958 920 Hieronymum
2997 847 3255 909 Lascum,
3296 846 3501 899 Alberti

1929 961 2159 1017 patrem,
2183 948 2478 1002 Soleimani
2511 946 2841 1008 Osmanidte,
2863 959 2925 997 ac
2958 942 3255 996 Francisco
3285 940 3504 993 Valesio

1929 1043 2205 1095 Gallorum
2244 1041 2381 1109 regi,
2427 1040 2587 1093 bonis
2624 1038 2837 1091 scilicet
2876 1037 2983 1089 illis
3014 1032 3409 1088 confmderatis
3442 1046 3506 1084 ac

1931 1136 2118 1190 sociis.
2153 1134 2204 1185 in
2236 1134 2622 1186 detrimentum
2649 1129 2960 1198 reipublicae
2986 1128 3315 1180 Chrisﬁanm
3354 1139 3505 1176 con"-

1930 1230 2222 1283 mendasso
2255 1245 2267 1282 :
2300 1244 2366 1281 ne
2397 1229 2580 1297 quieta
2615 1224 2782 1278 totius
2815 1220 3071 1290 ngarici
3104 1220 3251 1282 regni
3284 1232 3507 1285 posses-

1932 1322 2086 1376 sione
2118 1322 2272 1389 potiti
2296 1319 2573 1387 principes
2615 1316 2915 1374 Austriaci,
2946 1311 3329 1366 formidabiles
3366 1310 3504 1373 ipsis

1931 1414 2093 1467 etiam
2128 1413 2347 1467 Polonis
2383 1410 2576 1464 flerent
2607 1426 2623 1470 ς
2655 1408 2749 1478 qui
2796 1420 2929 1459 sane
2985 1403 3241 1458 stimulus
3280 1401 3506 1453 aemula-

1931 1505 2097 1558 tionis
2134 1502 2417 1557 Francisci
2461 1515 2678 1571 quoque
2733 1500 2876 1569 regis
2938 1496 3183 1550 animum
3242 1502 3506 1563 perpetuo

1934 1612 2205 1667 pungens,
2245 1610 2369 1651 eum
2400 1594 2469 1649 ad
2503 1594 2736 1648 consilia
2771 1590 3032 1654 nefanda,
3055 1589 3241 1656 reique
3272 1586 3504 1655 publica:

1932 1689 2270 1757 perniciosa,
2325 1703 2449 1742 cum
2502 1686 2781 1741 indelebili
2817 1684 2882 1738 ad
2928 1696 3143 1737 onmem
3182 1680 3502 1732 memoriam

1934 1783 2266 1853 posteritatis
2297 1780 2520 1835 infamia
2557 1794 2675 1843 sua,
2708 1777 2961 1847 perpulit.
3008 1774 3083 1826 lta
3120 1772 3377 1825 nimirum
3412 1786 3508 1837 pcr

1934 1877 2287 1929 ambitionem
2316 1882 2371 1928 et
2407 1871 2668 1926 invidiam
2725 1869 2824 1922 fuit
2876 1875 3141 1921 attractus
3180 1866 3233 1918 in
3294 1864 3506 1915 viscera

1936 1980 2119 2022 nostra
2157 1981 2336 2021 sarvus
2392 1972 2448 2019 et
2503 1964 2722 2033 juratus
2781 1959 2976 2012 hostis.
3014 1955 3232 2009 Utinam
3260 1969 3327 2006 ne
3360 1966 3507 2004 nunc

1933 2061 2095 2114 etiam
2131 2059 2310 2113 fucata
2333 2057 2559 2111 libertas
2590 2052 2896 2111 electionis,
2918 2058 2972 2103 ct
2995 2045 3218 2101 foederis
3248 2042 3503 2096 0811111111-

1932 2156 2123 2207 darnm
2157 2166 2281 2206 cum
2306 2149 2484 2203 vicina
2510 2143 2788 2199 Sarmatia
2819 2148 3140 2211 praetextas.
3177 2152 3239 2189 ae
3272 2135 3503 2188 detesta-

1932 2246 2056 2301 bilis
2081 2242 2441 2314 quorumdam
2476 2237 2723 2301 ambitio,
2760 2233 2963 2287 malum
3006 2228 3225 2297 aliquod
3276 2226 3505 2293 Europm

1930 2337 2144 2407 pariant
2176 2352 2191 2395 ;
2225 2334 2369 2399 quod
2397 2331 2540 2386 Deus
2568 2338 2750 2382 tamen
2778 2325 3017 2395 Optimus
3048 2320 3321 2375 maximus
3344 2333 3503 2371 omen

1930 2425 2180 2480 avertat!
2240 2421 2429 2477 Notari
2476 2419 2695 2489 quidem
2748 2414 3024 2470 annalium
3075 2411 3238 2463 verba
3279 2408 3502 2467 debent.

1930 2518 2128 2587 quibus
2161 2514 2398 2568 Joannes
2430 2513 2519 2566 hic
2541 2510 2739 2564 Turcis
2785 2522 2894 2560 non
2936 2504 3143 2559 electus
3171 2501 3239 2553 ab
3270 2498 3504 2568 Ungaris

1934 2626 2053 2673 rex,
2112 2610 2206 2662 sed
2267 2610 2449 2662 Banus
2507 2600 2951 2672 Transsylvanize
3007 2596 3325 2649 nominatur
3379 2600 3509 2644 ante

1928 2719 2091 2773 quam
2123 2700 2451 2755 Soleimanis
2474 2697 2743 2750 beneficio
2772 2692 2987 2748 scilicet
3030 2703 3254 2757 regnum
3294 2685 3503 2739 obtine-

1928 2805 2032 2849 ret.
2063 2794 2208 2847 ldem
2262 2794 2444 2845 [ianus
2497 2788 2763 2842 detulisse
2806 2801 2906 2837 sua
2964 2782 3165 2836 dicitur
3204 2777 3503 2832 Soleimani

1926 2888 2205 2956 obsequia.
2238 2885 2374 2951 Quid
2394 2883 2540 2936 aliud
2573 2882 2694 2942 hoe,
2718 2892 2879 2945 quam
2903 2876 3103 2929 factum
3140 2873 3310 2926 fuisse
3333 2871 3502 2925 clien—

1927 2992 2057 3040 tem.
2103 2979 2182 3032 vel
2228 2977 2559 3044 mancipium
2593 2974 2775 3039 potius
2801 2967 3127 3023 Soleimauis
3156 2966 3178 3017 ἵ
3248 2963 3416 3030 Magis
3450 2964 3499 3013 id

1924 3076 2085 3128 ctiam
2118 3080 2267 3139 paret
2298 3086 2361 3124 ex
2403 3084 2469 3122 eo
2504 3066 2648 3136 quod
2688 3062 2943 3132 sequitur
2976 3077 2988 3112 :
3023 3057 3353 3111 Soleimauis
3408 3054 3505 3105 im-

1845 3193 1890 3253 ο
1927 3166 2077 3236 perio
2111 3165 2316 3217 [ianum
2350 3178 2407 3216 se
2433 3158 2788 3217 submisisse,
2816 3154 2897 3207 vel
2936 3150 3211 3205 subditum
3241 3148 3505 3200 Soleima-

1928 3263 2011 3315 nis
2046 3260 2243 3313 factum
2275 3257 2579 3320 esse,sicut
2611 3253 2724 3320 ipsa
2757 3248 2918 3304 verba
2939 3245 3241 3298 Turcorum
3277 3248 3496 3293 sonant.

1927 3353 2049 3406 llzec
2082 3352 2294 3405 scilicet
2353 3350 2440 3403 illa
2474 3350 2699 3402 libertas
2740 3351 2845 3407 est,
2885 3354 3049 3410 quam
3082 3352 3177 3391 ore
3225 3334 3499 3403 iactitant.

1924 3446 2015 3514 qui
2045 3443 2239 3497 Turcis
2272 3451 2443 3497 semet
2481 3441 2809 3507 adiungunt.
2846 3434 3082 3489 Fructus
3131 3437 3313 3483 autem
3347 3427 3501 3479 bona:

1925 3536 2279 3607 protectionis
2305 3534 2469 3600 hujus
2495 3541 2549 3585 et
2580 3529 2871 3599 patrocinii
2905 3525 3148 3587 Turoici,
3185 3522 3351 3593 paulo
3378 3525 3502 3590 post

1923 3644 1984 3681 cx
2017 3627 2195 3693 capite
2226 3624 2352 3684 250,
2390 3636 2443 3676 et
2469 3623 2603 3690 ipsis
2647 3638 2709 3676 ex
2745 3620 3065 3682 annalibus,
3104 3616 3194 3669 tibi
3228 3616 3294 3671 de
3324 3623 3499 3669 morte

1922 3718 2149 3770 Joannis
2189 3725 2240 3767 et
2290 3715 2381 3766 filii
2426 3714 2727 3780 matrisque
2760 3712 2812 3761 in
2837 3705 3321 3774 Transsylvaoiam
3359 3704 3495 3755 rele-

1924 3807 2140 3869 gatione
2194 3814 2469 3863 narratur,
2505 3803 2622 3853 luce
2672 3799 2968 3851 meridiana
3020 3796 3223 3848 clarius
3264 3808 3497 3861 appare—

1926 3897 2099 3948 hunt:
2140 3895 2376 3961 itemque
2407 3895 2474 3945 de
2505 3892 2897 3960 Supplementa
2933 3889 3219 3941 annalium
3281 3895 3495 3947 nostro,

1924 3987 2012 4039 tibi
2037 3985 2251 4038 tandem
2290 3985 2557 4046 videmus,
2608 3982 2881 4033 ambitiosi
2919 3982 3113 4049 patris,
3149 3988 3201 4033 et
3235 3978 3495 4047 reipubli-

1922 4093 1998 4131 czc
2051 4077 2198 4131 noxii
2222 4077 2412 4138 filium,
2443 4075 2659 4127 Arianae
2686 4082 2847 4127 secta:
2890 4082 3202 4139 patronum,
3229 4086 3349 4138 qua:
3379 4069 3490 4120 Mu-

1923 4169 2236 4224 humetanis
2270 4167 2415 4222 fores
2444 4166 2637 4233 aperit,
2671 4166 2788 4221 sine
2830 4164 3036 4227 liberis,
3075 4164 3128 4216 in
3162 4165 3281 4231 ipso
3317 4162 3493 4215 aetatis

1920 4261 2074 4322 ﬂore,
2101 4261 2252 4330 justo
2285 4259 2377 4313 Dei
2406 4258 2639 4327 judicio,
2672 4257 2839 4311 rebus
2875 4255 3134 4309 humanis
3173 4263 3487 4320 exemptum

1920 4351 2109 4405 fuisse.
2137 4350 2336 4404 Notum
2366 4358 2525 4404 vetus
2577 4363 2641 4403 ac
2669 4347 3016 4401 verissimum
3051 4343 3269 4413 quidem
3302 4359 3493 4397 oracu-

1920 4447 2028 4499 lum
2059 4445 2184 4498 illud
2216 4461 2231 4501 ς

1793 4560 1808 4585 ’
1846 4550 1887 4604 D
1990 4556 2271 4609 Εὐσεϐέων
2327 4555 2575 4607 παίδεσσι
2623 4553 2690 4608 τὰ
2746 4553 2905 4618 λώῖα,
2953 4553 3261 4605 δυσσεϐἐων
3307 4553 3351 4604 δ’
3402 4551 3489 4605 οὔ.

1989 4666 2194 4719 Fausta
2227 4666 2433 4736 piorum
2466 4667 2770 4734 posteritas,
2818 4665 3059 4731 infausta
3115 4664 3416 4716 scelestum.

1916 4798 2043 4851 519.5.
2086 4798 2334 4851 Viennam
2370 4800 2597 4851 Atta/ria?
2638 4798 2958 4851 Soleimancs
2992 4798 3227 4860 obsidet;
3256 4795 3489 4857 Παιδί-11,
3542 4818 3545 4821 η

2370 4870 2719 4931 Viudouiana,
2760 4870 3050 4922 Ostrikt'ou.

1993 4982 2167 5049 llujus
2196 4982 2499 5036 obsidionis
2536 4994 2727 5035 auctor
2778 4982 3073 5037 Soleimani
3105 4984 3206 5037 fuit
3247 4981 3491 5035 Joannes

1924 5073 2283 5141 Zapnlicnsis,
2312 5075 2484 5130 hostis
2506 5074 2927 5140 Germanorum,
2948 5090 3070 5127 cum
3094 5073 3325 5141 ngaris
3351 5077 3488 5132 suis,

1921 5181 2105 5233 parum
2158 5167 2332 5233 aequis
2372 5166 2578 5219 nationi
2619 5167 2757 5220 bene
2819 5167 2883 5219 de
2918 5183 2974 5219 se
3015 5166 3239 5219 merit-an
3274 5164 3382 5217 Nec
3436 5166 3487 5216 in

1922 5259 2008 5312 illa
2037 5258 2280 5311 caecitate
2312 5274 2410 5311 sua
2447 5259 2732 5312 dementes
2764 5258 3191 5327 perspiciebant,
3234 5259 3277 5312 si
3315 5258 3490 5310 Solei—

1922 5350 2065 5402 mani
2100 5350 2341 5403 licuisset
2362 5352 2414 5403 in
2446 5350 2732 5404 Germania
2762 5352 2948 5419 pedem
2978 5351 3142 5420 ﬁgere
3162 5350 3328 5421 (quod
3356 5367 3488 5403 sane

1921 5443 2213 5507 quominus
2243 5444 2413 5507 fieret,
2450 5459 2545 5512 per
2581 5444 2727 5511 ipsos
2755 5460 2863 5496 non
2894 5446 3065 5508 stetit,
3104 5444 3223 5497 solo
3266 5442 3487 5510 benigni

1920 5533 2175 5588 Numinis
2203 5535 2388 5589 favore
2416 5546 2621 5605 pestem
2654 5537 2799 5589 illam
2830 5538 3032 5591 nostris
3062 5553 3089 5590 11
3117 5537 3311 5590 ﬁnibus
3336 5553 3485 5590 aver-

1924 5627 2116 5693 tente),
2146 5642 2251 5680 non
2282 5628 2458 5681 minus
2495 5627 2836 5697 ngarorum
2864 5630 3162 5683 libertatem
3191 5644 3488 5697 Oppressu-

1923 5734 2041 5771 ruui
2086 5720 2256 5774 fuisse
2311 5721 2627 5782 barbarum,
2667 5739 2828 5788 quam
2887 5732 3128 5775 nostram
3167 5740 3181 5775 :
3216 5740 3242 5774 a
3302 5721 3486 5777 fronte

1922 5808 2128 5862 scilicet
2186 5818 2237 5887 ct
2269 5826 2296 5861 a
2325 5820 2475 5869 tergo
2527 5812 2629 5867 iam
2676 5813 2807 5873 ipsis
2853 5813 2995 5865 intra
3035 5825 3184 5883 septa
3220 5830 3317 5868 sua
3348 5830 3483 5868 con—
