4198 6426
246 308 341 371 897

1386 313 1779 374 ΡΛΝΒΕΕζΓΕ
1810 315 2009 374 IIlS'l‘.
2062 316 2360 378 TURCIC.

3375 323 3482 384 898

246 430 434 475 ert-avo
466 426 531 476 ad
566 426 1124 479 vicesintum'annn‘m
1191 440 1380 493 usque,
1415 442 1514 496 pro
1576 428 1797 482 sultano
1830 436 1875 490 Α
1978 429 2300 499 Sequuntur
2337 432 2478 483 vezir
2528 431 2721 494 nassae,
2778 430 2956 501 capita
3007 432 3221 487 scilicet
3261 436 3478 488 consilii

243 514 459 567 aluntur
490 521 544 568 et
581 514 885 571 educamur
919 518 1063 571 intra
1096 521 1366 583 saraium,
1424 520 1679 586 varieque
1710 534 1805 589 pro

245 605 425 659 indole
458 621 557 662 sua
592 607 980 675 instituuntur,
1020 613 1327 680 praesertim
1386 620 1448 666 ut
1502 612 1680 680 legere
1724 614 1808 664 di-

244 708 421 764 scant,
448 710 504 754 et
534 702 799 768 scribere,
826 712 882 758 et
908 703 1162 773 jaculari,
1191 716 1245 759 et
1263 704 1513 773 equitare
1537 742 1552 770 ,
1595 707 1808 776 legum-

239 803 345 858 que
368 788 879 849 Mahumetanarum
907 810 1182 851 summam
1230 796 1556 866 percipiant.

305 878 628 936 Chasnadar
655 883 823 939 bassi.
856 883 1263 942 Thesaurarius
1300 885 1592 941 maximus.

310 973 541 1027 Kilertzi
581 975 753 1031 bassi.
783 974 1144 1047 Dispensator
1176 978 1475 1032 maximus.

312 1065 467 1121 Serai
500 1065 607 1121 Dar
658 1068 846 1140 Agasi,
878 1070 964 1125 vel
992 1071 1147 1127 Serai
1180 1072 1353 1128 bassi.
1384 1072 1688 1142 Supremns
1720 1089 1809 1127 sa-

239 1157 339 1211 raii
376 1158 692 1228 prafectus,
722 1163 950 1218 absente
976 1164 1221 1222 sultano.

312 1250 378 1305 Et
409 1251 461 1305 hi
492 1254 716 1323 quidem
744 1270 934 1311 omnes
971 1260 1241 1325 spadones
1272 1261 1354 1315 vel
1396 1263 1619 1317 castrati
1657 1272 1806 1329 sunt,

242 1356 308 1396 ac
339 1343 537 1412 singuli
578 1346 682 1400 sub
744 1362 803 1401 se
828 1349 1014 1417 plures
1075 1351 1233 1416 alios,
1291 1352 1478 1409 itidem
1538 1366 1809 1411 castratos

240 1436 324 1491 vel
358 1438 665 1504 eunuchos,
714 1440 937 1497 habent.

312 1530 629 1587 Secundum
661 1533 780 1598 hos,
813 1542 926 1589 tres
954 1535 1008 1589 in
1035 1535 1228 1605 primis
1250 1537 1627 1595 adolescentes
1659 1550 1807 1609 sunt,

239 1625 419 1696 ipsius
473 1625 679 1680 sultani
738 1626 1065 1683 ministeriis
1116 1627 1513 1697 inservientes,
1570 1648 1807 1699 quorum

236 1718 355 1773 haec
385 1719 609 1772 nomina
635 1734 651 1770 :

311 1808 593 1877 Silicbtar,
630 1808 727 1880 qui
754 1824 968 1877 arcum,
996 1810 1250 1881 sagittas,
1284 1826 1437 1867 arma
1469 1820 1665 1868 castera
1695 1812 1807 1868 sul-
1838 1823 1880 1879 Β

233 1903 349 1957 tani
394 1910 603 1972 portat.

310 1994 601 2049 Tzohadar
633 2031 651 2060 ,
698 1994 793 2064 qui
847 1995 1083 2051 vestium
1136 1999 1337 2053 sultani
1398 2012 1586 2052 curam
1646 1996 1802 2068 gerit,

226 2089 466 2159 ejusque
500 2086 945 2157 scaramangium
982 2095 1196 2156 portat,
1231 2089 1301 2144 ad
1359 2090 1651 2143 arcendam
1686 2089 1807 2156 pltl-

228 2183 375 2237 viam
410 2181 639 2236 factum.
685 2179 763 2236 De
798 2180 903 2236 hoc
951 2180 1167 2250 plenius
1223 2181 1432 2236 dictum
1478 2182 1656 2251 capite
1682 2180 1805 2235 199.

307 2272 560 2342 Kiuptar,
592 2271 683 2326 cui
716 2279 881 2342 potus
912 2272 1116 2328 sultani
1170 2272 1588 2327 commendatus
1616 2281 1721 2337 est,
1755 2280 1808 2326 et

226 2365 327 2435 qui
354 2379 570 2433 semper
606 2378 774 2434 eques
814 2363 977 2418 etiam
1030 2376 1129 2433 pro
1178 2361 1396 2419 sultano
1448 2361 1556 2417 fert
1609 2376 1805 2433 aquam

224 2472 424 2513 secum
457 2456 510 2509 in
536 2457 745 2525 lagena.

313 2551 562 2605 Pertinet
595 2550 705 2605 huc
732 2548 921 2615 etiam,
955 2549 1008 2604 id
1040 2558 1145 2615 est,
1190 2548 1431 2604 refertur
1454 2548 1597 2603 inter
1628 2547 1809 2603 officia

224 2643 432 2705 saraii,
462 2641 724 2710 Bostangi
760 2642 935 2704 bassi,
981 2639 1274 2710 praefectus
1305 2640 1617 2696 hortulanis
1648 2657 1662 2694 :
1719 2639 1808 2694 cui

222 2738 577 2791 delectorum
612 2749 641 2788 e
675 2732 1119 2788 Christianorum
1154 2732 1342 2788 liberis
1392 2731 1811 2803 Atzamoglano-

224 2845 363 2884 rum
395 2842 561 2897 supra
596 2836 834 2897 quatuor
861 2828 1031 2881 millia
1066 2835 1279 2896 parent.

313 2922 462 2974 Sunt
494 2926 677 2975 autem
710 2919 799 2973 bis
826 2918 1086 2975 omnibus
1124 2918 1208 2972 sui
1232 2926 1340 2972 tam
1372 2918 1590 2984 vicarii,
1645 2932 1811 2989 quam

217 3012 333 3068 alii
363 3011 630 3067 officiales
658 3009 933 3075 attributi,
961 3009 1056 3080 qui
1094 3024 1195 3080 pro
1241 3010 1470 3079 antiquo
1506 3023 1659 3066 more
1690 3024 1813 3080 gra-

209 3104 408 3157 datim
444 3100 512 3154 ad
558 3100 857 3171 dignitates
919 3114 1205 3167 supremas
1262 3098 1429 3171 592
1484 3100 1806 3155 ascendunt.

208 3193 555 3250 lnserviunt
595 3201 777 3247 autem
818 3191 1075 3247 recensiti
1110 3191 1376 3247 hactenus
1427 3191 1531 3260 ipsi
1591 3191 1809 3246 sultano

206 3288 386 3341 intra
416 3284 679 3351 saraium,
734 3298 798 3337 ac
833 3281 1105 3353 siquidem
1139 3297 1360 3353 equese
1402 3282 1581 3337 saraio
1610 3281 1811 3351 prodit,

204 3392 433 3433 omnes
480 3390 605 3429 eum
635 3375 1014 3439 comitantur;
1077 3373 1162 3428 sin
1192 3373 1377 3442 aliquo
1413 3386 1470 3426 se
1504 3372 1643 3425 mari
1678 3385 1814 3425 con-

200 3473 364 3533 fert,
410 3469 527 3538 ipse
565 3465 851 3536 Bostangis
887 3466 1048 3520 bassa
1077 3466 1294 3520 clavum
1327 3463 1512 3528 caicaz,
1553 3464 1668 3519 sive
1702 3478 1814 3516 na-

200 3562 395 3631 vigii,
428 3575 539 3628 quo
569 3559 823 3613 sultanus
849 3558 1089 3621 vehitur,
1124 3566 1270 3612 tenet
1314 3572 1378 3612 ac
1416 3556 1705 3626 gubernat.

284 3650 392 3703 Ad
418 3648 658 3702 saraium
686 3661 903 3717 quoque
922 3648 1199 3716 pertinent
1229 3648 1307 3715 bi,
1343 3662 1573 3717 quorum
1598 3645 1816 3700 nomina

192 3753 583 3812 sequuutur:

287 3831 647 3900 Zeselmegir
676 3828 850 3892 bassi,
882 3837 1241 3900 prwgustator
1272 3831 1566 3894 maximus,
1598 3842 1653 3887 et
1681 3848 1815 3901 prte-

183 3924 624 3997 guslatoribus
664 3921 902 3986 caeteris,
964 3921 1085 3990 plus
1115 3923 1297 3978 minus
1348 3936 1591 3989 centum,
1630 3925 1817 3994 prafe-

179 4031 386 4077 czus.

274 4111 537 4177 hiutpac
559 4107 762 4174 Emini,
810 4107 1101 4177 praefectus
1156 4110 1372 4175 culinas,
1415 4109 1499 4164 vel
1540 4110 1618 4165 rei
1673 4109 1819 4164 coci-

166 4203 433 4260 uariae.

265 4294 481 4353 Achsi
514 4294 684 4360 bassi,
724 4307 938 4364 coquus
964 4293 1253 4347 maximus.

431 4388 607 4441 Ea'tra
639 4388 877 4442 saraium
900 4386 1009 4441 hac
1043 4387 1225 4454 ofﬁcia
1276 4396 1621 4441 numerantur
1661 4403 1679 4440 .'

1908 520 2193 575 sultauiui.
2228 522 2512 587 Quondam
2550 524 2774 577 nonnisi
2842 534 2951 577 tres
2979 532 3077 578 aut
3124 534 3362 593 quatuor
3394 542 3479 578 ve-

1908 612 2050 665 zires
2084 622 2265 677 erant,
2310 615 2387 667 uti
2439 617 2601 682 paulo
2647 626 2766 683 post
2794 630 3153 684 exponemus.
3198 616 3303 669 Sed
3334 632 3479 670 nunc

1908 701 1994 755 vel
2024 702 2211 772 plures
2260 704 2344 759 vel
2376 705 2688 773 pauciores,
2722 716 2883 776 prout
2912 707 3089 761 visum
3145 708 3310 762 fuerit
3363 712 3477 760 sul—

1908 798 2038 847 tano
2068 792 2407 863 deliguntur.
2439 794 2764 865 Supremds,
2802 797 2895 865 qui
2949 796 3096 850 vezir
3131 814 3282 850 azem
3338 798 3479 851 Tur-

1910 883 1988 938 cis
2011 885 2341 955 appellatur,
2389 885 2539 940 solus
2574 886 2892 940 universum
2944 888 3179 945 maxima
3214 904 3337 941 eum
3384 905 3481 956 po-

1912 984 2105 1031 testate
2140 977 2491 1032 administrat
2540 978 2854 1047 imperium,
2908 979 3122 1033 caeteris
3177 980 3231 1033 in
3277 970 3484 1032 Ditanu

1910 1067 2078 1136 (quod
2105 1069 2432 1137 explicatum
2461 1084 2659 1124 nomen
2712 1078 2795 1125 est
2829 1069 2930 1123 sub
2981 1072 3140 1124 finem
3202 1069 3297 1123 171
3337 1076 3483 1137 Cupi-

1909 1160 2002 1229 tis)
2035 1160 2117 1215 sic
2157 1159 2570 1225 assidentibus,
2623 1162 2760 1215 nihil
2812 1172 2868 1215 ut
2903 1162 3000 1232 ipsi
3064 1163 3480 1233 proloquantur.

1910 1250 1988 1304 Ex
2040 1251 2126 1307 his
2174 1253 2340 1306 etiam
2397 1254 2652 1323 deligitur
2702 1254 2911 1324 judicio
2970 1255 3197 1319 sultani,
3248 1256 3340 1324 qui
3386 1256 3481 1309 Ser

1912 1343 2108 1409 Asker,
2154 1354 2206 1399 et
2246 1344 2350 1399 Ser
2393 1346 2496 1400 Dar
2546 1348 2888 1417 appellatur,
2934 1348 3273 1415 explicandis
3325 1350 3484 1417 paulo

1912 1448 2038 1506 post
2065 1438 2369 1493 vocabulis.
2414 1436 2551 1491 Cum
2605 1454 2705 1494 nos
2763 1438 3239 1507 Constantinopoli
3296 1454 3483 1509 agerc-

1913 1544 2060 1596 mus,
2108 1529 2352 1587 vezirum
2399 1529 2639 1599 dignitas
2713 1546 2742 1584 a
2803 1532 3019 1586 sultano
3068 1531 3299 1595 Murate,
3347 1548 3486 1587 novo

1912 1622 2204 1691 caeteroqui
2228 1620 2496 1693 exemplo,
2523 1635 2718 1677 novem
2752 1622 2932 1677 bassis
2950 1632 3070 1677 erat
3094 1625 3320 1690 tributa,
3353 1640 3485 1694 quo-

1914 1727 2033 1766 rum
2063 1712 2338 1782 subjicere
2367 1714 2595 1768 nomina
2648 1713 2781 1769 libet
2825 1730 2839 1769 :

1985 1805 2038 1859 1.
2079 1804 2284 1860 Osman
2317 1805 2501 1872 bassa,
2538 1806 2871 1876 Vezirazem,
2915 1814 2970 1864 et
3001 1806 3102 1863 Ser
3159 1808 3264 1863 Dar
3291 1819 3484 1869 contra

1913 1894 2130 1951 Persas.

1979 1988 2033 2043 2.
2057 1989 2287 2046 Messich
2317 1992 2495 2047 bassa.

1980 2084 2033 2139 '5.
2077 2083 2383 2140 Mechemet
2415 2086 2599 2141 bassa.

1980 2172 2038 2229 4.
2080 2174 2165 2227 Ali
2218 2173 2449 2244 Capitan
2481 2175 2668 2244 bassa,
2718 2176 3078 2249 beglerbegus
3128 2179 3328 2245 maris;
3390 2194 3486 2234 no-

1914 2264 2051 2319 stris
2083 2263 2222 2319 Uluz‘
2247 2265 2355 2331 Ali,
2384 2266 2490 2321 hoc
2514 2276 2620 2332 est,
2652 2268 2737 2322 Ali
2760 2276 3026 2338 apostata.

1985 2356 2043 2410 5.
2084 2356 2323 2411 lbrahim
2360 2357 2522 2412 bassa
2553 2358 2914 2429 beglerbegus
2941 2360 3086 2414 Cairi
3115 2363 3197 2416 vel
3245 2362 3480 2434 Egypti.

1982 2449 2040 2505 6.
2078 2449 2283 2505 Ferhat
2306 2450 2491 2517 bassa,
2520 2450 2645 2505 belli
2684 2451 2796 2505 dux
2834 2461 3028 2506 contra
3054 2452 3271 2513 Persas.

1988 2541 2040 2597 7.
2083 2540 2285 2596 Giafl‘er
2314 2541 2498 2598 bassa.

1984 2631 2038 2687 8.
2081 2631 2169 2685 Ali
2206 2632 2388 2697 bassa,
2426 2631 2635 2687 sororis
2660 2633 3131 2691 sultanimaritus.

1984 2726 2045 2782 9.
2084 2727 2345 2796 Cicalogli
2375 2728 2559 2796 bassa,
2589 2729 2944 2801 belgerbegus
2976 2730 3202 2787 Revani.

1984 2818 2119 2875 Post
2145 2820 2376 2885 vezires,
2409 2821 2738 2876 auctoritate
2790 2824 3028 2877 maxima
3070 2835 3197 2879 sunt
3242 2836 3352 2880 tres
3396 2826 3485 2879 be-

1915 2911 2177 2982 glerbegi,
2214 2925 2451 2979 quorum
2498 2912 2587 2965 hic
2617 2912 2753 2966 ordo
2795 2928 2813 2966 :

1986 2999 2204 3054 Rumeli
2236 2998 2547 3069 belgt't'beg,
2603 3000 2703 3054 hoc
2736 3008 2820 3055 est
2864 3000 3146 3056 Romaniae
3185 3018 3301 3059 sive
3334 3004 3483 3059 Gneo

1918 3090 2039 3145 ciae.

1990 3201 2210 3257 Anatoli
2242 3199 2554 3271 beglerbeg,
2608 3200 2709 3254 hoc
2748 3206 2854 3265 est,
2904 3199 3171 3256 Anatoliaa
3206 3204 3291 3256 vel
3322 3202 3484 3256 Λεία).

1990 3292 2180 3348 Denizi
2206 3292 2514 3359 beglerbeg,
2545 3292 2647 3345 hoc
2670 3301 2775 3355 est,
2802 3293 2970 3345 maris
2994 3307 3011 3346 :
3039 3293 3133 3360 qui
3163 3294 3323 3363 vulgo
3342 3292 3486 3346 Tur-

1919 3385 2000 3441 cis
2029 3401 2175 3439 nune
2211 3392 2435 3455 recepto
2462 3384 2749 3449 vocabulo,
2793 3384 3023 3453 Capitan
3063 3388 3225 3441 bassa
3266 3403 3487 3456 quoque

1920 3480 2255 3533 nominatur.

1990 3571 2055 3625 Hi
2087 3581 2195 3625 tres
2222 3585 2405 3640 parem
2434 3571 2486 3624 in
2523 3570 2764 3626 sedendo
2793 3568 2973 3623 locum
3005 3578 3060 3624 et
3097 3570 3359 3625 honorem
3388 3574 3485 3626 ob-

1921 3664 2098 3718 tinent
2122 3678 2243 3717 cum
2278 3664 2413 3731 ipsis
2447 3662 2627 3718 bassis
2655 3662 2953 3725 veziribus,
2990 3663 3205 3730 quories
3237 3664 3291 3717 in
3332 3663 3490 3717 Diva-

1921 3771 2051 3812 nuzt:
2086 3755 2359 3824 publicum
2388 3754 2635 3811 veniunt.

1992 3847 2249 3916 Sequitur
2277 3844 2571 3900 Nisclianzi
2620 3846 2706 3900 vel
2741 3846 2991 3901 Nissauzi
3045 3847 3227 3909 bassa,
3258 3844 3349 3915 qui
3403 3846 3488 3898 lit-

1922 3950 2067 3995 teras
2124 3954 2340 4003 omnes,
2377 3939 2675 4009 omniaque
2712 3938 2965 3992 mandata
3005 3945 3059 3991 et
3106 3940 3485 4001 instrumenta,

1921 4039 2191 4100 quotquot
2217 4029 2358 4098 apud
2391 4028 2611 4082 Portam
2640 4028 3032 4097 expediuntur,
3075 4027 3346 4094 obsignat,
3401 4042 3490 4081 ve-

1922 4126 2018 4179 luti
2055 4138 2351 4193 supremus
2382 4124 2565 4177 Portae
2601 4121 2993 4176 cancellarius.

1996 4216 2131 4271 Tres
2166 4215 2547 4286 Dephterdari,
2576 4227 2812 4282 quorum
2858 4213 3092 4281 primus,
3124 4220 3310 4266 nostro
3342 4225 3492 4267 more

1926 4307 2219 4378 loquendo,
2254 4320 2455 4375 praeses
2506 4319 2738 4358 camera:
2780 4302 2863 4356 vel
2895 4301 3188 4372 praefectus
3239 4313 3324 4356 est
3356 4318 3490 4355 atra-

1926 4402 1991 4455 rii
2021 4399 2331 4462 maximus;
2366 4398 2476 4451 duo
2508 4396 2739 4464 reliqui,
2770 4395 2917 4450 velut
2951 4396 3172 4467 collegae
3207 4397 3407 4465 ipsius,
3438 4406 3492 4451 et

263 4481 539 4538 Primus
562 4480 810 4534 omnium
837 4479 995 4533 locus
1023 4488 1110 4533 est
1140 4478 1370 4549 Muphti,
1400 4484 1490 4549 qui
1527 4496 1817 4551 supremus
1851 4488 1894 4543 ι)

839 4479 995 4533 locus
1023 4488 1110 4533 est
1140 4478 1370 4549 Muphti,
1400 4484 1490 4549 qui
1527 4496 1817 4551 supremus
1851 4488 1894 4543 ι)
1922 4492 2227 4550 ςοηδίιῑπίί
2262 4490 2497 4544 ﬁscales.

150 4587 281 4637 est
325 4572 623 4631 Alcorani
652 4572 769 4627 sive
822 4571 1216 4625 Mahumetanae
1248 4571 1383 4642 legis
1430 4574 1731 4642 interpres,
1765 4582 1817 4626 et

148 4666 628 4727 auctoritatem
658 4664 799 4733 apud
816 4661 1027 4717 Tu‘rcos
1058 4677 1176 4716 eam
1217 4664 1447 4729 obtinet,
1478 4679 1638 4731 quam
1672 4662 1818 4732 Papa

140 4764 329 4823 sive
381 4754 650 4827 pontifex
686 4753 965 4810 maximus
997 4752 1140 4822 apud
1180 4751 1439 4819 Latinos,
1478 4757 1620 4824 apud
1671 4754 1822 4809 Gre-

138 4871 322 4920 cos,
375 4847 737 4921 patriarcha.

252 4944 467 5002 Huic
499 4939 735 5010 proximi
766 4944 898 4993 sunt
931 4937 1305 4993 Cadilescheri
1337 4938 1419 4993 vel
1443 4936 1822 5007 Cadiascheri,

137 5034 500 5111 supremi
540 5043 595 5087 et
625 5030 888 5087 ordinarii
919 5030 1240 5084 militarium
1299 5031 1653 5100 civiliumque
1697 5048 1827 5087 cau-

130 5143 440 5195 sarum
473 5123 727 5194 judices;
781 5136 925 5177 unus
958 5137 1053 5192 per
1094 5122 1358 5177 Graeciam
1404 5122 1485 5176 vel
1529 5120 1823 5192 Europam,

131 5231 436 5286 dictus
478 5214 693 5270 Rumeli
721 5214 1109 5279 (ladilescher;
1150 5214 1288 5269 alter
1316 5228 1412 5284 per
1436 5215 1641 5279 Asiam,
1680 5215 1829 5266 Ana-

125 5322 281 5381 soli
342 5309 774 5369 Gadilescher;
821 5307 1021 5377 quibus
1074 5308 1296 5362 tertium
1350 5308 1579 5362 Selimes
1617 5307 1827 5376 primus

122 5404 529 5481 adjunxit,
564 5410 688 5473 post
720 5402 985 5457 subactos
1034 5400 1326 5456 Armenios
1378 5399 1669 5469 quosdam,
1706 5399 1832 5453 Dul-

112 5507 600 5585 gadirenses,
624 5491 935 5585 IEgvptios,
958 5492 1149 5562 Syros,
1179 5492 1419 5558 Arabes;
1459 5491 1686 5585 ideoque
1717 5506 1831 5546 ma-

101 5584 256 5675 jus
309 5596 458 5648 est.
498 5584 666 5654 hujus
699 5584 964 5649 officium,
1018 5595 1243 5655 prapter
1294 5584 1698 5639 multitudinem
1737 5599 1829 5654 po-

102 5692 552 5768 pulos-um,
602 5684 657 5731 et
723 5677 966 5745 ipsarum
1044 5680 1323 5747 regionum
1385 5679 1824 5749 amplitudinem.

99 5792 377 5846 Ptura
433 5770 521 5827 de
553 5770 641 5825 his
673 5770 913 5826 diximus
952 5784 1115 5839 SUpra
1144 5786 1264 5841 cap.
1292 5770 1382 5825 ‘29.

1997 4582 2127 4637 Rais
2164 4580 2386 4651 Kiutap,
2431 4579 2592 4648 cujus
2639 4579 2693 4633 in
2723 4579 2977 4634 manibus
3016 4587 3147 4635 sunt
3200 4594 3392 4635 omnes
3423 4579 3491 4632 li-

1926 4676 2034 4739 bri,
2096 4671 2512 4735 commentarii,
2579 4684 2664 4725 res
2713 4670 2783 4724 ad
2825 4670 3072 4738 garehiva
3134 4672 3489 4740 pertinentes.

1929 4766 2163 4832 Ideoque
2184 4763 2412 4832 gradum
2451 4759 2889 4815 vicecancellarii
2915 4768 3082 4825 tenet,
3101 4766 3197 4812 aut
3220 4758 3379 4828 primi
3412 4758 3492 4810 vel

1928 4856 2161 4911 maximi
2201 4853 2506 4910 secretarii.

1996 4945 2202 5000 Omnes
2238 4951 2417 4997 autem
2486 4942 2752 4996 hactenus
2801 4921 3105 4996 enumera'ti
3162 4955 3263 4995 suo
3319 4941 3369 4993 in
3401 4939 3494 4991 Di-

1930 5052 2069 5092 vano
2102 5036 2318 5106 publico
2365 5036 2667 5089 sessionem
2708 5034 2930 5087 habent.

2000 5129 2059 5182 In
2086 5128 2277 5181 eodem
2321 5124 2532 5178 Dlvano
2570 5123 2765 5179 sedent
2786 5122 2950 5177 etiam
2982 5122 3343 5192 quadraginta
3373 5124 3494 5191 plus

1932 5225 2113 5277 minus
2144 5218 2420 5282 lasitschi,
2453 5218 2571 5272 sive
2596 5214 2907 5279 secretarii,
2956 5215 3041 5268 vel
3078 5216 3333 5277 actuarii,
3397 5216 3490 5279 qui

1931 5314 2230 5383 scripturas
2273 5310 2482 5378 absque
2539 5322 2689 5362 mora
2721 5307 3011 5376 perﬁciunt
3064 5316 3119 5361 et
3173 5308 3493 5376 expediunt.

1931 5408 2009 5461 Ac
2064 5413 2212 5457 tanta
2260 5402 2481 5471 quidem
2550 5400 2842 5457 sedulitate
2903 5408 3173 5469 geruntur
3203 5401 3497 5463 omnia,ut

1934 5501 2050 5569 ipsa
2081 5496 2301 5565 negotia
2331 5494 2717 5563 propemodum
2749 5491 2939 5546 eodem
3003 5500 3241 5560 tempore
3302 5509 3495 5559 propu-

1935 5599 2152 5649 nantur,
2193 5582 2582 5640 consultationi
2632 5580 3014 5648 subjiciantur,
3043 5590 3096 5634 et
3154 5579 3493 5633 exsecutiuni

1936 5682 2286 5736 mandentur.

2011 5777 2325 5839 Sequuntur
2356 5773 2503 5838 Agre,
2540 5768 2733 5823 Turris
2788 5768 3005 5838 Agalari
3057 5766 3219 5833 dicti,
3269 5777 3500 5822 numero
