4164 6426
640 412 748 479 899

643 524 1028 588 multitudinis,

644 626 845 679 habent
908 616 1207 670 sessionem
1256 609 1311 662 in
1362 606 1569 657 Divano
1608 599 1689 653 vel
1730 595 2047 667 synhedrio,
2090 594 2205 645 sive

643 713 857 769 consilii
927 704 1127 776 publici
1185 702 1343 764 loco,
1407 696 1691 762 nihiloque
1748 689 1931 742 minus
1993 682 2212 753 obligati

644 817 794 870 sunt,
834 803 906 853 nti
940 796 1186 867 quotidie
1244 794 1603 858 compareant
1649 785 1702 836 in
1746 782 1950 846 saraio,
2003 777 2217 845 sibique

654 868 924 964 ili-putatis
961 895 1013 945 in
1066 888 1201 942 locis
1251 884 1374 937 aliis
1414 880 1657 935 sedeant.
1722 871 2013 928 Netionem
2068 868 2219 923 vocis

646 992 756 1060 Aga
788 985 983 1041 lectori
1016 997 1136 1050 cap.
1176 979 1279 1032 17⁸5
1312 974 1587 1030 dedimus.

719 1052 1025 1146 l‘rincipem
1059 1089 1189 1128 vero
1220 1071 1364 1123 inter
1396 1069 1493 1118 hos
1526 1060 1812 1131 Agalarios
1854 1057 2033 1111 locum
2066 1052 2216 1107 obti-

652 1186 743 1229 net
801 1173 1179 1242 gcnizarorum
1214 1178 1310 1233 aga
1354 1160 1470 1214 sive
1502 1157 1782 1214 tribunus.
1825 1151 1917 1219 qui
1964 1146 2218 1201 Kihaiam

653 1270 767 1321 sive
800 1262 1066 1317 vicarium
1120 1270 1300 1319 suum,
1337 1260 1393 1307 et
1432 1250 1777 1317 eapitaneos,
1812 1253 1868 1296 et
1904 1238 2225 1294 cohortium

653 1360 844 1418 duces,
894 1362 950 1408 et
1000 1350 1135 1403 alios
1174 1344 1374 1401 ofllciis
1412 1338 1696 1411 praefectos
1753 1332 1935 1388 habet.
1974 1327 2229 1394 Adeoque

657 1451 760 1503 sub
789 1449 910 1516 ejus
940 1440 1141 1497 vexillo
1168 1447 1279 1491 tam
1313 1436 1715 1505 genizarorum,
1749 1437 1911 1494 quam
1942 1417 2229 1475 solacclio-

661 1556 806 1601 rum,
834 1535 1028 1606 viginti
1060 1531 1284 1587 circiter
1328 1524 1613 1579 hominum
1651 1517 1814 1573 millia
1846 1512 2101 1568 militant.

732 1632 1024 1687 Proximus
1059 1625 1185 1680 huic
1220 1620 1356 1675 emir
1408 1615 1594 1671 llalem
1618 1650 1633 1675 ,
1690 1610 1780 1680 qui
1830 1616 2119 1674 supremus
2149 1603 2233 1653 est

664 1726 955 1788 vexillifcr,
983 1731 1037 1777 et
1086 1720 1141 1774 in
1194 1708 1640 1785 expeditionibus
1686 1701 1944 1757 vexillum
1998 1693 2236 1752 sultani-

668 1837 793 1873 num
837 1821 1037 1887 gestat,
1075 1820 1129 1865 ct
1157 1805 1359 1875 alioqui
1389 1801 1582 1857 vexilla
1607 1793 1969 1867 bcglcrbegis,
2000 1790 2055 1842 in
2089 1800 2236 1839 mor-

668 1878 1027 1965 tuorumloca
1078 1897 1435 1960 substitutis,
1482 1891 1782 1958 itidemque
1837 1878 2183 1952 sangiacbegi

669 2001 851 2055 oll‘ert.
880 1998 1091 2066 Quippe
1120 2007 1244 2049 cum
1271 1989 1395 2060 quis
1421 1988 1616 2040 horum
1650 1996 1679 2034 a
1704 1978 1882 2035 bassis
1917 1974 1970 2028 in
1996 1968 2241 2025 defuncti

673 2099 856 2151 locum
890 2060 1105 2145 electus
1146 2093 1253 2150 est,
1292 2096 1417 2136 mox
1457 2076 1597 2132 cmir
1635 2070 1824 2127 lialem
1862 2064 2168 2138 symbolum
2195 2060 2244 2116 ei

676 2183 960 2255 dignitatis
1020 2178 1286 2234 vexillum
1335 2170 1500 2226 tradit
1534 2185 1549 2234 ;
1586 2164 1750 2223 simul
1787 2159 2151 2233 tympanistas
2190 2160 2245 2208 et

679 2282 936 2336 tibicines
974 2274 1040 2328 ad
1077 2272 1299 2326 domum
1337 2264 1421 2319 vel
1461 2259 1753 2317 tentorium
1780 2254 1943 2309 electi
2010 2250 2113 2305 sub
2157 2262 2248 2302 ve-

682 2382 896 2440 speram
934 2362 1126 2425 mittit,
1156 2367 1211 2412 et
1235 2355 1359 2409 istic
1403 2351 1621 2422 pulsare
1687 2357 1961 2416 tympana,
1998 2341 2158 2394 tibias
2188 2348 2251 2389 ac

1844 382 2168 444 JO.\NNIS
2201 375 2661 440 LEI'NCLAVII

1068 518 1150 574 vel
1184 512 1466 575 officiales,
1500 510 1615 562 sive
1655 504 1889 564 tribuni,
1940 501 2035 570 qui
2099 515 2206 552 non
2247 504 2289 560 Α
2399 490 2781 564 Mutapheraki
2816 489 2983 549 bassi,
3014 484 3335 556 capitancus
3363 483 3628 536 baronum
3667 492 3730 533 ac
3767 493 3903 548 pm-

2321 590 2592 658 cipnornn
2628 587 2889 653 bcgorum
2920 580 3080 644 aulie,
3101 579 3195 648 qui
3231 591 3339 631 non
3377 569 3641 628 tenentur
3665 573 3727 624 in
3757 570 3904 622 utili-

2324 683 2452 735 tiam
2488 680 2786 749 proficisci,
2824 675 2930 729 nisi
2967 674 3210 743 aliquam
3248 671 3303 724 in
3335 667 3751 737 expeditionem
3789 663 3904 715 sul-

2326 783 2488 829 tauus
2539 772 2655 840 ipse
2692 768 2949 839 prodeat.
2989 764 3226 833 Ideoque
3272 771 3586 816 nostrorum
3620 758 3692 812 ad
3749 757 3911 810 Baio-

2329 882 2458 923 num
2485 864 2928 928 similitudinem,
2962 859 3119 915 liberi
3139 873 3264 913 esse
3284 855 3493 910 volunt.
3521 852 3715 923 Maiori
3747 852 3909 904 etian

2330 976 2392 1014 ex
2430 967 2583 1028 parte
2606 956 2700 1010 lilii
2761 964 2893 1010 sunt
2935 955 3249 1016 bassarnm,
3280 962 3596 1018 procerum,
3657 945 3910 1012 beneque

2334 1050 2655 1106 meritorum
2687 1047 2930 1100 virorum
2960 1045 3029 1097 de
3061 1040 3397 1095 Osmanidis.

3802 357 3904 421 900

2404 1144 2511 1199 Sex
2546 1141 2759 1210 Agalari
2798 1140 2914 1194 sive
2970 1133 3175 1191 tribuni
3238 1131 3628 1201 Spachiorum,
3696 1127 3752 1182 id
3813 1137 3914 1190 est,

2335 1236 2612 1305 equitatus
2673 1228 2990 1286 immediate
3060 1224 3305 1295 deputati
3361 1221 3629 1277 custodiae
3688 1218 3915 1275 sultani.

2332 1329 2543 1383 llorunt
2576 1327 2691 1379 haec
2724 1324 2949 1377 nomina
2983 1328 3112 1375 sunt
3155 1336 3171 1374 :

2409 1421 2462 1475 1.
2493 1416 2804 1487 Spahoglan
2838 1415 2971 1483 Aga,
3021 1411 3102 1465 vel
3146 1409 3331 1479 Agasi.

2415 1514 2470 1567 2.
2511 1510 2772 1565 Silichlar
2794 1506 2982 1577 Agasi.

2408 1606 2462 1661 ὅ.
2495 1606 2601 1674 Sag
2624 1601 2860 1658 Ulefetzi
2895 1598 3069 1654 bassi.

2415 1700 2470 1753 Δ.
2503 1694 2594 1750 Sol
2620 1694 2853 1749 Ulcfetzi
2885 1692 3055 1745 bassl.

2419 1790 2467 1844 5.
2504 1789 2611 1858 Sag
2633 1786 2802 1842 Gztrib
2837 1784 3025 1855 Agasi.

2191 1892 2237 1941 θ,
2268 1856 2317 1919 Β
2412 1882 2466 1937 6.
2500 1856 2603 1935 Sol
2620 1878 2787 1934 Garib
2816 1877 3007 1947 Agasi.

2418 1972 2622 2027 Horum
2670 1985 2802 2025 vero
2859 1969 3204 2023 tribunorum
3262 1965 3650 2037 unusquisque
3719 1964 3923 2020 duobus

2348 2077 2439 2121 aut
2467 2066 2645 2121 tribus
2692 2064 2939 2134 equitant
2982 2061 3228 2115 millibus
3259 2069 3477 2130 praeest.

2423 2159 2739 2227 Sequuntur
2795 2169 2903 2209 nou
2969 2152 3170 2223 pauci,
3242 2166 3477 2222 quorum
3535 2149 3925 2221 appellationes

2354 2248 2679 2321 simpliciter
2727 2246 2817 2302 hic
2854 2260 3142 2316 ponemus,
3168 2246 3223 2297 in
3254 2243 3685 2298 commodiorem
3707 2240 3921 2295 dilaturi

2354 2344 2534 2399 locum
2561 2352 2667 2397 tam
2699 2339 3055 2410 prolixiorem
3097 2338 3167 2393 de
3201 2337 3308 2403 his,
3335 2350 3500 2405 quam
3550 2335 3620 2388 de
3682 2334 3929 2403 plurimis

683 2426 894 2517 fistulas
926 2452 1088 2526 E93
1119 2451 1323 2504 instare
1368 2443 1543 2514 jubet.
1589 2436 1847 2494 Ofﬁcium
1908 2433 2249 2487 fructuosum

2355 2447 2622 2508 praeterea
2691 2450 2838 2491 nunc
2897 2433 3120 2490 silentio
3171 2429 3570 2502 prmtereuudis
3616 2426 3929 2495 explicatio-

682 2563 786 2615 est,
822 2560 875 2605 et
910 2545 1072 2616 primi
1131 2537 1433 2597 secundum
1489 2534 1871 2604 genizarorum
1948 2538 2103 2595 agam
2157 2537 2254 2577 no-

686 2646 850 2701 minis
876 2655 941 2695 ac
966 2637 1095 2693 loci.

754 2755 970 2828 Capitzi
1017 2753 1216 2810 basste,
1256 2741 1421 2800 modo
1451 2750 1713 2811 quatuor,
1757 2732 1920 2789 modo
1978 2746 2097 2796 sex,
2154 2745 2255 2801 pro

689 2818 918 2907 arbitrio
953 2841 1157 2899 sultani
1182 2843 1460 2893 creantur.
1491 2831 1557 2886 Et
1587 2826 1830 2900 praefecti
1857 2831 1987 2881 sunt
2034 2818 2259 2892 capitzi—

694 2939 863 3001 lat-iis,
890 2935 942 2987 id
968 2939 1078 2995 est,
1109 2925 1441 2999 janitoribus
1484 2941 1498 2977 :
1560 2918 1870 2985 habentque
1925 2910 2121 2982 singuli
2155 2907 2260 2963 sub

693 3047 752 3087 se
778 3033 1052 3084 trecentos
1111 3028 1207 3074 aut
1236 3013 1671 3087 quadringentos
1693 3004 2087 3076 capitailarios,
2124 3013 2261 3070 quo-

694 3136 814 3177 rum
846 3128 930 3174 est
965 3112 1239 3169 inservire
1271 3107 1444 3177 ipsius
1474 3113 1722 3173 personae
1751 3095 1977 3159 sultani,
2025 3105 2261 3163 eumque

2358 2546 2501 2586 nem.

2428 2625 2597 2694 Topzi
2626 2624 2799 2689 bassi,
2826 2619 3118 2691 priefectus
3144 2617 3469 2682 artilliarizc,
3518 2616 3638 2671 sive
3669 2613 3836 2671 rebus
3866 2609 3929 2663 ad

2362 2724 2630 2772 tormenta
2652 2716 2845 2771 bellica
2883 2713 3279 2782 spectantibus.

2430 2805 2750 2877 Tzegebctzi
2804 2805 2991 2870 bassi,
3044 2801 3344 2885 praefectus
3376 2799 3547 2856 anuis
3571 2838 3587 2863 ,
3638 2796 3726 2850 vel
3758 2807 3935 2847 arma-

2365 2909 2516 2957 tunc.

2436 2991 2651 3047 Tzader
2673 2989 2873 3047 Mecter
2896 2989 3069 3055 bassi,
3116 2988 3408 3058 praefectus
3441 2988 3718 3044 tentoriis.

2371 3131 2377 3136 .
2442 3080 2670 3139 Tzalitzi
2704 3083 2908 3139 Mecter
2961 3082 3127 3147 bassi,
3158 3081 3454 3152 praefectus
3507 3082 3855 3137 tubicinibus
3891 3090 3941 3135 et

694 3209 1082 3265 circumstare,
1126 3175 1344 3267 quoties
1406 3189 1624 3261 publice
1656 3186 1969 3240 facultatem
2027 3180 2263 3237 adeundi
2293 3216 2335 3274 α
2372 3177 2598 3231 musica:
2618 3176 2912 3231 sultaninaa
2940 3175 3238 3231 castrensi.

696 3311 757 3350 se
784 3292 1008 3364 praebet,
1041 3285 1189 3357 quod
1216 3281 1551 3338 audientiam
1595 3278 1727 3331 dare
1758 3276 1987 3330 dicunt:
2031 3279 2085 3326 et
2135 3271 2262 3326 belli

698 3399 968 3455 tempore,
1004 3378 1227 3451 quando
1276 3376 1531 3431 sultanus
1580 3370 1860 3426 incastris
1895 3375 1998 3431 est,
2049 3365 2259 3419 circum

701 3484 875 3548 ipsum
900 3476 1162 3531 excubias
1197 3471 1370 3524 instar
1407 3462 1874 3522 cubiculariorum
1901 3467 2090 3531 agunt.

774 3574 889 3626 Duo
936 3563 1181 3638 praefecti
1219 3560 1455 3625 stabulo,
1495 3555 1672 3625 major
1702 3562 1755 3609 et
1812 3552 2012 3607 minor.
2043 3548 2266 3605 Primus

706 3664 841 3735 ipsis
892 3658 1062 3728 Bujuc
1114 3652 1269 3708 Emir
1312 3649 1493 3713 Alior;
1539 3645 1623 3701 vel
1668 3644 1871 3708 Achor,
1911 3642 2014 3735 _vel
2047 3640 2266 3696 Acbur:

705 3728 865 3811 alter,
888 3747 1095 3813 Cutzug
1126 3741 1278 3796 Etnir
1317 3737 1525 3800 Acbur,
1557 3731 1878 3802 appellatur.
1911 3728 2084 3799 Vulgo
2121 3740 2271 3784 uter-

2446 3270 2605 3323 Autzi
2637 3269 2808 3335 bassi,
2849 3283 3143 3338 supremus
3182 3267 3262 3322 rei
3310 3268 3604 3323 venatorius
3628 3266 3943 3338 praefectus.

2447 3359 2687 3429 Doganzi
2720 3360 2891 3423 bassi,
2920 3358 3211 3431 praefectus
3265 3361 3633 3430 accipitrariis
3673 3363 3799 3417 sive
3854 3362 3946 3415 falo

2376 3456 2641 3511 conariis.

2453 3545 2785 3615 Tzagersclti
2816 3547 2990 3615 bassi,
3016 3548 3312 3618 praefectus
3343 3548 3502 3615 nisis,
3528 3564 3664 3621 quos
3688 3561 3948 3619 sparave-

2376 3652 2469 3708 ros
2499 3652 2786 3698 vocamus.

2454 3730 2763 3786 Samsontzi
2802 3732 2973 3798 bassi,
3031 3733 3325 3803 praefectus
3388 3734 3617 3789 canibus
3649 3735 3944 3790 venaticis.

707 3856 814 3912 que
841 3838 1045 3894 dicitur
1096 3829 1383 3887 lmbrahor
1414 3824 1585 3879 bassi.
1617 3820 1771 3891 Apud
1827 3819 2047 3874 Graecia:
2078 3825 2250 3888 prato

2381 3824 2496 3881 Hoc
2524 3823 2759 3880 cilicium
2785 3825 2931 3881 inter
2959 3826 3232 3897 praeipua
3290 3838 3627 3883 numeratur.
3674 3827 3735 3881 Et
3767 3846 3949 3898 qunti-

709 3908 823 3987 rem
859 3937 1110 3983 nostrum
1152 3937 1254 3977 vox
1305 3926 1391 3974 est
1432 3912 1849 3985 ἀμυραχούρης,
1901 3926 1967 3964 ex
2010 3908 2159 3964 Emir
2214 3917 2271 3963 et

712 4027 898 4081 Aeliur
936 4022 1124 4077 itidem
1180 4016 1348 4071 facta.
1406 4009 1538 4067 Vide
1572 4024 1602 4064 a
1632 4007 1792 4063 nobis
1826 4005 2093 4075 explicata
2146 4020 2269 4073 cap.

714 4119 802 4183 Η,
832 4124 883 4171 et
899 4128 1020 4182 cap.
1040 4110 1171 4171 200,
1200 4108 1265 4160 ad
1292 4119 1429 4160 xxiii
1452 4110 1663 4171 portam
1685 4098 2260 4167 Constantinopoleos.

718 4211 931 4265 Ilalient
968 4206 1021 4259 lii
1058 4216 1187 4260 suos
1217 4199 1383 4255 etiam
1414 4192 1737 4257 Kiliaias,id
1763 4198 1872 4257 est,
1900 4188 2157 4253 vicarioa,
2217 4196 2275 4243 et
2324 4208 2327 4211 ·

723 4305 862 4358 alios
888 4296 1180 4371 praefectos
1208 4290 1400 4347 oﬂiciis
1417 4331 1432 4355 ,
1483 4298 1781 4355 eorumque
1807 4286 2001 4353 parent
2028 4281 2274 4351 imperiis

719 4395 1002 4449 hominum
1030 4387 1097 4443 ad
1122 4387 1234 4440 duo
1268 4381 1460 4438 millia.

790 4482 971 4536 Tzaus
1001 4477 1169 4542 bassi,
1205 4474 1525 4545 capitaneua
1554 4468 1668 4525 sive
1692 4465 1980 4539 praefectus
2014 4462 2276 4519 'l‘zausio-

720 4590 868 4637 rum,
908 4572 1003 4641 qui
1029 4582 1260 4624 numero
1288 4566 1411 4636 plus
1442 4563 1624 4617 minus
1654 4571 1781 4616 sunt
1839 4558 2190 4629 septingenti,
2225 4564 2281 4610 et

2380 3917 2506 3973 dam
2535 3933 2602 3972 ex
2631 3917 2699 3972 iis
2729 3918 2821 3987 qui
2854 3926 3149 3988 praeerant,
3188 3919 3350 3992 deligi
3388 3920 3762 3992 genisarorum
3806 3924 3945 3989 Aga-

2373 4006 2505 4061 larii
2557 4007 2670 4060 sive
2708 4006 2937 4071 tribuni,
2997 4008 3271 4063 solebant.

2456 4092 2690 4165 Seguam
2724 4095 2898 4160 bassi,
2920 4093 3211 4165 praefectus
3232 4096 3496 4166 iumentis
3519 4098 3871 4169 sagmatariis
3896 4099 3948 4152 in

2382 4187 2646 4252 exercitu,
2680 4189 2759 4242 vel
2794 4188 2849 4241 in
2884 4188 3151 4243 comitatu
3188 4190 3413 4243 sultani.
3444 4187 3691 4245 Iumenta
3717 4204 3852 4246 vero
3873 4206 3954 4246 sa-

2385 4278 2671 4347 gmataria,
2688 4278 2769 4334 vel
2789 4281 3085 4349 sagmaria,
3102 4281 3185 4337 vel
3205 4280 3440 4336 samaria
3457 4284 3581 4351 (pro
3591 4283 3789 4352 quibus
3813 4298 3955 4339 suin-

2388 4370 2563 4426 maria
2580 4386 2687 4426 non
2704 4380 2849 4427 recte
2865 4372 3030 4427 scribi
3046 4372 3185 4442 apud
3203 4372 3953 4440 Bclvaeenaemmstendimus

2389 4460 2566 4530 capite
2579 4459 2671 4529 20)
2705 4460 2881 4517 Graeci
2943 4476 3141 4516 vocare
3168 4463 3373 4527 solent,
3404 4476 3527 4531 qua
3553 4463 3733 4519 nostri
3761 4466 3945 4520 clitel-

2392 4551 2545 4608 laria.
2572 4551 2713 4608 Sunt
2744 4554 2800 4608 in
2831 4554 2918 4609 his
2941 4554 3089 4624 equi,
3125 4554 3277 4617 muli,
3315 4555 3544 4610 cameli:
3601 4557 3839 4611 rariores
3870 4567 3951 4611 ta-

722 4626 1374 4719 siun'nobilibusaulicis
1399 4653 1703 4724 comparari
1750 4626 2283 4724 possuntpquorum
2322 4626 2364 4681 θ
2395 4662 2517 4703 men
2551 4650 2693 4718 apud
2723 4649 2935 4704 Turcos
2966 4650 3033 4703 ad
3070 4651 3215 4704 hunc
3240 4664 3397 4704 usum
3426 4648 3578 4719 equi,
3612 4650 3793 4721 plures
3826 4651 3952 4705 muli

726 4758 938 4813 scilicet
970 4766 1136 4822 opera
1188 4748 1355 4803 variis
1400 4745 1675 4817 principes
1704 4744 1759 4799 in
1795 4742 2283 4799 commissionibus

726 4864 779 4907 et
822 4848 1090 4905 mandatis
1128 4841 1489 4912 expediundis
1537 4850 1591 4893 et
1612 4837 1942 4895 deducendis
1972 4846 2287 4894 exterorum

732 4942 1041 5014 principum
1077 4939 1291 5007 legatis,
1315 4941 1566 4989 utuntur.

803 5027 1284 5100 Capitzilariorum
1344 5023 1610 5085 Kicbaia,
1677 5022 1946 5076 maximus
2015 5019 2293 5085 vicarius,

732 5125 1007 5197 quasique
1062 5116 1461 5189 suliprzefectus
1517 5117 1760 5171 omnium
1813 5113 2287 5184 Capitzilariorum

733 5219 850 5275 sive
874 5215 1199 5286 ianitorum.
1240 5209 1372 5278 Ejus
1414 5206 1649 5265 oﬂicium
1699 5208 1892 5275 poscit,
1920 5214 1981 5260 ut
2027 5220 2134 5259 una
2170 5221 2291 5259 cum

738 5310 1099 5364 Tanusiorum
1138 5304 1295 5358 bassa
1348 5301 1513 5373 pedes
1549 5301 1601 5355 in
1635 5300 1833 5355 divano
1865 5314 2052 5353 coram
2110 5297 2297 5354 Bessis

737 5409 903 5465 astet,
946 5407 1262 5467 argenteum
1333 5410 1494 5449 manu
1550 5392 1804 5448 baculum
1846 5402 2061 5458 tenens,
2131 5406 2293 5461 quem

732 5496 954 5552 Graecos
978 5492 1185 5546 dixisse
1214 5489 1489 5559 σκῆπτρον
1522 5488 1638 5543 sive
1685 5496 1957 5556 sceptrum
2015 5501 2136 5552 cap.
2192 5485 2295 5539 175

739 5586 1079 5642 notavimus:
1103 5592 1159 5635 ut
1185 5582 1625 5645 introdueateos,
1656 5580 1745 5649 qui
1771 5577 1941 5631 audiri
1979 5576 2291 5646 postulant:

738 5689 798 5731 ut
836 5676 1132 5743 scripturas
1161 5689 1190 5727 c
1232 5670 1455 5735 Divano,
1487 5684 1609 5722 cum
1643 5684 1775 5723 usus
1808 5667 1999 5737 exigit,
2028 5667 2094 5720 ad
2122 5669 2295 5721 sulta-

741 5782 869 5821 num
903 5764 1071 5819 ferat:
1099 5766 1322 5832 ejusque
1359 5761 1597 5813 vicissim
1633 5759 1933 5813 sententias
1980 5758 2293 5829 (resolutio-

744 5874 841 5914 nes
867 5859 1026 5926 vulgo
1066 5855 1268 5923 dicunt)
1302 5852 1616 5907 vczirazemi
1649 5849 1868 5905 referat.

2393 4744 2449 4792 et
2504 4738 2723 4795 cameli.
2762 4738 3104 4808 Quapropter
3145 4754 3174 4793 a
3204 4737 3457 4809 Seguane
3483 4740 3801 4796 recensendi
3867 4757 3954 4796 re.

2466 4922 2684 4978 Devctzi
2715 4923 2884 4986 bassi,
2924 4922 3213 4994 praefectus
3261 4924 3331 4982 iis
3380 4926 3475 4999 qui
3499 4926 3737 4982 camelos
3763 4936 3955 4996 agunt.

2468 5016 2703 5071 Catertzi
2744 5016 2917 5080 bassi,
2948 5014 3240 5087 praefectus
3270 5017 3618 5090 agasonibus,
3645 5020 3730 5075 vel
3780 5020 3955 5072 mulos

2401 5106 2713 5180 agentibus.

2472 5199 2653 5270 Harpa
2679 5200 2885 5265 Eniini,
2919 5200 3209 5272 prefectua
3238 5216 3501 5273 equorum
3528 5201 3747 5273 pabulo.

2474 5292 2678 5348 Prwter
2704 5294 2803 5348 hos
2845 5308 2953 5347 non
2974 5294 3153 5362 exigui
3184 5294 3423 5350 nominis
3451 5293 3519 5347 ad
3554 5302 3762 5363 portant
3789 5298 3951 5347 sunt:

2475 5384 2713 5455 Deplitcr
2748 5383 2923 5439 Einini
2965 5379 3256 5455 praefectus
3286 5386 3459 5445 libris.
3490 5385 3686 5455 quibus
3712 5380 3953 5436 Timaria

2404 5478 2770 5530 continentur.
2799 5476 2866 5530 Et
2894 5492 3059 5545 supra
3114 5478 3335 5545 copiose
3362 5477 3586 5536 dictum,
3641 5487 3763 5542 cap.
3828 5474 3950 5535 485,

2400 5569 2467 5624 de
2492 5570 2723 5625 timariis
2751 5578 2804 5624 et
2824 5570 3134 5634 timariotis,
3160 5572 3273 5625 sive
3296 5568 3648 5625 timaratis£t
3674 5566 3849 5619 Επιἰηί
3868 5581 3955 5634 εει

2402 5664 2661 5716 neraliter
2683 5661 2889 5731 alioqui
2922 5660 3198 5729 signiﬁcat
3225 5678 3370 5723 eum,
3403 5662 3492 5731 qui
3524 5668 3812 5729 proventus
3839 5660 3950 5712 sive

2401 5750 2611 5803 rcdilus
2672 5750 2885 5818 aliquos
2914 5751 3108 5820 recipit
3138 5761 3193 5806 et
3228 5750 3587 5805 administrat.

2476 5842 2866 5915 Kiltal_Emini,
2894 5843 3354 5912 superintendens
3406 5840 3747 5903 cancelli-riae,
3773 5839 3937 5895 veluti
