4164 6426
220 374 309 436 901
1363 383 1759 445 PANDECTE
1804 386 2005 448 IIIST.
2036 390 2336 452 TURClC.

3356 409 3457 473 902

217 495 424 541 taxator
454 489 749 559 quispiam,
784 502 976 549 nostro
1022 508 1204 551 more:
1240 499 1331 566 qui
1390 501 1592 570 regalia
1647 516 1775 555 can-
1816 516 1855 568 Α
1888 507 2160 569 heremus,
2181 516 2237 561 et
2271 506 2508 579 aliquem
2547 527 2574 567 e
2598 516 2804 569 nostris
2834 517 3025 573 eodem
3054 523 3453 593 ablegaremus,

213 579 469 642 cellar-ite,
536 596 653 649 quae
710 598 929 648 vocant,
988 588 1191 655 exigit,
1243 604 1543 661 eorumque
1586 607 1772 646 curam

213 672 569 724 necessariam
612 675 773 740 gerit.
808 674 917 729 Iloc
971 677 1211 732 olliciunt
1242 684 1547 750 cotnparari
1602 686 1773 751 pretio

210 758 409 823 decem,
463 761 543 814 vel
600 763 763 817 etiam
816 768 1127 834 quindecim
1177 770 1407 825 millium
1447 774 1771 828 ducatorum

210 849 456 920 singulos
508 854 561 906 in
597 868 789 922 annos,
824 861 996 915 solet:
1046 876 1156 931 quo
1214 864 1380 931 potiri
1437 866 1527 935 qui
1568 875 1769 936 potest,

210 945 470 1001 maximas
503 962 635 1017 opes
657 950 887 1020 colligit.

272 1035 508 1094 Tersane
575 1042 777 1107 Emini,
832 1047 1287 1116 superinteudeus
1343 1051 1663 1117 Arsenalis,
1712 1052 1763 1106 id

200 1138 299 1190 cst,
333 1129 424 1198 qui
460 1134 687 1200 νεωρίου
728 1139 1027 1208 φροντισής
1056 1148 1160 1206 est,
1192 1140 1307 1194 sive
1341 1144 1665 1212 προνοητής,
1708 1151 1769 1196 ιιι

199 1216 369 1271 Graeci
397 1218 608 1285 dicunt,
628 1224 759 1277 ‘sive
788 1225 879 1293 qui
924 1228 1134 1282 navalis
1175 1243 1361 1282 curam
1390 1231 1554 1299 gerit.

270 1306 407 1363 Sunt
437 1310 540 1365 alia
570 1330 787 1383 quoque
813 1326 918 1368 tam
954 1317 1147 1380 cilicia,
1186 1335 1346 1386 quam
1390 1321 1648 1377 officiales
1667 1322 1766 1376 Os-

199 1400 421 1453 manica'
442 1400 640 1468 Portm,
674 1408 946 1460 ntiuorum
968 1417 1149 1462 tamen
1182 1411 1258 1464 illi
1287 1412 1454 1481 (quod
1473 1413 1581 1467 dici
1602 1414 1763 1484 solet)

195 1492 480 1559 gentium:
519 1503 573 1548 et
625 1510 688 1550 eo
738 1499 955 1566 quidem
988 1498 1153 1571 494
1216 1517 1464 1569 numero,
1500 1508 1673 1576 magis
1708 1519 1766 1563 ut

197 1582 451 1637 idoneum
488 1585 666 1641 locum
701 1590 804 1643 sibi
830 1603 1083 1659 poscant,
1119 1592 1209 1647 ubi
1245 1594 1458 1663 plenius
1489 1599 1763 1667 explicen-

194 1683 305 1727 tur.
336 1675 546 1732 lnterea
589 1695 740 1744 vero,
798 1683 923 1735 dum
987 1683 1348 1741 luculentiora
1404 1703 1678 1757 paramus,
1710 1702 1761 1746 et

190 1766 411 1833 quidem
466 1765 662 1824 liorum
694 1773 1051 1829 collationutn
1076 1791 1201 1832 cum
1228 1779 1418 1846 palatii
1452 1790 1506 1834 et
1540 1783 1755 1852 imperii

193 1858 366 1913 Graeci
428 1862 823 1934 dignitatibus,
878 1868 994 1923 hac
1048 1868 1298 1926 benevoli
1340 1872 1575 1930 lectores
1618 1848 1755 1946 aequi
1786 1848 1832 1907 Β

187 1950 426 2020 bonique
466 1952 690 2010 faciant.

183 2086 313 2170 229..
349 2088 562 2170 Primus
587 2092 770 2170 Qenizi
798 2095 1134 2170 beglerbegus
1167 2101 1340 2167 factus
1366 2101 1754 2170 Chairadines;

257 2159 553 2239 sangiacus
581 2159 1122 2241 ϐᾳιίίρριὶίιιαιιᾶηέ
1149 2159 1380 2225 Muralis
1404 2173 1562 2241 hujus
1598 2159 1755 2240 justi:

258 2231 371 2309 tia;
400 2235 691 2309 σρπτηγὸξ,
724 2231 1051 2309 ξίρείρνωιον
1083 2231 1549 2309 ϐαιιὶοροιίιαηῖιδ,
1581 2231 1627 2298 ἐι
1658 2247 1757 2299 δω-

251 2298 595 2369 summa}
628 2298 1111 2362 Cedriui'correcta
1140 2298 1330 2367 venio.

259 2409 481 2466 Solebat
512 2424 637 2469 ante
660 2418 751 2471 illa
791 2428 1037 2489 tempora
1069 2423 1264 2479 classis
1292 2426 1585 2481 sultauiuae
1623 2443 1755 2499 pra}.

174 2500 361 2558 fectus
392 2521 513 2560 esse
538 2509 806 2564 maximus
836 2522 890 2565 et
920 2513 1230 2569 ordinarius
1271 2518 1337 2580 is,
1366 2518 1457 2586 qui
1483 2519 1753 2588 Calliopa-

175 2592 245 2647 lis
280 2597 570 2665 sangiacus
609 2607 747 2654 erat.
785 2600 899 2656 Hoc
944 2619 1010 2657 ex
1044 2603 1269 2661 Laonici
1312 2623 1531 2678 quoque
1581 2609 1751 2678 pluri-

176 2684 288 2737 bus
326 2685 463 2742 locis
503 2690 803 2760 intelligere
836 2692 983 2758 licet,
1022 2696 1097 2750 uti
1150 2711 1271 2752 cum
1327 2700 1381 2754 in
1413 2700 1751 2758 Muchemete

176 2778 216 2829 ll
253 2780 590 2835 mentionem
650 2784 778 2839 facit
825 2784 1053 2842 Jonuzis
1109 2789 1347 2857 praefecti
1408 2792 1747 2861 (sangiacum

169 2868 595 2940 interpretatur)
626 2872 969 2945 Calliopolis,
1017 2878 1259 2949 itemque
1290 2879 1497 2950 Zogaui
1555 2883 1751 2952 praefe-

170 2959 250 3013 cti
291 2960 630 3032 CalliOpolis,
664 2974 719 3019 et
745 2978 933 3036 postea
964 2975 1148 3025 tamen
1178 2972 1339 3042 regiae
1398 2974 1595 3029 classis
1639 2976 1746 3030 im-

167 3060 487 3121 peratorem
517 3055 647 3111 facit
669 3059 920 3114 eumdem
949 3074 1071 3115 cum
1089 3062 1350 3131 praafecto
1374 3064 1746 3136 CalliOpolita-

163 3157 266 3194 no.
308 3141 463 3197 Nunc
496 3145 657 3199 etiam
706 3148 1056 3219 sangiacatus
1114 3158 1200 3207 est
1253 3151 1595 3223 Calliopolis,
1649 3157 1818 3253 sedc

158 3235 344 3290 maris
400 3236 518 3292 sive
553 3236 742 3294 Denisi
801 3240 1149 3314 beglerbego,
1218 3254 1477 3315 tanquam
1525 3250 1744 3320 majori,

154 3326 471 3382 subditus:
526 3336 581 3384 et
630 3330 834 3387 ibidem
893 3334 1057 3403 hujus
1091 3337 1401 3410 beglerbegi
1450 3343 1607 3398 sedes
1663 3354 1748 3400 est

149 3418 472 3485 ordinaria,
505 3434 669 3490 quam
721 3425 1083 3481 residentiam
1132 3431 1293 3500 vulgo
1349 3444 1569 3489 vocant.
1621 3436 1747 3493 Fuit

146 3514 340 3582 igitur
367 3527 397 3567 a
420 3512 735 3572 Soleimane
764 3533 901 3573 nova
954 3530 1173 3590 reperta
1209 3523 1469 3594 dignitas,
1494 3539 1549 3582 ut
1576 3532 1745 3587 maris

141 3614 374 3678 praetor
403 3621 508 3662 non
545 3609 782 3679 amplius
813 3622 960 3668 esset
986 3615 1302 3684 saugiacus,
1340 3619 1439 3673 sed
1468 3621 1746 3690 beglerbe-

137 3713 289 3769 gus.
325 3697 460 3755 Huic
483 3700 660 3756 olIicio
697 3712 827 3757 tunc
856 3704 1242 3762 Chairadinem
1283 3725 1407 3763 cum
1444 3711 1602 3767 titulo
1651 3730 1744 3770 ve-

133 3790 297 3845 ziris
338 3790 619 3860 praefecit:
672 3794 750 3849 uti
781 3810 928 3849 nunc
990 3796 1260 3853 Ulutzalis
1297 3816 1519 3871 quoque
1571 3805 1741 3861 utaris

130 3890 247 3939 est
289 3881 669 3955 beglerbegus,
701 3895 756 3940 et
811 3889 960 3942 vezir
1018 3892 1201 3946 bassa.
1260 3891 1499 3948 Prmerat
1562 3894 1738 3965 ipsius

133 3974 391 4029 nomine
441 3975 749 4047 Calliopoli,
806 3994 931 4034 cum
998 3980 1125 4036 istic
1188 3998 1319 4047 uno,
1355 3986 1475 4053 plus
1529 3988 1736 4055 minus,

128 4080 355 4122 mense
395 4082 493 4122 nos
542 4069 897 4136 lueret-emus,
955 4071 1200 4130 Subassa
1240 4078 1467 4146 quidam
1515 4080 1738 4136 natione

130 4158 493 4223 Genueusis,
520 4159 599 4212 vir
624 4160 914 4230 humanus,
932 4172 985 4218 et
1010 4164 1154 4233 quod
1177 4165 1232 4219 in
1255 4175 1497 4235 apostata
1520 4170 1736 4235 mirere,

127 4251 326 4303 nobis
365 4249 418 4302 in
450 4263 613 4304 causa
640 4253 874 4320 quadam
927 4264 1115 4310 nostra
1166 4271 1429 4326 perquam
1482 4260 1735 4317 addictus

123 4351 205 4396 et
257 4340 444 4396 utilis.
506 4342 715 4412 Quippe
774 4353 995 4401 mortuo
1058 4347 1125 4401 ad
1171 4348 1544 4419 Calliopolim,
1585 4354 1733 4407 utin

126 4436 562 4505 Supplemento
602 4438 877 4493 annalium
911 4443 1282 4508 narravimus,
1315 4442 1546 4499 Henrico
1570 4447 1734 4501 baro-

1878 595 1965 647 cui
1998 600 2338 653 veredarium
2374 602 2514 656 ultro
2546 620 2604 660 se
2628 609 3027 677 adjuncturum
3067 614 3450 682 pollicebatur.

1879 687 1949 737 lta
1986 703 2043 742 re
2076 690 2554 765 Constantinopoli
2600 701 2818 769 cognita
2848 711 2897 757 et
2940 706 3005 757 ad
3047 708 3309 763 Divanutn
3354 713 3447 766 de-

1878 777 2018 845 lata,
2085 783 2373 840 confestim
2443 790 2647 844 sultani
2718 793 2951 850 Muratis
3016 798 3175 863 jussu
3250 805 3449 858 missus

1877 873 2118 927 tzausius
2158 878 2378 944 quidam
2446 880 2709 945 Murates,
2762 889 2985 943 natione
3014 891 3321 961 Circassus,
3352 900 3445 966 qui

1874 976 1982 1016 non
2003 965 2180 1020 solum
2210 968 2310 1025 hac
2350 972 2444 1029 lite
2499 990 2600 1031 nos
2629 977 2883 1035 liberaret
2910 982 3217 1054 CalliOpoli,
3248 1004 3437 1043 verum

1874 1055 2036 1109 etiam
2093 1070 2246 1113 extra
2299 1064 2675 1133 Dardanellos,
2726 1086 2754 1123 a
2784 1073 3064 1142 Calliopoli
3093 1077 3161 1130 27
3204 1081 3444 1134 milliari-

1873 1144 1974 1200 bus
2006 1148 2213 1206 Graecis
2240 1152 2465 1210 dissitas
2497 1173 2679 1224 arces,
2739 1164 2829 1215 tibi
2867 1180 3029 1221 naves
3066 1171 3305 1238 perquiti
3358 1189 3446 1226 so-

1872 1238 2005 1302 lent,
2054 1257 2121 1295 ne
2178 1249 2451 1318 mancipia
2512 1254 2757 1309 vetitmve
2800 1272 3008 1312 merces
3069 1274 3440 1330 exporteutur,

1869 1331 2182 1391 deduceret.
2209 1339 2382 1393 Simul
2407 1347 2635 1400 remissa
2660 1350 2821 1413 cadii,
2857 1350 3019 1404 nobis
3047 1353 3253 1421 injurii,
3283 1372 3439 1423 pmua

1870 1420 1969 1475 fuit
2018 1426 2311 1483 arbitrium
2364 1434 2599 1489 nratoris
2659 1438 2927 1502 Cassarei,
3001 1442 3153 1497 Pauli
3218 1448 3439 1503 harunis

1866 1512 2195 1585 Eitzingaui,
2230 1522 2648 1596 collaudataque
2682 1532 2928 1587 subassze
2971 1538 3284 1603 prudentia,
3342 1544 3433 1609 qui

1868 1619 1966 1671 pro
2001 1607 2159 1663 nobis
2188 1609 2457 1671 adversus
2480 1620 2695 1675 cadium
2736 1627 3000 1681 stetisset.
3036 1620 3263 1684 Missum
3298 1650 3437 1701 quo-

1865 1710 1972 1762 que
2000 1696 2241 1766 diploma
2268 1718 2466 1757 novuut
2506 1709 2638 1769 salvi
2668 1727 3031 1779 commeatus.
3073 1722 3241 1788 ptinri
3275 1726 3437 1795 longe

1864 1788 2146 1845 severius:
2197 1808 2306 1859 quo
2360 1796 2738 1865 interdicebat,
2791 1821 2859 1859 ne
2898 1823 3003 1876 qua
3046 1812 3199 1866 nobis
3239 1830 3266 1867 a
3304 1832 3437 1883 quo-

1862 1892 2023 1944 quam
2055 1896 2283 1937 suorttut
2314 1888 2669 1947 exhiberetur
2702 1898 2993 1954 molestia:
3025 1904 3120 1955 sed
3163 1915 3219 1958 ut
3251 1910 3432 1961 muni-

1862 1969 1960 2023 bus
1996 1974 2158 2028 rebus
2185 1992 2283 2033 nos
2316 1986 2502 2048 potius
2530 1999 2719 2043 omnes
2748 1989 2928 2046 ubivis
2962 1992 3211 2050 locorum
3242 1999 3294 2053 in
3336 2001 3433 2055 im~

1862 2064 2012 2129 perio
2042 2081 2143 2121 suo
2169 2068 2449 2138 juvarent.
2488 2072 2757 2135 Tzausius
2815 2085 2932 2152 ipse
2971 2102 3096 2141 cum
3128 2091 3347 2146 sultano
3376 2110 3435 2149 se

1858 2152 2099 2210 locutum
2137 2170 2191 2214 ct
2224 2164 2446 2221 audisse
2481 2169 2752 2226 referebat
2816 2189 2879 2229 ex
2943 2179 3113 2247 ipsius
3162 2198 3277 2247 ore,
3307 2200 3431 2240 cum

1857 2242 2085 2311 diceret,
2119 2252 2269 2307 nullo
2296 2259 2457 2310 modo
2488 2274 2548 2314 se
2598 2264 3024 2335 permissurum,
3064 2281 3121 2325 ut
3180 2274 3288 2328 ulla
3350 2293 3428 2340 re,

1857 2337 1939 2389 vel
1973 2339 2221 2408 minima,
2260 2356 2434 2415 paene
2480 2366 2601 2403 cum
2632 2353 2962 2422 imperatore
2991 2360 3430 2420 Christianorum

1855 2431 2090 2489 induciae
2122 2439 2476 2499 violarentur.
2510 2442 2743 2515 Ideoque
2770 2461 2893 2502 cum
2937 2450 3234 2522 aliquando
3269 2459 3430 2515 nobis

1865 2520 2126 2579 Hebrarus
2176 2530 2395 2598 quidam
2440 2535 2763 2602 publicanus
2802 2540 2820 2609 (
2856 2553 2982 2595 sunt
3025 2520 3169 2599 enim
3232 2549 3283 2601 in
3320 2549 3429 2605 ile-

1851 2610 2121 2670 braeorum
2162 2620 2414 2677 manibus
2444 2627 2627 2681 omnia
2669 2642 2765 2696 per
2793 2630 3082 2700 imperium
3130 2636 3427 2697 Turcicum

1854 2703 2209 2776 telonia,qua:
2228 2714 2462 2768 nummis
2492 2730 2519 2767 a
2546 2719 2763 2773 sultano
2797 2723 3116 2797 redimunt),
3147 2730 3264 2798 ipso
3293 2748 3431 2801 pra:-

1853 2808 2030 2860 sente,
2061 2805 2248 2857 nescio
2293 2806 2421 2873 quid
2471 2809 2734 2865 molestia:
2778 2799 3050 2881 navicula,
3095 2835 3201 2888 qua
3262 2799 3427 2880 velte-

1862 2886 2057 2943 bamur
2086 2890 2154 2944 ad
2202 2908 2380 2947 arcem
2411 2898 2731 2967 Asiaticaut,
2767 2906 3131 2975 perquirenda
3168 2915 3427 2972 exhibere

1853 2976 2035 3042 vellet,
2070 2979 2121 3033 ei
2163 2988 2310 3036 tanta
2341 2984 2391 3038 vi
2428 2987 2787 3055 pusdiganum
2815 2992 2927 3047 sive
2951 2995 3158 3049 clavam
3189 2998 3424 3055 ferream

1851 3064 1904 3121 in
1933 3080 2095 3139 caput
2127 3072 2376 3143 impegit,
2410 3086 2464 3128 ut
2496 3079 2650 3147 quasi
2704 3092 2958 3140 mortuus
2990 3086 3142 3142 humi
3192 3093 3429 3148 collabe-

1852 3168 2025 3225 retttr,
2065 3170 2120 3218 et
2155 3166 2516 3223 moribundus
2551 3183 2579 3223 a
2615 3172 2730 3226 suis
2763 3173 2985 3229 domum
3015 3178 3424 3247 deportaretur.

1857 3250 1966 3307 Sed
1993 3256 2137 3309 enim
2167 3256 2233 3310 ad
2260 3274 2373 3312 rem
2399 3270 2455 3312 ut
2480 3262 2792 3330 redeamus,
2823 3266 2925 3322 hoc
2957 3271 3202 3339 sangiaei
3225 3275 3426 3331 Callio-

1856 3342 2085 3409 politani
2127 3345 2362 3400 ofﬁcium
2390 3361 2640 3417 prmturz
2673 3357 2962 3413 maritima:
3003 3358 3167 3417 Turci
3210 3379 3237 3416 a
3270 3366 3423 3421 Grae-

1849 3432 1931 3488 cis
1959 3447 2314 3505 acceperunt,
2343 3455 2483 3509 quos
2528 3442 2641 3511 jam
2682 3448 2846 3502 toties
2875 3448 3117 3508 diximus
3148 3468 3243 3511 eos
3281 3460 3421 3512 mulo

1847 3525 1918 3581 tis
1954 3528 2005 3580 in
2033 3527 2197 3583 rebus
2247 3533 2556 3589 aemulatos.
2597 3534 2753 3605 Apud
2785 3538 3086 3597 Cedrinum
3119 3546 3414 3617 aliquoties

1846 3613 1915 3678 is,
1942 3617 2035 3684 qui
2063 3620 2337 3685 σρατηγὸς
2379 3623 2494 3675 sive
2519 3631 2722 3691 praetor
2774 3613 3225 3697 Calliopolitauus
3278 3646 3420 3701 erat,

1844 3706 2009 3761 etiam
2033 3709 2131 3776 τῆς
2155 3708 2533 3781 δωδεκανήσου
2567 3725 2860 3784 praeturam
2884 3723 3128 3789 gessisse
3161 3727 3420 3791 traditur,

1843 3812 1950 3865 quo
1979 3800 2246 3856 vocabulo
2281 3818 2389 3856 non
2426 3813 2532 3858 tam
2558 3807 2846 3863 duodecim
2887 3812 3223 3880 insularum,
3251 3833 3416 3885 quam

1842 3890 2009 3945 maris
2072 3892 2362 3961 imperium
2435 3898 2806 3966 significatur.
2862 3902 3076 3959 Etenim
3146 3908 3419 3980 hodieque

1840 3983 2192 4053 sangiacatus
2229 3987 2531 4044 insularum
2576 3990 2869 4063 Mitylente,
2911 3997 3053 4065 Chii,
3122 3999 3277 4063 Naxi,
3316 4003 3419 4057 Ne-

1839 4074 2095 4141 groponti
2131 4077 2214 4130 vel
2240 4076 2478 4146 Euboan,
2512 4082 2714 4150 Rhodi,
2746 4084 3014 4140 Leucadis
3042 4091 3156 4143 sive
3183 4092 3239 4145 S.
3265 4092 3418 4145 Mau-

1840 4180 1940 4228 raa,
1977 4182 2104 4221 cum
2135 4170 2280 4235 aliis,
2314 4172 2382 4224 ad
2438 4173 2728 4243 imperium
2786 4180 2926 4248 ejus,
2960 4182 3054 4249 qui
3100 4185 3270 4238 tuaris
3330 4198 3417 4240 est

1838 4255 2225 4328 beglerbegus,
2258 4261 2555 4328 pertinent.
2594 4264 2809 4321 Alicubi
2858 4266 3154 4339 Xylander,
3194 4282 3418 4328 caetero-

1838 4346 1931 4415 qui
1963 4346 2163 4404 doctus
2188 4351 2275 4404 vir
2305 4361 2360 4407 et
2398 4352 2601 4408 Graecae
2646 4371 2910 4424 perquam
2975 4360 3208 4428 peritus,
3268 4365 3414 4433 apud

1838 4435 2137 4493 Cedrinum
2170 4442 2380 4496 insulas
2397 4443 2733 4500 Dodecanesi
2756 4458 2994 4513 vertens,
3021 4450 3095 4503 ita
3122 4450 3412 4508 duodecim

118 4546 219 4583 ne
248 4529 325 4582 de
368 4527 728 4592 Licmesiain.
786 4529 990 4587 Cadius
1036 4533 1152 4587 sive
1204 4533 1520 4590 potestatus
1580 4539 1731 4594 ιιι-υἱ,
1764 4554 1807 4610 D
1840 4527 2146 4585 insularum
2196 4534 2473 4588 civitatein
2536 4538 2721 4590 vocari
2756 4538 2961 4608 adjicit,
2994 4556 3184 4597 errore
3240 4549 3412 4599 tnaui~

111 4621 613 4688 Calliopolitauaa,
648 4623 864 4677 relictas
901 4625 969 4677 ab
1000 4638 1065 4679 eo
1099 4639 1206 4690 res,
1234 4628 1400 4681 veluti
1435 4627 1574 4682 bona
1632 4645 1728 4683 ca-

113 4714 332 4773 duca,
359 4720 412 4765 et
453 4712 519 4765 ad
554 4727 632 4776 se,
653 4712 744 4782 qui
786 4714 1137 4769 cadilicatum
1172 4730 1202 4769 a
1227 4718 1447 4773 sultano
1476 4724 1727 4789 pecunia,

112 4819 253 4875 pro
289 4817 447 4857 more
489 4802 719 4859 Turcico
750 4806 1098 4872 redemisset,
1138 4808 1396 4865 devoluta
1454 4816 1730 4883 repetebat

103 4916 150 4953 a
214 4898 407 4963 nobis,
464 4907 517 4952 et
551 4899 732 4952 animo
758 4899 868 4968 jam
919 4901 1225 4958 devorarat.
1262 4902 1373 4960 Nos
1429 4915 1610 4961 autem
1663 4908 1730 4963 ab

96 4996 275 5061 ipso
308 4989 380 5043 ad
410 4992 699 5044 suliassatn
726 4991 1101 5061 appellantes,
1133 4994 1307 5049 fuisse
1346 4996 1605 5051 baronem
1634 4998 1730 5053 de-

97 5090 407 5141 functum
438 5081 670 5137 Czesaris
713 5083 974 5151 legatum,
1008 5088 1255 5156 adeoque
1308 5102 1597 5157 personam
1633 5106 1731 5161 pu-

91 5180 382 5236 blicam,
413 5174 846 5243 replicabamus;
876 5177 1036 5245 cujus
1070 5178 1211 5230 bona
1237 5194 1335 5233 nec
1379 5195 1475 5248 pro
1504 5183 1729 5238 caducis

91 5276 200 5324 lia
219 5266 373 5330 beri,
403 5279 501 5317 nec
528 5264 788 5333 applicari
812 5267 963 5329 fisco,
995 5267 1101 5319 nisi
1126 5268 1460 5335 violatojure
1483 5272 1727 5340 gentium

88 5367 408 5433 possent.
433 5358 566 5409 Cum
602 5373 798 5411 avarus
826 5358 1028 5412 Cadius
1063 5375 1092 5413 a
1130 5363 1402 5414 sententia
1428 5378 1497 5416 ne
1530 5364 1729 5418 litteris

79 5452 379 5521 qualem
430 5450 791 5517 amplissimis
827 5451 961 5504 salvi
998 5464 1337 5509 commeatus
1390 5456 1619 5522 prolatis
1676 5466 1730 5511 ct

76 5542 450 5611 inspectis,
504 5542 767 5595 dimoveri
822 5544 1023 5599 vellet:
1089 5547 1343 5611 subassa,
1385 5549 1727 5617 compellatis

72 5639 314 5699 nobis
350 5635 537 5691 Italica
567 5636 773 5705 lingua,
812 5648 1080 5706 prasente
1115 5640 1271 5693 cadio
1319 5653 1441 5694 cum
1474 5656 1727 5696 assesso-

68 5738 305 5795 ribus
333 5732 469 5796 suis,
508 5732 555 5783 id
584 5730 804 5784 consilii
854 5731 1038 5795 dabat,
1085 5740 1146 5785 ut
1193 5733 1724 5803 Constantinopolim

71 5827 193 5885 ad
256 5836 529 5877 oratorem
566 5821 799 5876 Cv‘sat‘is
851 5823 1025 5875 nostri
1074 5838 1187 5874 rem
1226 5839 1439 5878 onmem
1481 5827 1725 5892 perscri-

1846 4621 2006 4677 festo.
2072 4623 2207 4689 Quis
2259 4627 2404 4680 enim
2458 4628 2665 4682 audivit
2705 4645 2941 4699 unquam
2993 4633 3049 4686 in
3083 4633 3271 4704 [Εεωο
3330 4638 3410 4691 vel

1842 4714 2247 4787 Arcltipelago,
2346 4719 2509 4774 sicuti
2610 4736 2753 4775 nunc
2837 4732 3037 4790 vocat,
3131 4726 3408 4781 civitatem

1837 4805 2142 4859 insularum
2179 4808 2509 4863 duodecim?
2541 4808 2719 4865 Locus
2750 4823 2832 4866 est
2867 4814 2920 4867 in
2951 4814 3067 4884 ejus
3111 4815 3409 4886 Nicephori

1830 4896 1963 4961 vita,
1990 4898 2084 4966 qui
2120 4896 2378 4952 feminam
2416 4910 2749 4967 protervam,
2776 4914 2834 4957 et
2867 4905 3175 4975 nimiopere
3213 4910 3407 4962 crude-

1831 4992 1937 5047 lem
1970 4994 2025 5047 in
2051 4994 2479 5049 Constantinum
2505 4996 2698 5060 ﬁlium,
2737 4998 2825 5052 cui
2865 5001 3056 5055 oculos
3087 5004 3254 5065 eruit,
3291 5001 3406 5057 Ire-

1832 5101 1935 5139 nen
1964 5086 2201 5156 imperio.
2229 5086 2445 5156 dejecit.
2484 5087 2811 5144 llabitantes
2866 5092 2918 5143 in
2975 5094 3262 5147 duodecim
3321 5095 3403 5146 in-

1831 5178 1989 5239 sulis,
2018 5179 2205 5232 dicere
2226 5179 2417 5231 debuit
2444 5180 2745 5249 interpres.
2764 5180 2827 5234 Et
2847 5182 3107 5253 intelligit
3136 5186 3406 5242 Cedrinus

1832 5269 2043 5323 insulas
2106 5278 2261 5323 extra
2298 5269 2655 5325 Dardanellns
2704 5272 2785 5323 vel
2822 5286 2978 5327 arces
3045 5273 3403 5343 Hellesponti,

1832 5360 1917 5413 vel
1936 5370 2087 5413 extra
2110 5360 2328 5415 Sestum
2359 5372 2413 5414 et
2442 5361 2711 5430 Abydum,
2743 5364 2798 5416 in
2833 5362 3020 5432 [Eng
3062 5366 3204 5418 mari
3230 5368 3402 5421 sitas:

1831 5469 2063 5522 quarum
2097 5455 2230 5517 haec,
2269 5455 2315 5509 si
2350 5457 2610 5523 requiris,
2649 5456 2846 5509 habeto
2901 5458 3162 5510 nomina:
3210 5462 3401 5511 sicula

1836 5545 2041 5599 Graecis
2077 5547 2203 5599 olim
2241 5547 2421 5599 vocari
2448 5547 2721 5611 solebant,
2755 5559 2809 5602 et
2844 5564 2985 5602 nunc
3020 5550 3239 5617 iisdem,
3269 5567 3407 5604 nau—

1831 5646 2128 5708 tarumque
2158 5648 2340 5706 vulgo,
2375 5648 2428 5693 et
2453 5638 2661 5693 Latinis
2699 5642 3083 5694 enuntiantur.

1904 5730 1978 5781 Ex
2040 5729 2391 5795 Hellesponto
2432 5732 2497 5782 ad
2561 5731 2833 5793 dextram,
2893 5748 3086 5787 versus
3142 5747 3402 5787 occasum

1831 5818 1991 5889 495
2019 5820 2151 5875 solis
2179 5820 2590 5889 navigantibus,
2629 5830 2963 5873 occurrunt:
