4164 6426
231 384 330 444 905

1384 378 1780 445 PANDECTE
1824 377 2028 438 IIIST.
2064 367 2373 437 TURCIC.

3373 377 3477 438 906

226 509 327 562 que
360 493 572 562 regredi
604 503 793 562 posset
827 493 1131 547 exercitus.
1175 492 1421 549 Scachus
1479 496 1645 550 etiam
1702 494 1799 546 So—
1826 494 1875 551 Α
1902 490 2111 552 scachi,
2141 490 2301 557 cujus
2340 489 2389 541 ei
2447 502 2604 542 soror
2650 498 2932 556 nupserat,
2992 488 3195 543 illustri
3252 490 3372 543 viro
3409 491 3477 544 ad

227 586 422 654 phinus
452 600 665 637 onmem
696 585 776 639 eis
806 599 1076 637 annonam
1110 584 1177 636 ab
1208 586 1358 637 omni
1388 590 1540 652 parte
1562 583 1795 652 praecluo

226 686 384 727 serat.
411 673 563 728 Unde
582 674 809 740 factum,
832 684 890 727 ut
923 674 1063 729 fame
1084 675 1312 745 partim,
1366 676 1561 745 partim
1593 673 1796 742 frigore

224 768 477 821 dimidius
509 767 813 822 Tureorum
848 765 1132 824 exercitus
1159 768 1383 837 periret.
1412 768 1632 836 Absque
1657 778 1797 819 non-

224 859 488 912 nullorum
508 859 727 929 quidem
753 861 1135 914 ArmeuiOrum
1189 860 1383 914 fuisset
1418 874 1607 928 opera,
1629 859 1801 927 regio-

221 951 306 1004 nis
335 951 479 1004 illius
509 953 801 1005 admodum
830 954 1155 1023 peritorum,
1194 954 1287 1021 qui
1334 954 1573 1006 maximo
1623 952 1798 1020 pretio

223 1041 409 1096 Turcis
427 1056 700 1096 annonam
729 1044 1057 1107 vendebant,
1080 1054 1264 1099 aetum
1290 1045 1466 1098 adhuc
1492 1046 1647 1117 pejus
1671 1060 1795 1099 eum

221 1135 350 1203 ipsis
374 1134 584 1189 fuisset.
609 1135 973 1205 Conspicatus
1000 1140 1055 1191 in
1091 1138 1173 1191 bis
1194 1141 1550 1193 constitutum
1570 1138 1799 1193 difﬁcul-

221 1230 420 1282 tatibus
459 1229 810 1283 Osmauldam
839 1231 1072 1283 scaehus
1110 1230 1395 1294 'l‘amascs,
1450 1248 1480 1284 e
1523 1231 1799 1287 Corasane

219 1337 339 1373 cum
367 1322 711 1391 paucioribus
738 1338 900 1391 quam
931 1324 1117 1379 decem
1148 1340 1369 1378 suorum
1401 1326 1659 1389 millibus,
1683 1342 1798 1379 mo-

219 1427 370 1478 vens,
394 1413 706 1469 Taurisium
738 1409 891 1481 adiit,
926 1417 1018 1472 ubi
1045 1420 1268 1486 triginta
1292 1419 1599 1474 Tureorqu
1630 1421 1794 1474 millia

222 1507 391 1558 tribus
419 1507 520 1560 sub
543 1508 775 1562 ducibus
800 1518 976 1573 erant,
1014 1512 1115 1563 sub
1150 1509 1357 1574 Ulama,
1382 1512 1714 1580 Sirvanogli,
1742 1524 1796 1567 et

216 1597 487 1665 .Iadigiare
519 1599 656 1667 bego
692 1618 705 1653 :
742 1606 981 1670 quorum
1015 1604 1254 1673 quisque
1295 1605 1484 1657 decem
1551 1606 1794 1659 millibus

218 1690 463 1756 equitum
502 1699 750 1758 praeerat.
790 1691 853 1744 lli
900 1707 1021 1746 eum
1074 1694 1435 1762 acCcpissent,
1490 1694 1792 1765 Sophinum

214 1776 449 1836 Taurisii
484 1784 620 1837 fines
663 1785 975 1855 inpressum
1005 1802 1150 1851 esse,
1178 1788 1492 1855 prodierunt
1532 1802 1683 1842 extra
1707 1807 1793 1843 ur-

1902 579 2270 635 Soleimanem
2340 596 2369 635 a
2424 583 2628 635 scacho
2690 582 3006 649 deficiente,
3037 599 3373 652 magnosque
3422 600 3483 638 se

1900 674 2042 727 duce
2096 690 2389 729 successus
2448 676 2497 729 ei
2554 676 2955 743 promittente:
3020 692 3119 730 nec
3184 684 3483 746 praetextus

1902 764 2061 832 longe
2088 766 2418 829 quaerendus
2468 776 2608 832 erat,
2672 784 2795 822 cum
2856 783 2968 834 pra:
3034 771 3283 823 manibus
3336 779 3484 823 esset

1898 858 2187 911 Persurum
2248 874 2276 912 a
2320 862 2532 915 caeteris
2616 861 3020 915 Mahumetanis
3098 862 3481 917 dissidentium

1902 964 2038 1003 nova
2064 952 2403 1018 superstitio,
2457 952 2527 1007 ab
2584 952 2840 1008 Erdebile
2887 962 3107 1021 empta,
3161 954 3484 1010 Teclunasis

1901 1056 2025 1103 avo,
2052 1043 2120 1097 ab
2150 1043 2370 1099 lsmaile
2401 1046 2650 1115 Sophino
2695 1056 2851 1117 patre
2897 1049 3233 1118 defensaque
3288 1065 3485 1118 propa-

1899 1147 2158 1204 gataque,
2191 1137 2511 1193 Techmasis
2543 1143 2709 1195 etiam
2754 1143 3065 1210 patrocinio
3099 1144 3357 1198 subnixa.
3408 1142 3485 1196 De

1902 1231 2003 1282 hac
2032 1238 2086 1282 et
2120 1232 2399 1285 annalium
2451 1234 2501 1287 in
2550 1234 2873 1303 appendice,
2932 1238 3034 1289 sub
3073 1237 3291 1289 initium
3354 1236 3481 1290 belli

1900 1322 2127 1384 Persici.
2169 1325 2376 1392 prolixe
2418 1328 2810 1393 disseruimus,
2841 1339 2895 1383 et
2947 1330 3305 1399 adjunximus
3353 1332 3481 1393 alia,

1900 1429 2021 1484 cap.
2058 1415 2160 1470 188
2205 1417 2498 1474 Pandectis
2551 1414 2739 1491 hujus.
2796 1423 3043 1479 Indidem
3084 1424 3257 1477 lector
3324 1422 3485 1477 intel-

1899 1505 2067 1573 ligere
2104 1521 2304 1579 potest,
2357 1514 2500 1582 (μιυά
2563 1517 2650 1569 hic
2703 1516 2942 1570 traditur
2997 1517 3270 1585 objecisse
3307 1515 3482 1571 Tech-

1902 1605 2061 1667 masi,
2124 1603 2417 1675 Persisque
2493 1610 2725 1669 cancris,
2785 1607 3159 1663 Soleimancs:
3216 1610 3478 1664 nimirum

1898 1710 1993 1750 eos
2024 1697 2212 1753 debito
2254 1707 2494 1769 quatuor
2542 1702 2871 1757 Mahumetis
2914 1706 3210 1773 prophetas
3271 1705 3482 1758 honore

1901 1803 2013 1841 non
2058 1794 2336 1860 prosequi.
2396 1791 2644 1858 Quatuor
2696 1800 2838 1849 enim
2872 1798 2926 1851 hi
2987 1795 3308 1851 Malmmetis
3366 1808 3477 1851 tum

217 1875 359 1937 hem,
401 1891 569 1945 seque
598 1878 955 1934 dimicaturos
984 1881 1035 1933 in
1064 1882 1272 1934 hostem
1300 1882 1559 1949 professi,
1586 1884 1751 1937 Tauri
1773 1914 1795 1923 -
1830 1900 1872 1951 Β
1904 1880 2065 1944 SOCii.
2098 1890 2211 1935 llltn
2239 1900 2613 1951 successores.
2668 1887 2889 1942 Γυθΐιιηῐ
2948 1888 3112 1943 Ebllb'
3137 1891 3238 1955 ΗΓ,
3289 1888 3441 1943 Ome‘
3462 1931 3476 1949 ι

217 1968 527 2021 siodeserto
560 1966 741 2039 fugam
780 1969 1154 2038 arripuerunt.
1178 1970 1478 2039 Sotihinus,
1502 1974 1685 2026 urbem
1714 1974 1797 2026 in-

217 2076 458 2129 gressus,
492 2064 850 2116 munitionem
887 2081 916 2118 a
977 2065 1171 2119 Turcis
1226 2067 1552 2121 fabricatam
1602 2069 1792 2133 diruit,

216 2151 547 2220 aheneisque
610 2156 897 2211 tormentis
958 2158 1339 2223 comminutis,
1402 2170 1679 2215 monetam
1727 2177 1794 2217 ex

218 2260 323 2299 tere
357 2247 617 2315 signavit.
662 2247 1023 2317 Posteaquam
1065 2250 1402 2307 Soleimanes
1432 2254 1496 2308 ad
1554 2254 1793 2323 Bagada-

218 2336 312 2389 tim
350 2338 577 2391 hiemem
651 2341 962 2396 universam
1006 2345 1300 2413 exegisset,
1352 2347 1608 2403 abductis
1669 2350 1795 2404 inde

218 2432 415 2499 copiis,
450 2431 761 2487 Taurisium
792 2452 983 2491 versus
1012 2439 1167 2506 abiit,
1200 2450 1253 2494 et
1275 2442 1461 2495 urbem
1487 2444 1789 2512 ingressus,

215 2524 406 2577 diebus
442 2524 513 2578 ibi
542 2527 853 2595 quindecim
882 2534 1101 2595 mansit,
1164 2547 1227 2586 ac
1270 2536 1465 2603 laqueo
1527 2540 1789 2607 suspendi

212 2614 542 2685 Jadigiarem
604 2620 795 2688 begum
878 2621 1126 2677 Eminem
1175 2624 1361 2694 jussit,
1417 2630 1573 2697 cujus
1632 2631 1787 2701 culpa

216 2707 421 2760 factum
456 2710 654 2775 fuerat,
682 2713 827 2780 quod
887 2728 913 2765 a
952 2712 1149 2770 Turcis
1211 2730 1403 2773 contra
1453 2718 1648 2776 Persas
1682 2741 1787 2778 non

213 2813 334 2854 erat
392 2803 731 2861 dimicatum.
793 2808 904 2862 Hoc
955 2812 1102 2865 enim
1162 2815 1385 2867 nomine
1434 2828 1790 2872 accusaverat

213 2894 393 2961 ipsum
434 2894 624 2949 Ulama
669 2913 791 2950 cum
828 2900 1481 2973 Sirvanugli.SOphinus,
1512 2908 1787 2965 intellecto

212 2986 579 3043 Soleimanem
618 3029 631 3052 ,
672 2994 836 3046 motis
897 2994 1166 3065 Bagadate
1222 3001 1415 3068 copiis,
1471 3000 1785 3058 Taurisium

212 3077 457 3141 tendere,
501 3081 552 3131 in
617 3084 892 3151 regionem
924 3086 1219 3144 Corasanis
1272 3097 1580 3163 serecepit.
1645 3096 1787 3150 Tan-

208 3171 337 3223 dem
388 3171 727 3229 Soleimanes
794 3179 1321 3251 Constantinopolim
1362 3203 1617 3243 reversus
1678 3203 1782 3257 est,

210 3266 373 3318 ﬁrmo
410 3266 663 3337 Bagadati
703 3277 961 3340 praesidio
1018 3289 1208 3333 contra
1236 3280 1542 3350 Sophinum
1607 3285 1785 3355 impoo

207 3359 340 3418 situ.
371 3362 455 3413 cui
487 3360 855 3421 Soleimanem
881 3370 1097 3426 bassam
1131 3390 1253 3427 cum
1289 3376 1595 3449 beglerbegi
1627 3380 1784 3436 titulo

207 3454 476 3522 pra-fecit,
499 3457 863 3517 Albanensem
888 3466 972 3519 vel
1004 3466 1279 3536 Epirotam
1316 3473 1562 3538 natione,
1591 3477 1785 3543 adjun-

203 3552 315 3601 ctis
343 3551 389 3603 ei
419 3552 641 3621 triginta
676 3558 889 3614 duobus
958 3558 1264 3619 Tureorum
1309 3570 1576 3627 millibus.
1641 3573 1782 3627 Tau-

204 3642 401 3694 risium
436 3660 582 3711 vero,
630 3648 757 3717 quia
826 3653 1073 3707 relictqu
1108 3657 1177 3711 ab
1229 3675 1295 3713 co
1346 3660 1526 3717 fuerat
1576 3667 1784 3735 absque

202 3738 489 3804 praesidio,
535 3757 788 3797 reversus
842 3746 1116 3813 Sopbiuus
1161 3752 1311 3805 nullo
1347 3756 1567 3824 negotio
1627 3774 1781 3813 recu-

204 3832 442 3896 peravit.
474 3830 538 3884 Et
572 3835 837 3892 hactenus
864 3840 977 3892 hinc
1012 3840 1424 3913 Spanduginus,
1479 3850 1637 3920 cujus
1698 3855 1781 3906 iu-

210 3925 509 3989 terpretari
545 3934 596 3979 et
628 3931 943 3985 exscribere
976 3933 1152 3987 locum
1212 3939 1505 4007 voluimus,
1563 3953 1622 3996 ut
1654 3960 1776 3997 cum

200 4017 490 4069 annalium
514 4024 834 4077 narratione
866 4026 1103 4080 conferri
1165 4033 1355 4098 possit.
1394 4033 1654 4090 Libenter
1693 4048 1777 4091 ta-

201 4125 328 4160 men
366 4111 503 4178 aequi
536 4113 761 4167 lectores
810 4116 1153 4183 fatebuntur,
1191 4137 1219 4173 a
1272 4116 1468 4180 Turcis
1520 4129 1778 4199 pleraque

200 4200 406 4250 tradita
436 4203 635 4255 rectius
670 4219 732 4256 ac
761 4207 997 4271 plenius.

300 4292 429 4345 9.51.
461 4293 593 4346 Belli
628 4294 821 4349 Persici
853 4317 1036 4367 causa,
1074 4307 1303 4370 occasio,
1336 4320 1645 4376 prwtextus.

276 4380 529 4435 Solemus
578 4390 826 4456 exemplo
885 4388 1233 4462 Thucydideo
1293 4401 1560 4455 bellorum
1629 4406 1777 4460 αἴτια

193 4473 318 4527 sive
366 4489 594 4549 causas,
647 4480 715 4531 ab
743 4486 1128 4540 occasionibus
1184 4502 1236 4542 et
1270 4494 1625 4558 praetextibns
1664 4499 1775 4553 dis-

194 4568 457 4631 tinguere
510 4570 834 4638 (τεροφάσεῑς
889 4581 942 4627 et
1005 4578 1262 4647 ἀφορμὰς
1318 4582 1432 4651 ipse
1496 4597 1677 4654 vocat,
1724 4600 1775 4645 ct
1811 4598 1853 4652 D

191 4664 575 4729 προσχήματα
610 4664 912 4735 πολέμων),
938 4684 1057 4737 qua:
1098 4687 1219 4724 cum
1260 4678 1471 4742 magnis
1506 4694 1564 4732 se
1619 4683 1775 4749 prin-

191 4752 440 4820 cipibus,
469 4757 765 4823 ca'teroqui
799 4758 1067 4813 bellorum
1098 4763 1357 4821 adversus
1388 4768 1647 4825 finitimos
1683 4790 1775 4841 ge-

192 4843 498 4895 rendorum
524 4846 720 4906 avidis,
758 4846 995 4902 offerunt
1024 4867 1036 4902 :
1074 4869 1351 4922 nunquam
1370 4859 1449 4911 eis
1482 4870 1774 4927 przetextus

190 4934 426 4995 desunt,
460 4948 598 5001 quos
648 4934 929 4991 affectibus
964 4941 1099 5002 suis,
1150 4952 1204 4994 et
1236 4945 1630 5011 cupiditatibus
1692 4950 1772 5003 in-

183 5025 386 5093 justis,
450 5028 768 5081 obtendant.
818 5029 893 5082 lta
950 5033 1287 5102 suscipiendi
1348 5051 1538 5092 contra
1578 5041 1772 5098 Persas

189 5117 330 5171 belli
370 5132 495 5171 vera
523 5132 684 5173 causa
718 5118 1047 5176 Soleimanis
1079 5135 1196 5178 erat
1226 5129 1278 5180 in
1313 5130 1520 5194 animo,
1579 5136 1770 5189 deces-

185 5223 386 5261 sorum
438 5223 687 5274 suorum,
748 5210 1180 5270 Muchemetisll
1244 5221 1450 5286 proavi,
1514 5222 1771 5291 Bajazitis

184 5300 306 5362 avi,
344 5298 679 5369 Selimisque
707 5304 882 5371 patris
906 5308 1220 5363 aemulatio:
1276 5314 1365 5381 qui
1395 5329 1520 5368 cum
1578 5314 1769 5371 Persa-

184 5406 318 5443 rum
379 5392 596 5445 scacbis
654 5396 953 5449 acerrimas
1008 5399 1325 5458 inimicitias
1383 5419 1765 5471 exercuerant,

181 5492 241 5533 et
266 5479 563 5547 aliquoties
587 5496 742 5551 atque
776 5483 889 5537 fere
923 5484 1092 5541 Marte
1126 5505 1248 5543 cum
1282 5493 1360 5546 eis
1386 5496 1765 5565 conflixerant,

180 5571 300 5624 sibi
337 5569 614 5625 fortunam
649 5576 821 5644 magis
861 5578 1148 5646 propitiam
1190 5580 1371 5637 Persis
1400 5587 1767 5653 opprimendis

178 5672 236 5716 et
267 5663 643 5731 adjungendis
681 5666 911 5733 imperio
943 5686 1042 5722 suo
1082 5674 1456 5737 pollicebatur.
1491 5678 1603 5732 lloc
1641 5697 1763 5735 cum

177 5755 380 5808 animo
411 5770 509 5809 suo
537 5758 895 5814 constitutum
967 5764 1209 5827 habenti,
1246 5783 1345 5820 nec
1411 5771 1630 5825 occasio
1665 5774 1763 5826 de-

176 5844 333 5911 fuit;
371 5843 567 5898 Ulama
612 5846 768 5914 bego,
799 5852 967 5917 gestis
998 5854 1136 5905 bello
1178 5856 1340 5909 rebus
1401 5868 1450 5911 et
1505 5858 1760 5914 affinitate

513 5941 780 6004 Pnaor.
833 5948 943 6004 Gu.
1005 5941 1197 6001 CLIX.

1901 1971 2103 2029 Osman
2166 1989 2217 2030 et
2263 1979 2347 2032 Ali
2384 1996 2399 2033 ε
2440 1997 2673 2050 quorum
2726 1983 3006 2052 prioribus
3066 1982 3259 2037 urdine
3305 1984 3479 2037 lt‘ibtzs

1902 2068 2147 2138 rejectis,
2184 2084 2440 2141 quartum
2496 2074 2664 2141 Alim,
2718 2076 3047 2131 Mahumetis
3110 2078 3475 2146 propinquum

1898 2170 1953 2213 et
1979 2178 2263 2229 generum,
2296 2162 2477 2222 Persa:
2506 2169 2739 2236 probant
2769 2185 2833 2224 ac
2860 2182 3214 2225 venerantur.

1961 2256 2087 2311 252.
2133 2258 2447 2323 Curdistan,
2479 2262 2667 2329 Curdi,
2699 2266 2929 2330 Keldan,
2957 2266 3224 2337 Cordyna,
3259 2268 3433 2323 Curti.

1970 2349 2299 2407 Reineccius
2364 2356 2417 2408 in
2454 2358 2755 2425 appendice
2818 2362 2884 2413 ad
2952 2371 3203 2415 octavum
3236 2363 3477 2433 Aytheni

1895 2454 2079 2513 caput,
2122 2448 2331 2501 Uordos
2366 2459 2419 2502 et
2478 2451 2750 2507 Cordinos
2806 2456 2973 2509 nimis
3022 2457 3128 2513 late
3190 2456 3477 2513 Tureicam

1895 2544 2107 2598 gentem
2144 2552 2270 2590 esse
2322 2541 2566 2607 prodidit
2612 2558 2676 2597 ex
2723 2540 2936 2601 Joanne
2974 2545 3159 2604 Leone
3197 2551 3475 2609 Africano.

1894 2625 1962 2677 Et
1985 2624 2183 2693 adjecit
2214 2628 2317 2682 alia
2380 2631 2446 2684 de
2496 2631 2812 2689 Corduenis
2878 2647 2932 2691 et
2971 2640 3299 2708 Carduchis,
3356 2664 3479 2715 qtne

1897 2717 1985 2769 hic
2016 2718 2241 2773 minime
2285 2725 2600 2788 repetenda.
2631 2723 2742 2780 Nec
2798 2726 3188 2786 Curdistanum
3222 2738 3474 2805 equidem

1896 2810 2211 2866 admiserim
2256 2829 2380 2868 esse
2410 2814 2666 2883 Mediam,
2699 2836 2820 2888 quae
2864 2822 3049 2876 verius
3088 2841 3231 2880 nunc
3280 2830 3473 2884 Sirvau

1892 2902 2222 2971 appellatur.
2251 2904 2366 2960 Vox
2396 2907 2692 2965 Curdistan
2728 2913 3006 2982 signiﬁcat
3063 2934 3289 2987 regnum
3341 2924 3476 2978 Cur-

1890 2993 2108 3049 dorum.
2140 2996 2202 3048 Et
2245 2998 2490 3054 habitant
2539 3003 2810 3074 hodieque
2848 3007 3011 3062 Curdi
3042 3052 3055 3073 ,
3096 3014 3236 3067 sicut
3272 3016 3356 3069 his
3409 3033 3474 3073 ex

1889 3088 2186 3143 annalibus
2212 3093 2373 3145 etiam
2430 3097 2732 3153 manifesto
2794 3113 2973 3169 paret,
3009 3104 3061 3157 in
3112 3109 3335 3175 regione
3368 3111 3471 3164 Ba-

1891 3178 2126 3245 gadatis,
2172 3198 2295 3251 quae
2332 3182 2628 3255 Babylonia
2682 3192 2881 3259 priscis
2935 3204 3040 3259 est,
3092 3201 3227 3252 etin
3274 3204 3472 3260 vicinia

1896 3268 2295 3341 Carahemidce,
2332 3293 2453 3345 qua:
2482 3283 2758 3348 quondam
2789 3296 2907 3351 erat
2964 3288 3160 3346 Amida
3219 3295 3472 3368 Mesopo-

1896 3366 2098 3429 tamiae,
2130 3385 2276 3423 nunc
2309 3370 2597 3429 Diarbekir
2626 3380 2940 3448 appellatae.
2966 3384 3179 3449 Quibus
3246 3390 3299 3444 in
3333 3366 3470 3448 locis

1894 3469 2018 3508 cum
2046 3459 2576 3521 olimChaldaeurum
2603 3472 2762 3526 sedes
2795 3474 3023 3543 fuerint,
3061 3482 3321 3549 equidem
3374 3503 3469 3539 su-

1894 3546 2081 3612 perius
2108 3552 2159 3606 in
2188 3558 2467 3612 annalium
2521 3564 2903 3631 supplemento
2932 3575 3200 3635 conclusi,
3254 3576 3470 3631 Curdns

1892 3656 2015 3695 esse
2040 3644 2343 3711 Chaldmos,
2395 3656 2697 3719 prmsertim
2731 3673 2854 3711 cum
2887 3676 2915 3715 a
2952 3665 3144 3720 vicinis
3180 3667 3363 3725 Persis
3411 3686 3469 3727 ct

1893 3732 2089 3789 Turcis
2119 3752 2182 3791 ea
2216 3742 2363 3808 regio
2413 3743 2704 3801 Curdistan
2753 3753 3077 3820 appelletur,
3108 3774 3269 3826 quam
3319 3781 3467 3819 nunc

1893 3842 2108 3895 quoque
2127 3829 2331 3885 Kcltlau
2362 3837 2740 3909 \‘ocant497
2777 3844 3009 3906 Arabes.
3078 3848 3127 3901 id
3160 3861 3244 3906 est
3302 3853 3467 3909 Chal-

1889 3922 2083 3975 dzcam.
2120 3924 2283 3979 Liber
2302 3928 2575 3994 ἀκέφαλος
2599 3932 2846 3989 historia:
2897 3938 3118 4005 (Ξτίερτῐι,
3169 3946 3328 4013 cujus
3363 3949 3465 4000 ali-

1890 4016 2109 4080 quoties
2161 4020 2492 4077 mentionem
2556 4025 2696 4093 feci,
2747 4042 2993 4099 posteros
3052 4036 3256 4103 Seruis,
3294 4040 3465 4098 Nohae

1891 4107 2008 4170 filii,
2057 4110 2309 4179 regiones
2358 4113 2453 4166 bas
2514 4119 2739 4174 sortitos
2794 4123 2999 4177 refert:
3058 4126 3321 4197 Persiaui,
3358 4135 3465 4188 Ba-

1888 4200 2154 4252 ctrianam
2182 4242 2194 4263 ,
2260 4201 2615 4273 Hyrcaniam,
2670 4211 3066 4282 Babyloniam,
3111 4220 3417 4292 Cordynam
3444 4267 3458 4285 .

1890 4286 2126 4358 Syriam,
2162 4292 2633 4365 Mesopotamiam,
2671 4318 2792 4355 cum
2830 4305 2954 4360 aliis
2980 4324 3100 4377 qua:
3128 4326 3456 4382 sequuntur.

1888 4381 2023 4446 Quis
2057 4384 2141 4437 hic
2164 4384 2751 4460 Cordynam,positam
2809 4397 2953 4453 inter
3008 4381 3359 4473 Babyloniam
3408 4422 3460 4461 et

1889 4475 2100 4544 Syriam
2135 4480 2721 4554 Mesopotamiamque,
2772 4504 2877 4541 non
2926 4494 3311 4550 animadvertit
3375 4515 3454 4552 re-

1887 4570 2114 4623 centiori
2145 4575 2406 4629 vocabulo
2433 4577 2793 4643 nominatam,
2819 4596 2916 4649 pro
2950 4584 3249 4641 Chaldtea?
3311 4590 3453 4645 [dem

1879 4662 2041 4727 situs,
2080 4664 2239 4718 iidem
2276 4667 2412 4722 fines
2454 4670 2615 4726 hodie
2644 4684 2775 4728 sunt
2822 4676 3162 4746 Curdistani,
3227 4685 3293 4738 de
3342 4704 3453 4755 quo

1880 4759 2111 4827 agimus.
2139 4758 2289 4813 Adde
2324 4758 2549 4816 Cedrini
2585 4764 2763 4821 locum
2815 4784 2844 4821 e
2877 4768 3078 4826 Basilio
3132 4773 3450 4842 Macedone.

1878 4866 2001 4903 cum
2036 4850 2132 4912 ait,
2172 4850 2429 4905 Basilium
2490 4869 2518 4907 e
2563 4854 2957 4926 Mesopotamia
3016 4866 3267 4921 victoria:
3315 4887 3424 4925 nun

1878 4941 1982 4994 tios
2006 4943 2287 5010 accepisse
2316 4959 2328 4993 :
2356 4961 2480 4997 cum
2504 4946 2708 5014 quibus
2757 4951 2921 5005 allata
2981 4972 3202 5027 quoque
3248 4961 3449 5017 fuerint

1875 5033 1925 5085 ei
1968 5035 2131 5086 multa
2153 5036 2347 5101 spolia.
2378 5038 2660 5107 multaque
2721 5044 2992 5113 mancipia
3047 5047 3341 5107 Curiorum
3396 5067 3450 5110 et

1875 5122 2300 5179 Saracenorum.
2335 5125 2399 5180 lli
2430 5128 2582 5181 Curti
2609 5131 2767 5199 plane
2791 5149 2900 5189 non
2939 5138 3029 5190 alii
3090 5152 3239 5206 sunt,
3281 5162 3445 5213 quam

1875 5215 2126 5271 hodierni
2163 5218 2353 5283 Curdi,
2384 5231 2437 5276 et
2464 5224 2829 5281 Curdistanize
2865 5232 3107 5300 regionis
3131 5236 3344 5291 incohc.

1932 5309 2058 5363 235.
2095 5310 2193 5363 Ser
2222 5312 2385 5368 Asker
2411 5316 2685 5371 sultanum
2710 5338 2726 5372 :
2760 5320 2981 5387 Serdar,
3026 5326 3201 5393 μέγας
3232 5329 3379 5393 δούξ.

1943 5399 2057 5454 Hoc
2077 5401 2235 5456 oflicii
2263 5404 2377 5459 sive
2398 5407 2678 5476 dignitatis
2703 5414 2844 5479 apud
2864 5413 3075 5469 Turcos
3107 5432 3212 5470 non
3244 5421 3441 5480 civilis.

1875 5494 1970 5547 sed
1999 5495 2250 5550 militaris
2283 5508 2368 5551 est
2425 5516 2647 5565 nomen,
2694 5518 2802 5571 quo
2866 5506 3206 5575 significatur
3258 5527 3447 5581 supre-

1871 5602 1993 5640 mus
2026 5588 2323 5657 imperator
2348 5594 2623 5646 exercitus
2678 5597 2901 5660 sultani,
2953 5600 3065 5653 sive
3121 5603 3443 5671 capitaneus

1870 5682 2137 5748 generalis
2173 5684 2271 5752 (uti
2308 5700 2451 5738 nunc
2481 5685 2779 5757 loquimur)
2827 5706 2991 5758 supra
3053 5704 3278 5748 caeteros
3327 5713 3443 5750 oui-

1871 5787 1968 5825 nes
1996 5777 2307 5841 capitaueos
2328 5779 2623 5831 exercitus.
2658 5780 2829 5833 Asker
2856 5783 3086 5836 Arabice
3120 5800 3435 5854 supremum

1870 5863 2164 5932 significat,
2192 5881 2288 5935 pro
2312 5883 2420 5937 quo
2444 5866 2747 5924 Tureorum
2806 5872 2999 5941 vulgus
3057 5874 3258 5933 Lesker
3306 5878 3443 5933 solet

3014 5970 3087 6028 29
