4164 6426
670 374 776 438 907

1862 376 2187 436 IOANNIS
2233 378 2701 441 LEL’NlILM'Il

3815 389 3929 452 908

665 492 870 553 dicere,
906 488 1070 544 veluti
1108 503 1229 543 cum
1263 488 1396 543 Cadi
1440 488 1641 543 Leskcr
1666 489 1824 545 effert
1850 489 2090 559 judicent
2121 506 2239 545 ma-
2269 499 2308 554 Α
2339 494 2471 573 2⁸5⁸1ἷ
2496 499 2836 573 Raqualina
2860 486 3003 568 regio
3024 500 3075 573 in
3096 500 3323 573 formam
3365 503 3756 573 bcglerbegatus
3778 509 3927 569 redi-

664 577 1313 649 xiinum,quiAraliihus
1343 588 1428 632 cst
1484 580 1616 633 Cadi
1677 581 1868 635 Aslter.
1944 580 2235 635 Sullanum

664 672 918 742 gignendi
951 685 1110 725 casus
1150 682 1233 725 est
1273 671 1418 739 apud
1473 670 1704 725 Turcos.
1766 674 1946 728 Persis
2006 675 2233 736 Serdar,

665 779 772 817 non
811 763 908 816 Ser
936 762 1106 817 Askcr
1129 773 1375 827 vocatur,
1403 765 1624 818 nomine
1673 763 1867 820 Turcis
1896 765 2058 819 etiam
2135 782 2235 820 usu

663 865 843 923 capto.
879 852 1049 907 Grieci
1075 854 1310 922 denique
1338 855 1513 921 μέγαν
1535 854 1709 909 δοῦκα
1739 856 2094 910 nominabant
2130 859 2235 912 hoc

661 946 804 1013 apud
834 962 891 999 se
925 946 1237 1014 fungentem
1285 947 1482 1011 ofﬁcio,
1543 948 1686 1015 quod
1743 964 1993 1016 magnum
2040 953 2233 1003 ducem

661 1038 906 1097 denotat,
952 1053 1014 1090 ac
1097 1036 1369 1105 primaria:
1428 1036 1753 1091 vocabuiuin
1822 1039 2100 1107 dignitatis
2153 1050 2237 1095 est

664 1132 807 1182 inter
841 1132 945 1181 alia
985 1134 1165 1199 magni
1198 1130 1381 1197 palatii
1416 1145 1665 1184 munera.

856 1267 983 1321 955.
1024 1265 1207 1319 Ketzie
1266 1267 1443 1331 bona,
1491 1266 1693 1321 Caceba
1730 1266 2027 1323 Cliornsaii.

732 1360 969 1412 Annales
992 1358 1213 1412 lietzien
1234 1359 1475 1421 liassam,
1498 1358 1751 1413 familiari
1775 1348 1972 1414 Turcis
1991 1363 2233 1425 nomine,

661 1453 902 1505 Chanein
929 1452 1078 1503 illum
1105 1451 1379 1518 appellant
1404 1449 1723 1504 Cliitainiiin
1749 1470 1763 1515 ;
1791 1453 1908 1521 qui,
1935 1468 2033 1505 ceu
2058 1454 2235 1521 capite

662 1543 822 1597 tertio
852 1543 1116 1606 diximus,
1147 1540 1250 1595 Ulii
1302 1541 1457 1594 Chan
1494 1541 1840 1596 discriminis
1871 1558 2036 1596 causa
2070 1559 2235 1597 voca-

663 1647 771 1699 tur,
806 1636 858 1689 id
894 1643 997 1695 est,
1050 1634 1301 1687 excelsus
1349 1642 1443 1685 aut
1495 1649 1746 1687 summus
1777 1634 1930 1688 Clian
1988 1636 2102 1689 sive
2137 1651 2234 1691 re:

659 1728 1008 1781 Tatarornm.
1048 1726 1242 1779 Ketzie
1280 1727 1459 1786 liassa,
1492 1726 1535 1779 si
1566 1727 1790 1779 verbum
1819 1728 1989 1781 verbo
2013 1729 2232 1793 reddas,

2416 567 2591 634 gitur;
2620 567 2987 637 Bagadatinus
3017 571 3262 638 cliuliplia
3292 590 3311 625 :
3341 567 3667 628 Sol'eiinau'es
3695 595 3728 628 ιι
3760 567 3929 630 cliuli.

2422 637 2526 703 p/ia
2559 639 2721 720 noluit
2749 642 3108 722 inaugurari;
3143 643 3389 711 cliuliplia
3415 645 3711 700 Caireiisis.
3750 650 3920 700 Inui:-

2416 720 2717 775 gurattouis
2741 720 3071 766 cwremonia.

2418 822 2490 873 De
2522 822 2658 875 urbe
2683 822 2906 892 Bagdat.
2935 831 3050 878 slve
3079 827 3306 897 Bagdet,
3341 829 3550 884 dictum
3590 833 3750 888 initio
3786 837 3935 889 Pan-

2347 911 2523 968 dectis
2557 917 2757 977 nostri,
2782 917 2956 985 capite
2999 918 3055 973 Δ.
3089 918 3191 973 ilic
3228 925 3545 985 notandum.
3584 927 3777 979 eodem
3826 943 3899 980 nn

2347 1005 2492 1057 mine
2523 1007 2799 1073 regionem
2833 1017 2885 1061 et
2917 1009 3105 1062 urbem
3132 1014 3346 1065 censeri
3387 1031 3400 1067 :
3432 1015 3573 1067 sicut
3603 1026 3659 1068 et
3686 1015 3928 1085 Babylo-

2348 1098 2450 1149 nire
2503 1100 2742 1168 regionis
2799 1102 3131 1157 mentionem
3192 1106 3355 1175 paulo
3395 1120 3541 1173 ante,
3579 1110 3762 1176 capite
3792 1111 3927 1171 9.39.,

2347 1192 2655 1245 habuimus.
2688 1192 3013 1250 Addcniluin
3066 1200 3269 1263 oliitcr,
3310 1201 3580 1270 hodieque
3610 1202 3927 1267 Clialiphcn

2347 1282 2461 1337 sive
2494 1284 2797 1355 Cheliphen
2834 1293 3128 1357 quemdam
3169 1271 3442 1361 Bagadale
3473 1295 3744 1361 reliquum
3777 1314 3925 1358 esse,

2345 1375 2436 1441 qui
2472 1384 2652 1430 tamen
2690 1379 2956 1435 duntaxat
2986 1384 3404 1440 nondneJenus
3444 1388 3773 1457 dignitatem
3800 1391 3929 1459 pri-

2347 1468 2544 1520 stinam
2570 1477 2775 1524 tuetur.
2806 1472 3097 1537 Quondam
3115 1478 3260 1530 enim
3296 1492 3604 1547 praepotens
3624 1492 3746 1533 erat
3777 1483 3929 1549 prin-

2346 1574 2497 1627 ceps,
2528 1570 2579 1612 nl
2615 1576 2678 1615 ex
2712 1565 2961 1631 praetoris
2990 1580 3211 1635 quoque
3253 1571 3429 1621 nostri
3465 1580 3619 1639 paret
3664 1573 3924 1629 historia.

2346 1652 2475 1706 licet
2529 1656 2850 1713 recentiori.
2902 1657 3037 1714 Nam
3079 1676 3182 1715 suo
3221 1673 3467 1732 tempore
3524 1679 3929 1720 commemorat

2345 1746 2694 1813 Tancharos,
2730 1750 3045 1807 bellicosam
3076 1756 3349 1810 nationem
3387 1755 3726 1824 Tataricain,
3754 1764 3929 1817 omis—

661 1822 922 1875 ﬁltriniim
950 1828 1112 1889 caput
1142 1818 1441 1887 signiﬁcat.
1471 1820 1548 1873 Ita
1573 1828 1688 1872 tuin
1722 1820 1775 1873 in
1812 1836 2007 1888 genere
2047 1821 2231 1876 Tatari

2344 1838 2422 1891 sis
2450 1839 2766 1896 inimicitiis
2793 1852 2848 1897 et
2872 1844 3028 1897 bellis
3058 1844 3326 1900 adversus
3359 1847 3638 1902 sultannm
3675 1851 3928 1908 lconieii-

656 1912 895 1967 Chilaini
927 1912 1306 1972 nominantur,
1345 1926 1373 1963 a
1409 1910 1647 1979 capitum
1680 1914 2011 1980 tegumentis
2038 1931 2068 1968 e
2092 1914 2234 1969 ﬁltro

659 2005 868 2069 factis;
907 2011 1023 2056 tum
1067 2001 1426 2071 peculiariter
1457 2003 1700 2071 ipsorum
1740 2003 1915 2068 Chan,
1971 2007 2061 2060 vei
2090 2007 2237 2074 prin-

653 2112 786 2166 ceps
814 2096 1085 2150 maximus
1117 2112 1131 2148 :
1164 2094 1388 2164 perinde
1434 2110 1499 2148 ac
1521 2094 1717 2151 Persas
1754 2096 1808 2150 in
1846 2113 2046 2166 genere
2102 2100 2235 2154 dici-

656 2204 776 2243 mus
804 2186 1303 2251 Kesilbassdarios,
1332 2201 1362 2240 a
1391 2186 1577 2241 rubris
1604 2189 1846 2257 capitum
1877 2192 2233 2258 tegumentis,

652 2294 705 2341 et
737 2281 838 2351 ipsi
864 2280 1216 2350 peculiariter
1231 2293 1424 2333 eorum
1451 2282 1654 2335 scaeho
1680 2296 1877 2337 numen
1906 2281 2233 2339 Kesilbassze

653 2374 969 2426 tribuimus.
1036 2371 1190 2440 Apud
1226 2370 1442 2424 Jovinm
1491 2383 1546 2427 et
1584 2374 1720 2429 alios
1771 2388 2089 2445 corruptum
2132 2395 2232 2432 no-

655 2481 775 2517 men
814 2465 1029 2519 Caecha
1082 2467 1384 2533 reperitur,
1431 2479 1530 2535 pro
1584 2467 1800 2534 integro
1825 2467 1991 2523 Kezie
2046 2470 2231 2526 bassa.

653 2556 991 2624 Tegumenta
1028 2573 1160 2609 vero
1193 2558 1436 2626 capitum
1486 2558 1600 2613 ha-c
1638 2558 1890 2614 Tatarica
1951 2563 2147 2618 viridis
2179 2568 2233 2619 in

656 2649 975 2703 universum
1006 2648 1213 2701 coloris
1231 2660 1380 2714 sunt,
1420 2665 1529 2717 quo
1554 2650 1818 2721 singulari
1844 2655 2082 2721 quodam
2111 2657 2235 2725 jure

653 2741 768 2794 sive
810 2741 1096 2809 privilegio
1150 2757 1210 2794 se
1244 2741 1321 2794 uti
1374 2752 1629 2796 asserunt
1669 2759 1859 2800 omnes
1923 2758 2233 2816 prapterea,

651 2834 797 2900 quod
826 2841 1003 2885 ortain
1033 2847 1062 2885 a
1093 2832 1360 2902 propheta
1399 2844 1613 2903 gentem
1640 2836 1954 2890 universam
1990 2839 2233 2907 gloriem

650 2935 761 2977 tur.
799 2924 1012 2994 Quippe
1072 2940 1180 2979 non
1214 2934 1446 2979 utuntur
1480 2926 1625 2996 apud
1657 2927 1870 2982 Turcos
1902 2939 1956 2984 et
2002 2941 2233 2989 carteros

653 3017 1071 3071 Mahuinctanos
1102 3016 1303 3072 vestitu
1358 3018 1542 3083 viridi,
1572 3019 1678 3073 nisi
1715 3021 1806 3088 qui
1851 3037 2023 3089 genus
2074 3040 2230 3079 suum

649 3109 716 3162 ad
751 3109 1120 3164 Mahnnietein
1159 3110 1440 3176 referunt;
1480 3127 1543 3166 ac
1568 3113 1871 3181 praesertim
1901 3116 2048 3176 aliis.
2076 3126 2231 3173 extra

650 3205 774 3264 hos.
808 3202 983 3257 vii-ide
1006 3204 1172 3272 capiti
1202 3213 1581 3274 tegumentum
1626 3204 1911 3269 adhibere,
1952 3209 2226 3277 piaculum
2258 3227 2303 3287 ε
2334 3229 2381 3284 Μ

647 3295 843 3364 ingens
874 3293 1059 3350 fuerit.
1091 3294 1164 3348 De
1188 3295 1533 3357 Cliorosanc.
1571 3298 1686 3351 sive
1720 3298 2055 3368 (Ihorasane,
2082 3302 2229 3356 dicto

648 3388 829 3458 capite
852 3389 905 3451 5,
936 3391 1038 3444 suli
1073 3389 1257 3443 ﬁnem.
1286 3386 1455 3443 Recte
1475 3388 1750 3445 Cedrinus
1779 3392 2060 3449 Persidem
2088 3397 2229 3452 inte-

648 3483 849 3537 riorem
876 3482 1202 3536 nominavit.
1231 3481 1377 3536 Sane
1406 3483 1451 3535 si
1480 3481 1800 3537 Taurisium
1827 3492 2229 3556 occupantibus

648 3574 866 3639 'l‘urcis,
897 3576 951 3628 in
977 3575 1298 3633 Cliorosane
1323 3579 1528 3634 bellum
1551 3581 1772 3651 gerebat
1803 3600 1815 3635 :
1850 3594 1908 3636 ut
1942 3581 2226 3636 minimum

646 3669 717 3721 ab
750 3668 831 3723 eis
858 3669 930 3722 ‘20
959 3669 1171 3723 dierum
1221 3671 1413 3725 aberat
1444 3672 1658 3726 itinere.

647 3783 774 3838 233.
811 3784 1082 3844 Sullani“,
1121 3788 1384 3853 quondam
1418 3778 1862 3857 Tiqmnnccrtar:
1897 3789 2056 3857 Origo
2100 3788 2228 3845 Stil—

826 3857 998 3908 lnnini
1030 3857 1259 3908 nominis
1281 3856 1423 3925 apud
1460 3857 1676 3922 Persas,
1700 3876 1763 3912 ea:
1791 3856 2037 3914 Cedriiio.

718 3968 1045 4022 Notavimus
1076 3984 1105 4023 e
1127 3967 1285 4023 Jovio
1315 3986 1505 4039 supra.
1537 3974 1716 4043 capite
1737 3975 1868 4039 204,
1899 3975 2072 4030 videri
2103 3977 2227 4030 Sul-

651 4062 857 4113 taniam
896 4060 1085 4113 urbem
1116 4060 1246 4113 olim
1274 4061 1443 4117 fuisse
1472 4062 1943 4130 Tigranocertam.
1984 4067 2224 4121 nobilem

647 4152 851 4206 Graicis
879 4160 933 4208 et
986 4152 1251 4206 Romanis
1290 4154 1344 4207 in
1380 4154 1632 4211 historiis
1662 4175 1675 4211 :
1707 4167 1805 4213 aut
1853 4160 2033 4214 saltim
2068 4176 2099 4214 e
2135 4160 2229 4213 Ti-
2260 4204 2263 4207 ι

646 4254 986 4314 granocerta:
1038 4246 1221 4299 ruinis
1269 4255 1608 4303 exstructam
1655 4250 1828 4306 fuisse
1890 4252 2225 4307 Sultaniam.

647 4341 853 4395 Nomen
888 4342 989 4394 hoc
1023 4354 1054 4393 a
1086 4340 1324 4397 sultanis
1356 4349 1443 4396 est
1464 4353 1787 4402 consecuta.
1835 4345 1981 4411 quod
2027 4344 2229 4399 Persia:

646 4431 922 4498 quondam
962 4430 1129 4483 fuerit
1163 4432 1333 4498 regia,
1364 4432 1689 4501 Sultauiqiie
1716 4436 1878 4489 sedes
1908 4452 1972 4491 ac
2000 4436 2231 4490 domici-

646 4523 800 4578 lium.
838 4522 903 4575 Et
934 4537 961 4573 a
993 4521 1101 4576 500
1128 4522 1248 4589 plus
1284 4525 1465 4578 minus
1508 4526 1694 4587 annis.
1720 4536 2007 4594 postquam
2041 4526 2227 4591 Turci,

641 4614 828 4669 Persis
868 4629 930 4666 ac
962 4613 1252 4667 Saracenis
1284 4617 1586 4684 oppressis,
1634 4618 1789 4687 potiti
1828 4593 2055 4673 Perside
2110 4620 2227 4674 fuc-
2260 4593 2306 4649 θ

641 4714 789 4769 runt,
811 4707 1089 4775 print-ipes
1109 4706 1394 4776 religionis
1411 4708 1676 4777 appellari
1695 4710 1906 4777 cepisse
1931 4710 2182 4764 siiltanos
2207 4728 2223 4763 :

639 4816 701 4851 ουκ
738 4799 824 4853 his
849 4798 1075 4853 Cedrini
1110 4799 1295 4853 verbis
1342 4798 1552 4869 liquido
1604 4811 1839 4856 constat.
1900 4800 2063 4855 Turci
2108 4813 2229 4870 post

642 4891 1003 4945 Mueliemetis
1024 4890 1246 4959 (inquit)
1286 4902 1538 4953 mortem.
1568 4893 1803 4961 dejectis
1839 4893 2071 4962 imperio
2103 4894 2227 4949 Per-

640 4983 724 5037 sis
757 4998 820 5036 ac
873 4981 1190 5045 Saracenis,
1230 4983 1439 5037 domini
1499 4982 1745 5038 Persidis
1801 4985 1925 5038 facti
1972 5000 2120 5049 sunt,
2173 4996 2227 5039 ct

641 5074 1081 5144 Tangrolipicem
1105 5072 1397 5127 Sultauum
1424 5076 1790 5145 appellarunt,
1816 5077 1915 5130 hoc
1934 5086 2040 5140 est,
2070 5078 2222 5146 prin-

639 5168 811 5236 cipem
837 5168 1157 5220 universum
1187 5165 1476 5234 imperium
1508 5168 1799 5221 habentem
1830 5178 1886 5220 et
1921 5183 2105 5235 regem
2142 5185 2226 5220 νη,

638 5274 785 5326 gum.
827 5258 868 5309 A
896 5257 1244 5310 Tcmirlanco
1276 5257 1517 5328 denique
1548 5257 1800 5312 Sultania
1838 5259 2009 5314 fuisse.
2042 5261 2227 5314 diruta

644 5361 968 5419 vastataque
1007 5349 1352 5417 perhibetur.

864 5486 993 5538 ‘236.
1060 5482 1284 5537 Fliiriiis
1337 5484 1568 5538 Persidis
1626 5485 1797 5540 Dacus
1835 5488 2017 5543 (ἔθει-1.

711 5576 746 5624 Α
787 5574 1087 5626 novcnaiio
1131 5590 1358 5627 numero
1384 5591 1587 5629 nomen
1618 5576 1720 5630 hoc
1756 5578 1953 5631 ﬂuvius
1991 5581 2228 5647 accepit.

637 5664 852 5733 Quippe
881 5664 1087 5726 Decus,
1125 5681 1315 5717 novem
1351 5667 1645 5737 signiﬁcat.
1675 5668 1927 5723 Nominis
1960 5686 2023 5722 ea
2058 5673 2226 5726 ratio,

636 5755 783 5825 quod
801 5755 965 5808 hacin
984 5766 1138 5824 parte
1163 5757 1400 5825 regionis
1429 5758 1529 5810 iter
1564 5759 1893 5814 facientibus
1925 5762 2112 5813 novies
2141 5763 2227 5814 hic

635 5849 811 5903 amnis
835 5850 1059 5903 omnino
1083 5851 1150 5904 sit
1171 5850 1254 5903 sel
1271 5852 1657 5917 transitandus,
1679 5854 1759 5907 vel
1781 5855 2221 5919 li'biisiicicndus.

2338 1930 2812 2000 sein,Babylonio
2869 1949 3022 1989 arma
3079 1937 3359 2003 intulisse,
3396 1956 3561 2010 quem
3619 1945 3926 2019 chaliphan

2337 2020 2804 2080 Musuhnanoruin
2839 2027 3007 2101 598
3057 2040 3249 2099 gentes
3305 2036 3579 2103 appellare
3614 2051 3926 2092 consueve-

2339 2115 2468 2168 rint.
2504 2116 2791 2172 Notionem
2822 2122 3075 2175 vocabuli
3109 2140 3301 2192 supra,
3332 2126 3509 2195 capite
3540 2132 3727 2192 tertio,
3771 2131 3925 2185 dedi-

2336 2222 2481 2263 mus.
2514 2210 2717 2282 Magum
2741 2212 2919 2267 adhuc
2943 2225 3027 2269 est
3051 2218 3397 2274 auctoritatis
3430 2222 3573 2286 apud
3610 2219 3919 2278 him-utina-

2337 2318 2456 2361 nos,
2495 2319 2605 2373 quo
2638 2304 3012 2363 Mahumetani
3068 2326 3127 2364 se
3171 2312 3393 2366 nomine
3443 2315 3677 2368 salutari
3732 2335 3921 2374 avent.

2335 2391 2523 2449 loviiis
2555 2397 2719 2451 etiam
2774 2401 2997 2465 l'atctur,
3040 2400 3094 2455 in
3126 2401 3329 2471 Bagdat
3362 2405 3646 2475 (Ilialipliie
3686 2410 3806 2461 sive
3837 2428 3923 2463 sa-

2336 2501 2553 2540 crorum
2585 2490 2845 2558 principis
2879 2492 3060 2546 sedem
3097 2510 3242 2554 esse.
3274 2496 3365 2563 qui
3402 2513 3430 2555 a
3460 2499 3680 2554 cunctis
3720 2499 3917 2554 Maha-

2339 2580 2574 2653 nietanis
2637 2581 2884 2650 regibus,
2939 2582 3143 2653 inquit,
3197 2589 3519 2643 excolitur:
3573 2602 3626 2645 et
3681 2602 3921 2647 veterem

2335 2651 2631 2738 adoptandi
2659 2676 3076 2745 prterogativam
3120 2678 3338 2742 retinet,
3377 2696 3441 2735 ex
3468 2690 3930 2754 ceitaquecoeni.

2336 2766 2540 2834 ptionis
2588 2773 2919 2823 caeremonia
2953 2771 3316 2826 coiiﬁrmandi
3344 2776 3695 2845 Assyriorum
3751 2783 3922 2850 regis.

2335 2859 2418 2911 Ab
2457 2858 2558 2913 hoc
2593 2857 2966 2924 Soleiinanes,
2995 2863 3199 2916 veteris
3226 2868 3639 2933 superstitionis
3667 2870 3927 2923 instituta

2335 2959 2581 3013 Secutus,
2630 2950 2866 3020 insignia
2896 2951 3307 3008 eTornamenta
3340 2961 3611 3026 suscepit.
3647 2960 3929 3017 (heremo-

2335 3046 2479 3098 niam
2526 3046 2967 3113 inaugurationis
3004 3044 3195 3103 Juvius
3246 3066 3354 3103 non
3390 3055 3669 3121 exposuit.
3732 3055 3931 3127 Itaque

2336 3147 2655 3207 repetemus
2693 3153 2809 3192 eain
2858 3156 2921 3194 ex
2974 3143 3391 3198 commentariis
3461 3144 3609 3201 Petri
3670 3149 3933 3220 Marliris

2389 3229 2778 3296 ediolancnsis,
2812 3233 2883 3287 ita
2909 3243 3112 3293 tamen.
3131 3244 3189 3287 ut
3211 3238 3639 3306 priuslectorein
3699 3260 3935 3297 monea-

2284 3354 2294 3362 -
2342 3337 2462 3376 mus
2494 3366 2509 3385 ,
2542 3339 2648 3376 non
2682 3324 2939 3378 Asiatica:
2995 3327 3263 3379 duntaxat
3299 3328 3586 3400 Babyloni,
3624 3335 3939 3406 siveBaga-

2337 3413 2470 3480 dati,
2502 3414 2822 3485 Chaliphaui
2872 3416 2999 3470 olim
3054 3418 3359 3485 puduisse,
3407 3423 3505 3491 qui
3547 3423 3688 3481 dicis
3742 3429 3937 3483 adhuc

2338 3522 2505 3561 causa
2535 3508 2742 3563 scilicet
2773 3510 3192 3565 reiinetunsed
3226 3512 3387 3566 etiam
3437 3514 3697 3587 Babyloni
3753 3520 3941 3593 Δίες-

2338 3601 2549 3669 ptiacze,
2571 3618 2691 3671 qua:
2714 3601 2987 3671 Memphis
3017 3613 3120 3666 est,
3154 3614 3207 3657 et
3227 3603 3444 3669 Cairus,
3476 3608 3552 3661 uti
3585 3625 3730 3679 sape
3765 3624 3935 3667 nota-

2341 3693 2541 3749 vimus.
2574 3694 2788 3748 Etenim
2814 3695 3017 3748 suliani
3048 3694 3291 3767 Egyptii
3315 3698 3430 3752 sive
3451 3698 3772 3766 Caircnscs,
3819 3723 3931 3757 es-

2337 3803 2502 3841 cusso
2536 3786 2855 3857 Bagadalini
2874 3789 3142 3858 clialiplize
3159 3790 3317 3857 jugo,
3340 3808 3409 3844 ne
3430 3792 3938 3851 conﬁrmationem

2337 3882 2420 3934 vel
2441 3881 2919 3951 inaugurationcm
2940 3884 3132 3937 Saltem
3156 3886 3222 3937 ab
3248 3900 3313 3939 eo
3333 3895 3599 3955 petentes,
3627 3889 3943 3957 iinperinr-i

2336 3985 2390 4028 et
2419 3976 2799 4029 auctoritatem
2834 3976 3005 4044 ipsius
3029 3992 3329 4045 agnoscere
3358 3980 3677 4034 viderentur
3714 4000 3733 4037 :
3761 3999 3945 4037 suum

2338 4066 2441 4119 sibi
2471 4066 2780 4135 chalipham
2812 4066 3154 4137 delegerunt,
3190 4069 3349 4121 titulo
3381 4078 3539 4123 lenus
3570 4070 3625 4124 id
3675 4076 3951 4128 nominis

2340 4160 2742 4229 ferenteni.qni
2802 4169 2955 4223 certo
3006 4161 3341 4217 venditionis
3380 4163 3726 4233 imaginaria:
3795 4168 3949 4231 ritu,

2337 4266 2612 4304 summum
2676 4252 2916 4305 sultanis
2947 4252 3259 4317 imperium,
3292 4266 3517 4323 accepta
3555 4270 3665 4310 non
3719 4273 3951 4329 magna

2338 4344 2570 4410 pecunia
2598 4344 2859 4397 traderet.
2894 4342 3013 4397 Jain
3061 4344 3228 4415 igitur
3256 4345 3426 4411 ipsius
3466 4347 3630 4401 verba
3661 4347 3953 4422 Martyris

2340 4436 2650 4491 audiamus.
2698 4435 2931 4499 Habent,
2986 4438 3185 4505 inquit.
3239 4448 3293 4492 et
3328 4437 3571 4509 Egyptii
3635 4455 3953 4497 Summum

2343 4530 2655 4598 pontiﬁrein
2714 4530 2792 4599 (id
2826 4540 2932 4588 εει.
2968 4529 3308 4599 chalipham)
3340 4532 3404 4584 ad
3448 4548 3609 4601 quem
3658 4549 3957 4604 regnum,

2333 4621 2603 4688 siquidem
2633 4621 2734 4674 viri
2766 4630 2977 4685 essent,
3002 4624 3317 4691 pertineret.
3358 4623 3408 4677 ls
3432 4624 3524 4694 jus
3548 4640 3714 4679 suum
3766 4631 3958 4683 triuia

2333 4713 2565 4765 millium
2600 4716 2722 4765 auri
2757 4712 3145 4767 drachmarum
3203 4715 3376 4783 prcli’)
3441 4717 3649 4785 regiam
3708 4723 3959 4775 tenenti

2335 4804 2539 4858 vendit.
2569 4802 2608 4855 E
2660 4804 2918 4858 tribunali
2964 4805 3229 4864 Soldano.
3264 4807 3430 4860 stanti
3487 4809 3756 4877 pedibus,
3826 4816 3965 4869 vita:

2335 4897 2597 4964 necisque
2645 4896 2875 4950 lihcram
2921 4904 3249 4966 potestatem
3305 4905 3420 4951 dat.
3460 4897 3578 4964 Ipse
3610 4900 3965 4972 descendii,

2333 4989 2581 5058 seipsuin
2620 4989 2846 5058 spoliat,
2907 4990 3199 5044 soldanum
3256 4991 3670 5058 imperaturum
3733 4994 3965 5063 induit,

2278 5134 2281 5135 ν
2333 5083 2447 5137 abit
2480 5084 2747 5152 privatus.
2805 5084 3099 5137 Permanet
3162 5090 3215 5137 in
3273 5084 3505 5153 imperio
3550 5084 3966 5150 Alaliunietes,

2330 5174 2540 5229 Caitbei
2585 5175 2730 5228 ﬁlius
2778 5183 2834 5228 et
2864 5188 3184 5229 successor.
3238 5174 3368 5240 Qua:
3396 5175 3589 5229 ultima
3626 5180 3829 5236 verba
3901 5190 3970 5237 de

2333 5266 2417 5318 sui
2453 5266 2719 5334 temporis
2754 5265 2973 5319 sultano
3002 5268 3251 5336 protulit,
3297 5275 3429 5318 tunc
3465 5268 3576 5319 islo
3612 5268 3741 5323 ritu
3792 5274 3937 5327 inau

2334 5367 2548 5425 gul-ato.
2582 5356 2807 5426 Regiam
2846 5358 3049 5411 tenenti
3075 5357 3165 5424 jus
3198 5373 3355 5411 suum
3387 5373 3416 5410 a
3464 5358 3750 5428 chalipha
3794 5383 3907 5421 ven
3957 5370 3971 5424 i

2334 5448 2486 5510 diiit,
2544 5447 2859 5502 Caircnsem
2922 5451 3266 5503 sultanoruui
3318 5448 3523 5517 regiam
3579 5450 3969 5526 intelligens.

2332 5557 2497 5610 quam
2533 5543 2757 5596 annales
2787 5543 2837 5594 in
2873 5540 3075 5596 Selimc
3099 5542 3337 5596 saraiuin
3376 5542 3457 5596 vel
3494 5544 3794 5612 palatium
3835 5551 3971 5611 Sut-

2336 5631 2581 5682 taninnin
2620 5631 2922 5697 appellant.

2613 5743 2742 5798 “27.8.
2764 5744 2961 5796 Stilum
2994 5744 3179 5813 lai'iip,
3220 5746 3375 5800 "este
3407 5748 3641 5801 ιιι-βοίδια.

2406 5858 2559 5912 Hunc
2616 5860 2888 5914 sultaiinzn
2954 5861 3222 5933 iacupriu.
3288 5864 3542 5917 scaciium
3593 5864 3972 5943 l‘msarnai,
