4164 6426
221 378 329 438 909

1386 392 1783 452 PANDECTF.
1818 395 2019 457 lllS'l‘.
2068 402 2368 462 l‘Ulllel.

3372 411 3473 471 910

224 491 639 547 Lsuuu‘hisanis
664 496 830 553 fuisse
868 497 1058 560 lilium,
1086 509 1332 554 notatum
1358 506 1614 571 superius
1659 509 1773 565 illi},
1814 519 1850 570 Α
1888 514 2138 578 tropolim
2178 531 2242 567 ae
2277 517 2608 585 przecipnam
2644 520 3002 573 munitionem
3039 524 3187 590 regni
3230 522 3470 584 Zatnbri,

217 596 268 635 et
299 587 533 651 amplius
557 588 718 641 etiam
755 589 857 643 188
888 592 1543 663 capitibus.Aidilicium,
1569 601 1654 652 cui
1690 616 1783 652 no-

220 691 336 730 men
372 675 532 730 lleste
563 679 803 745 Behisle,
859 683 940 734 sic
986 700 1015 736 a
1070 685 1341 753 paradisis
1392 699 1517 741 octo
1564 690 1783 744 Persica

216 766 389 828 lingua
423 768 624 822 dictum
664 771 785 835 fuit,
824 774 946 827 istic
980 778 1217 832 excultis
1251 795 1282 833 a
1315 782 1534 836 sultano
1568 782 1784 854 lacupe,

214 860 506 927 voluptatis
531 878 719 917 causa.
742 860 939 920 Notum
971 884 1034 923 cx
1067 869 1360 935 Herodoto,
1397 874 1781 942 Xenophonte,

213 953 444 1012 erteris,
477 960 667 1025 quanti
703 958 1039 1027 voluptarios
1078 964 1264 1019 hortos
1303 970 1507 1035 regios,
1540 980 1595 1023 et
1626 986 1784 1040 para-

210 1043 355 1097 disus
382 1044 564 1100 Persre
614 1049 808 1115 priscis
849 1054 1012 1105 etiam
1063 1057 1279 1112 smeulis
1320 1058 1569 1113 fecerint.

444 1162 571 1215 239.
634 1164 776 1229 Quid
830 1166 1056 1221 Dundar
1107 1173 1249 1240 apud
1301 1173 1522 1229 Turcos.

285 1273 473 1328 Solent
504 1291 765 1332 exeuntes
804 1280 858 1334 in
901 1283 1174 1338 hosticum
1211 1281 1376 1341 Turci
1440 1290 1637 1357 praeda:
1698 1292 1781 1343 fa-

210 1366 422 1419 eittndm
457 1383 952 1437 causa,numerum
985 1375 1221 1441 aliquem
1256 1392 1479 1432 suorum
1517 1383 1777 1448 militum,

211 1459 825 1523 cumvexillo,maximo
844 1468 1135 1519 commodo
1172 1470 1407 1537 quodam
1448 1474 1782 1528 constituere

213 1550 354 1606 loco,
388 1550 497 1619 ‘quo
544 1555 802 1609 nimirum
830 1568 882 1611 et
910 1560 1088 1626 praeda
1123 1563 1481 1629 convehatnr,
1509 1567 1778 1632 et'sparsi

215 1654 307 1704 per
337 1642 603 1695 hosticum
641 1647 842 1700 milites
870 1651 1052 1702 caeteri
1088 1651 1393 1715 confluant,
1433 1656 1480 1708 si
1520 1656 1659 1711 forte
1687 1674 1781 1711 co-

215 1731 329 1795 pias
354 1734 564 1803 aliquas
586 1739 812 1793 hostiles
836 1743 886 1793 iu
925 1744 1211 1809 procinctu
1234 1763 1355 1801 esse
1387 1753 1776 1817 cognoverint.

215 1822 348 1879 lluic
400 1828 451 1881 in
500 1829 643 1884 hunc
698 1848 857 1887 usum
914 1835 1179 1903 deputato
1246 1854 1471 1892 suorum
1524 1856 1775 1903 numero,
1818 1864 1856 1914 Β

213 1916 481 1974 Dundaris
512 1938 705 1977 nomen
728 1926 841 1979 dari
867 1927 1027 1981 solet.
1056 1928 1244 1984 Talem
1283 1932 1494 2001 igitura
1524 1944 1675 1997 tergo
1694 1952 1783 1989 se-

214 2010 476 2067 lectorum
512 2015 745 2069 militum
779 2035 1002 2073 manmn
1029 2020 1374 2079 Soleimanes
1404 2025 1649 2095 reliquit.
1685 2030 1781 2082 ho.

213 2105 376 2157 stium
432 2117 612 2163 motus
660 2124 851 2165 omnes
900 2114 1371 2171 observaturam:
1429 2135 1496 2172 ne
1528 2136 1693 2190 quam
1730 2124 1783 2178 in

212 2210 338 2248 suos
361 2212 425 2250 ex
445 2198 744 2267 improviso
768 2202 1012 2257 facerent
1046 2206 1490 2274 impressionem,
1516 2220 1576 2264 ut
1605 2213 1781 2282 reipsa

212 2289 461 2358 contigit.
520 2290 593 2345 De
619 2291 862 2347 Corrizis
893 2296 1097 2351 dictum
1151 2315 1277 2369 cap.
1312 2302 1433 2356 l89.

210 2403 335 2458 240.
384 2402 757 2487 Chairadines__
780 2413 1010 2465 Tuut'sim
1037 2419 1244 2487 inmittit
1279 2433 1295 2467 :
1322 2416 1470 2476 Bais,
1529 2419 1780 2487 Tulipau-

385 2486 495 2529 tum
525 2495 543 2530 :
577 2481 876 2546 φακιόλιον,
907 2486 1204 2553 symbolum
1227 2487 1577 2555 fortitudinis.

283 2588 583 2661 Maurihegi
611 2598 831 2651 nomine
864 2601 955 2665 qui
989 2603 1182 2669 pulsus
1234 2620 1263 2657 a
1301 2605 1637 2659 Chairadine
1672 2609 1787 2661 fue-

216 2692 320 2748 rat,
392 2685 535 2741 Mule
587 2690 763 2745 Assan
803 2693 1153 2764 intelligitur,
1217 2694 1379 2766 quem
1445 2704 1622 2755 nostri
1668 2702 1787 2755 Mn-

219 2774 449 2829 leassem
479 2792 703 2843 vocant;
734 2793 787 2835 et
834 2786 990 2851 cujus
1032 2788 1313 2841 historiam
1341 2793 1701 2857 exposuimus
1733 2794 1784 2845 in

218 2868 515 2923 Annalium
580 2874 1001 2944 Supplemenlo,
1042 2880 1106 2932 ad
1170 2895 1373 2933 annum
1412 2883 1786 2938 Christianum

225 2960 379 3015 1575.
408 2963 582 3032 Begus
610 2964 883 3036 Hispanus
919 2980 1005 3026 est
1030 2968 1227 3028 Turcis
1256 2976 1488 3031 Karulns
1525 2976 1567 3030 ν
1613 2981 1787 3047 impe-

222 3064 390 3115 rator,
422 3058 493 3111 ita
523 3060 701 3115 dictus
727 3080 791 3115 ex
823 3081 989 3117 causa
1021 3069 1276 3134 superius
1309 3072 1577 3138 explicata
1611 3072 1790 3137 capite

215 3146 347 3199 99.5.
386 3145 647 3213 Raislari,
699 3154 814 3207 sive
844 3152 1016 3219 Raisi,
1050 3158 1142 3223 qui
1179 3170 1509 3223 sequuntur,
1546 3162 1786 3230 praifecti

221 3336 355 3387 illud
400 3345 615 3403 tegmen
654 3356 762 3405 quo
794 3341 973 3408 capita
1010 3341 1175 3396 Turci
1231 3345 1480 3399 candidis
1518 3347 1797 3402 involvere

220 3428 391 3494 spiris
444 3429 645 3483 solent.
710 3432 888 3485 (ἐι-ιιιςί
951 3449 1095 3487 nunc
1150 3436 1435 3502 φκκιόὶιον
1496 3440 1795 3508 appellant.

218 3520 367 3587 quod
393 3522 717 3575 vocabulum
746 3535 963 3579 exstare
993 3536 1121 3595 puto
1151 3530 1202 3580 in
1234 3528 1619 3585 Onirocriticis
1655 3519 1798 3586 Aeli-

224 3614 386 3666 metis
426 3615 622 3668 nostri.
681 3618 1002 3687 Zygomalas
1036 3621 1236 3681 aiebat,
1271 3623 1338 3675 de
1394 3624 1661 3690 Agarenis
1696 3627 1796 3677 ha-

223 3705 343 3758 beri
391 3722 487 3773 pro
524 3709 768 3777 symbolo
823 3710 1184 3774 fortitudinis,
1229 3729 1338 3781 quo
1395 3716 1799 3770 admoneantur

223 3799 277 3848 in
319 3798 519 3851 bellum
560 3801 710 3861 ituri,
775 3817 843 3854 ne
884 3804 948 3854 de
1019 3805 1221 3865 reditu,
1266 3807 1357 3859 sed
1404 3821 1575 3860 morte
1618 3810 1801 3877 potius

226 3889 461 3943 viriliter
509 3893 812 3959 oppetenda
868 3896 1136 3965 cogitent,
1172 3899 1394 3967 quando
1454 3912 1798 3955 mortuorum

222 3981 495 4034 cadavera
519 3981 697 4036 linteis
735 3986 937 4039 involvl
965 3988 1160 4044 solent.

216 4093 353 4146 2H.
386 4092 641 4147 Indicum
675 4097 863 4151 Diense
903 4098 1120 4153 bellum.
1158 4102 1353 4155 Adenis
1387 4121 1477 4157 rex
1521 4124 1550 4157 α
1595 4106 1799 4167 Turcis,

652 4167 851 4221 violata
881 4170 1006 4237 ﬁde,
1033 4174 1393 4239 suspenditur.

296 4280 411 4334 Hoc
438 4281 576 4347 loco,
606 4284 926 4352 priusquam
953 4288 1019 4338 ad
1081 4304 1167 4341 res
1193 4299 1374 4355 gestas
1434 4306 1578 4343 anno
1643 4291 1805 4345 Chri—

226 4376 421 4429 stiano
450 4376 588 4430 15⁸58
624 4379 1059 4445 progrediamur,
1096 4396 1439 4449 exponamus
1464 4398 1595 4437 sane
1616 4384 1804 4451 paucis

220 4465 475 4519 Indicum
503 4468 572 4519 de
624 4468 721 4521 Dio
751 4470 977 4524 civitate
1010 4469 1146 4537 (Deu
1188 4472 1464 4536 barbaris,
1497 4473 1597 4526 Dio
1645 4475 1802 4528 Lusi-

434 3193 647 3254 :"""‘_"'
699 3193 811 3207 ""‘
846 3193 1016 3258 "'j'“"
1051 3193 1509 3261 ‘l:'_f""""”""’
1548 3193 1786 3261 νξῇτπίῖλ·
1819 3205 1861 3260 ρ
1898 3193 2145 3261 procula
2191 3194 2469 3245 montibus
2524 3194 2708 3247 Orebo
2745 3206 2796 3247 et
2831 3194 2963 3246 Sina

219 3248 350 3293 sunt
380 3248 680 3296 triremium
706 3262 767 3299 ac
796 3249 1040 3301 navium.
1075 3250 1429 3319 Tulipautum
1463 3263 1548 3307 est
1584 3258 1789 3310 lineum
1822 3248 1836 3315 ξ

1888 604 2054 674 499
2074 610 2214 673 quod
2245 609 2559 661 Combaiam
2596 613 2767 663 nostri
2802 623 3019 675 vorant,
3052 614 3105 667 in
3151 627 3471 683 potestatem

1891 700 2123 771 redegit.
2192 700 2307 755 Rex
2350 712 2530 755 autem
2577 704 2867 759 Zambrius
2921 716 2975 758 et
3032 722 3277 775 paganus
3327 721 3468 768 erat,

1890 792 2345 861 deastrorumque
2377 796 2578 854 cultor,
2612 807 2663 848 et
2710 796 3111 851 infestissimus
3154 799 3328 852 hostis
3368 801 3472 851 Lu—

1893 884 2228 938 sitanorum.
2262 885 2311 939 ls
2364 903 2488 939 cum
2528 886 2810 939 Lusitanis
2866 890 3133 956 imparem
3174 890 3382 943 viribus
3414 906 3469 941 se

1893 975 2123 1038 videret,
2162 978 2366 1045 legatos
2420 979 2486 1031 ad
2548 979 2920 1031 Soleimaueni
2963 982 3205 1041 bassam.
3240 981 3469 1035 Caireu-

1885 1082 1999 1121 seni
2029 1068 2434 1139 beglerhegum,
2468 1073 2635 1135 misit,
2686 1074 2801 1141 qui,
2835 1074 2934 1126 hoc
2968 1075 3119 1141 prius
3156 1076 3323 1137 adito,
3355 1091 3474 1127 mu-

1886 1161 2218 1230 neribusque
2260 1164 2576 1225 conciliato,
2630 1167 2905 1218 snltanum
2942 1166 3065 1219 inde
3106 1165 3471 1219 Soleimanem

1888 1252 2066 1320 ipsum
2123 1255 2513 1319 convenirent;
2567 1258 2862 1324 oblataque
2920 1260 3147 1324 pecunia
3210 1259 3469 1317 maxima,

1886 1356 2080 1398 contra
2138 1345 2433 1401 Lusitanos
2481 1363 2640 1416 Opem
2682 1349 2800 1418 ejus
2852 1350 3232 1417 implorarent,
3265 1350 3462 1401 simul-

1884 1450 1991 1503 que
2046 1438 2434 1505 pollicerentur
2467 1440 2659 1493 herum
2710 1458 2869 1494 suum
2906 1458 3029 1494 cum
3076 1443 3325 1509 pluribus
3353 1441 3474 1494 aliis

1886 1527 2105 1595 regibus
2129 1528 2350 1593 Indicis,
2374 1532 2491 1597 ejus
2515 1547 2572 1585 se
2594 1531 2998 1585 submissurum
3036 1533 3286 1600 imperio,
3312 1533 3472 1585 modo

1885 1618 2189 1672 subsidium
2231 1622 2495 1675 adversus
2528 1622 2714 1675 hostes
2752 1622 3047 1675 Lusitanos
3089 1624 3462 1690 impetrasset.

1886 1709 2096 1763 Placuit
2144 1728 2207 1764 ea
2264 1714 2560 1766 Soleimani
2617 1714 2853 1781 legatio,
2915 1715 3005 1781 qui
3072 1729 3167 1782 per
3219 1715 3360 1766 hanc
3413 1729 3473 1764 se

1886 1801 2139 1864 sperabat
2197 1804 2541 1855 occasionem
2597 1804 2885 1872 imperium
2939 1804 3363 1859 Osmanidarum
3418 1810 3469 1856 in

1888 1892 2037 1960 ipsas
2070 1894 2226 1961 longe
2280 1896 2496 1963 lateque
2530 1905 2957 1966 propagaturum
2997 1897 3202 1958 lndias,
3236 1907 3290 1951 et
3344 1898 3465 1950 auri

1890 2002 2341 2057 gemmarumque
2379 1988 2721 2044 feracissima
2752 2006 2919 2058 regna
2948 1991 3031 2043 sui
3060 1992 3203 2057 juris
3240 1988 3472 2042 cll'ectu-

1893 2097 2033 2134 rum.
2065 2082 2251 2151 Itaque
2279 2084 2473 2150 legatis
2506 2085 2717 2153 prolixe
2756 2086 3044 2152 pollicetur
3084 2085 3291 2144 omnia,
3329 2084 3473 2134 clas—

1887 2190 2114 2244 semque
2146 2191 2269 2229 mox
2295 2177 2611 2230 adfuturam
2670 2178 2881 2231 auxilio
2929 2177 3185 2246 spondet.
3247 2175 3473 2230 Mittitur

1891 2285 1997 2323 non
2043 2271 2216 2324 multo
2272 2281 2393 2340 post
2450 2272 2795 2325 Soleimancs
2868 2273 3051 2337 bassa,
3118 2271 3475 2339 beglerbegus

1888 2365 2131 2435 Egypti,
2163 2382 2288 2420 cum
2327 2368 2601 2423 machinis
2652 2369 2887 2434 bellicis,
2930 2380 2984 2422 et
3017 2369 3168 2437 justo
3201 2370 3464 2425 exercitu,

1890 2475 2033 2512 anno
2050 2460 2237 2514 eodem
2266 2459 2799 2523 1558,:nense1uuio
2819 2463 3205 2530 propemodum
3225 2472 3474 2519 exeunte,

1892 2552 2095 2604 bellum
2128 2564 2183 2605 ut
2227 2556 2328 2607 hoc
2353 2554 2668 2608 conﬁceret.
2718 2554 2931 2622 Quippe
2963 2553 3158 2606 Turcis
3190 2554 3305 2605 ha-c
3340 2555 3474 2604 arri-

1891 2643 2055 2695 debat
2084 2645 2324 2707 occasio;
2360 2646 2501 2706 quos
2533 2660 2641 2697 non
2678 2652 2787 2696 tam
2824 2645 2875 2695 in
2914 2660 3210 2711 oppressos
3239 2643 3475 2693 commi-

1892 2733 2115 2791 soratio,
2180 2733 2260 2785 vel
2327 2733 2564 2786 olliciuiu
2616 2748 2742 2802 erga
2810 2733 3256 2791 confmderatos,
3309 2749 3473 2800 quam

1893 2824 2192 2890 spoliorum
2228 2840 2290 2879 ac
2327 2824 2520 2891 prredm
2580 2824 2874 2891 cupiditas,
2925 2825 2990 2876 ad
3036 2824 3175 2876 bella
3232 2824 3472 2891 plerum-

1894 2930 2001 2982 que
2036 2916 2327 2983 pertrahit.
2370 2914 2559 2968 Classe
2598 2917 2773 2969 ventis
2834 2917 2947 2969 Vela
3009 2917 3195 2973 dante,
3243 2919 3474 2979 primum

1894 3008 1959 3061 ad
1995 3008 2216 3060 Thoron
2260 3009 2390 3061 itum
2415 3050 2428 3071 ,
2463 3010 2605 3077 quod
2641 3018 2725 3061 est
2766 3017 2923 3060 terra}
2993 3008 3358 3062 Madianitidis
3395 3013 3478 3077 (ut

1896 3099 2162 3166 creditur)
2210 3101 2467 3168 oppidum
2509 3102 2561 3153 in
2598 3102 2811 3153 Arabim
2867 3102 3296 3162 solitudinibus,
3336 3102 3477 3153 haud

3003 3215 3015 3247 :
3050 3211 3159 3262 quo
3198 3196 3317 3247 loro
3368 3204 3476 3246 tam

1906 3284 2265 3351 exponendis,
2324 3300 2485 3350 quam
2550 3286 2848 3337 aveltcndis
2888 3296 3077 3343 terra,
3142 3286 3475 3337 camelorum

1903 3390 2089 3443 opera,
2146 3378 2449 3436 mercibus,
2492 3375 2732 3445 Egypti,
2789 3378 3005 3430 Arabia:
3056 3379 3278 3436 Felicis.
3310 3378 3477 3430 lndiw

1905 3477 2178 3534 respectu,
2205 3470 2714 3521 commodissimum
2748 3480 2833 3521 est
2860 3471 3193 3537 emporium.
3222 3470 3353 3522 Post
3376 3475 3480 3523 aliv

1906 3572 2039 3628 quot
2066 3562 2189 3614 inde
2220 3564 2333 3615 dies
2362 3563 2687 3630 appulerunt
2719 3565 2784 3616 ad
2823 3567 3010 3617 urbem
3056 3564 3225 3619 Gidcn
3264 3569 3314 3619 in
3346 3570 3480 3621 Ara-

1908 3654 1993 3705 bia
2035 3652 2239 3707 Petrrea
2274 3654 2465 3725 (Ziden
2526 3656 2614 3707 alii
2671 3660 2887 3721 vocant)
2931 3673 3050 3723 qua:
3106 3660 3220 3725 ipsa
3266 3676 3484 3729 quoque

1909 3746 2183 3798 maritima
2226 3756 2330 3808 est,
2397 3744 2704 3798 Turcoruin
2769 3749 2997 3815 imperio
3053 3750 3326 3816 subjecta,
3382 3768 3483 3804 nec

1910 3839 2096 3891 minus
2128 3838 2329 3893 nobile.
2366 3854 2529 3905 quam
2589 3839 2809 3892 Thoron
2853 3842 3183 3908 emporium.
3241 3842 3483 3895 Tandem

1912 3927 1964 3980 in
1995 3927 2249 3979 Arabiam
2291 3926 2554 3989 Felicem,
2608 3937 2662 3980 et
2694 3930 2758 3981 ad
2794 3940 3009 3996 portum
3073 3932 3226 3983 urbis
3274 3933 3483 3985 ΛιΙθιιῑς

1911 4029 2254 4086 perventum,
2308 4020 2453 4073 circa
2509 4035 2744 4071 mensem
2812 4019 3128 4074 Octobrem.
3188 4023 3281 4075 Est
3332 4023 3486 4075 Adru

1912 4110 2173 4176 primaria
2223 4109 2420 4163 Felicis
2472 4112 2686 4164 Arabia!
2718 4111 2946 4174 civitas,
2985 4127 3090 4164 non
3128 4113 3232 4164 situ
3285 4116 3485 4169 solum,

1912 4203 2002 4254 sed
2031 4203 2190 4256 etiam
2244 4218 2406 4270 opere
2439 4204 2671 4257 munita.
2709 4204 2921 4272 Quippe
2954 4220 3055 4255 nec
3094 4220 3484 4273 propugnacu—

1911 4297 1979 4349 lis
2011 4304 2178 4357 caret,
2208 4308 2260 4348 et
2296 4300 2407 4361 ipse
2446 4299 2598 4349 locus
2630 4312 2726 4365 per
2774 4313 2834 4350 se
2869 4297 3185 4349 tutissimus
3244 4307 3349 4349 est.
3407 4300 3487 4349 At.

1912 4399 2037 4441 ortu
2070 4390 2223 4451 solis,
2266 4390 2519 4456 adjacent
2544 4390 2593 4442 ei
2631 4390 2891 4457 praerupti
2919 4400 2973 4441 et
2999 4390 3202 4442 excelsi
3231 4401 3444 4442 mortles
3475 4409 3485 4446 ;

1915 4481 1983 4532 ab
2032 4482 2333 4541 occidente,
2387 4481 2641 4532 clausum
2701 4480 2866 4531 maris
2921 4489 3140 4547 portum
3209 4480 3419 4532 habet:
3456 4499 3480 4528 ει

218 4560 372 4610 lanis
390 4560 729 4623 nominatur)
759 4561 956 4613 bellum
977 4562 1123 4615 inter
1149 4563 1450 4618 Lusitanos
1477 4581 1539 4619 ac
1565 4564 1796 4631 Turcos,
1833 4586 1877 4638 ι)
1908 4572 2152 4625 meridiei
2186 4573 2376 4635 latere,
2414 4571 2656 4623 validum
2711 4574 2762 4623 in
2817 4572 2929 4623 alto
2972 4571 3224 4640 proximo
3256 4573 3488 4638 scopula

216 4650 454 4718 quando
502 4651 651 4703 nulla
689 4653 745 4704 lit
792 4653 911 4718 ejus
960 4653 1013 4705 in
1039 4654 1345 4708 Annalibus
1387 4657 1541 4709 hisce
1576 4660 1801 4722 mentio,

220 4758 329 4795 nec
368 4740 631 4807 Jovianm,
669 4744 749 4797 vel
784 4742 1059 4809 Suriante,
1083 4748 1168 4799 vel
1202 4748 1437 4800 aliorum
1462 4751 1806 4803 narrationes

219 4838 458 4903 integrae
493 4846 641 4899 sunt,
692 4846 746 4888 et
773 4836 1056 4890 Pandectis
1103 4853 1130 4889 a
1167 4841 1324 4893 nobis
1355 4842 1604 4895 habenda
1639 4846 1803 4896 ratio.

217 4928 587 4981 Memorabile
619 4929 838 4996 quidem
865 4932 916 4982 in
946 4930 1139 4999 primis
1172 4947 1297 4984 esse
1334 4934 1589 4986 fatebitur
1616 4938 1806 4992 lector.

218 5022 299 5071 ob
333 5020 602 5073 nefariam
640 5021 949 5074 'l'urcorum
983 5037 1113 5089 erga
1168 5038 1349 5091 regem
1408 5026 1612 5079 Adeuis
1651 5029 1811 5095 perli-

219 5117 377 5166 diam
403 5123 455 5166 et
488 5114 907 5176 immanitatem,
934 5116 1025 5182 qui
1050 5124 1231 5169 tamen
1265 5116 1646 5172 Musulmanus
1670 5132 1805 5182 erat,

219 5217 279 5259 et
317 5208 566 5275 ipsorum
619 5207 997 5275 superstitioni
1029 5209 1299 5263 addictus.
1336 5212 1543 5264 Auctor
1585 5214 1807 5277 exposi-

222 5300 407 5352 tionis
448 5296 713 5364 Georgius
744 5298 978 5352 llustius
1036 5298 1414 5354 llassinieusis
1471 5319 1533 5355 ex
1570 5304 1804 5372 Illyrico,

223 5409 381 5445 nune
424 5390 739 5453 Sclavonia,
772 5393 936 5447 rebus
978 5394 1139 5461 ipsis,
1172 5409 1295 5446 cum
1332 5407 1675 5462 gererentur,
1724 5398 1806 5447 in-

224 5484 451 5541 terfuit,
495 5492 551 5534 et.
601 5485 950 5553 consignatas
1005 5485 1294 5553 magnifico
1348 5487 1575 5539 domino
1620 5489 1806 5539 llicro-

220 5590 399 5644 nynio
432 5572 570 5627 BCt'k
597 5590 626 5627 a
660 5573 1040 5641 Leopoldstorf
1068 5576 1293 5638 obtulit,
1321 5579 1412 5647 qui
1440 5580 1597 5631 nobis
1629 5580 1804 5647 legen-

218 5670 332 5721 das
368 5666 638 5721 exhibuit.
669 5666 838 5735 Igitur
866 5682 1009 5720 anno
1038 5669 1172 5721 1558
1199 5667 1420 5739 Nngnas
1447 5673 1806 5738 Acugnauus,

220 5759 519 5812 orientalis
534 5759 700 5812 ludite
720 5774 1103 5829 prorex,quem
1127 5763 1428 5828 provinciis
1448 5764 1810 5817 illisJoautn-s

228 5867 332 5904 rex
371 5848 671 5904 Lusitaniae
717 5851 1056 5921 praefecerat.
1085 5855 1361 5906 civitatem
1404 5851 1653 5907 l‘lienscm
1697 5876 1805 5908 ine-

1910 4664 2375 4733 propugnaculum
2400 4664 2601 4716 eminet
2636 4683 2647 4715 :
2682 4664 2732 4715 in
2764 4680 2872 4733 quo
2900 4672 3063 4716 noctu
3094 4663 3301 4715 Arabes
3340 4672 3443 4713 ant-
3474 4692 3486 4697 -

1913 4773 2075 4823 quam
2112 4773 2140 4809 a
2170 4755 2365 4810 Turcis
2402 4757 2549 4810 Adcn
2589 4768 2901 4825 caperetur,
2956 4757 3108 4823 ignes
3145 4756 3484 4810 excitabant.

1910 4850 2002 4915 qui
2030 4865 2223 4916 magno
2258 4866 2321 4901 ex
2346 4850 2634 4902 intervallo
2662 4849 2968 4915 conspecti,
3012 4847 3261 4903 Turcica:
3285 4849 3477 4900 classis

1912 4941 2202 4992 adventum
2242 4942 2559 4994 iudicabant
2598 4941 2797 4995 vicinis
2828 4942 3128 5000 Arabibus,
3164 4942 3243 4992 uti
3278 4942 3489 4994 scilicet

1918 5033 2067 5084 urbis
2101 5033 2165 5085 ad
2197 5032 2570 5087 defensionem
2621 5042 3041 5086 concurrerent.
3102 5030 3366 5086 Substitit
3415 5033 3486 5084 ibi

1912 5126 2127 5182 classis,
2178 5126 2566 5178 cunctantibus
2605 5124 2827 5184 Turcis,
2862 5131 2918 5177 et
2960 5124 3185 5178 consilia
3221 5125 3485 5175 varianti-

1915 5220 2035 5270 bus.
2097 5217 2231 5281 ilex,
2262 5217 2591 5285 quihusdam
2647 5233 2677 5269 e
2730 5232 2961 5269 numero
3023 5232 3250 5269 suorum
3294 5214 3362 5266 ad
3394 5231 3489 5266 eos

1916 5309 2201 5375 ablegatis,
2229 5323 2327 5359 cur
2360 5308 2487 5360 illuc
2529 5309 2811 5360 venissent
2870 5308 3090 5368 armati,
3125 5306 3272 5358 scire
3302 5322 3359 5358 sc
3395 5322 3457 5356 eu

1916 5415 2040 5464 pere.
2108 5400 2472 5465 signiﬁcabat.
2526 5398 2662 5450 Tum
2703 5398 2886 5458 baSsa,
2942 5398 3282 5465 perhenigno
3326 5398 3487 5463 regiis

1914 5492 2039 5541 dato
2072 5506 2356 5556 responso,
2428 5505 2492 5541 ac
2529 5490 2642 5541 suis
2689 5489 2752 5540 ad
2787 5504 2967 5557 regem
3003 5488 3245 5540 vicissim
3303 5489 3486 5540 missis

1918 5583 2289 5642 internuntiis,
2322 5596 2445 5635 cum
2479 5582 2820 5642 inuneribus,
2858 5597 2923 5632 ue.
2978 5584 3106 5648 quid
3140 5582 3337 5633 hostile
3377 5596 3490 5632 mo-

1918 5676 2001 5727 liti
2049 5674 2346 5729 videretur.
2381 5673 2657 5727 blanditiis
2721 5684 2774 5725 ct
2824 5685 2940 5725 arte
2995 5675 3327 5740 persuadet.
3389 5676 3489 5723 sub

1919 5778 2179 5834 pr:ctexlu
2230 5766 2584 5832 emnparandi
2642 5772 2814 5832 pretio
2857 5774 3215 5825 commeatus,
3258 5774 3317 5816 ut
3350 5764 3489 5815 rlas~

1919 5877 2030 5910 scin
2065 5858 2259 5911 sultani
2289 5858 2562 5910 Osutanici
2604 5875 2723 5910 cum
2779 5860 2947 5910 tnilile
2997 5867 3209 5923 portum
3262 5856 3479 5908 inlcriw
