4164 6426
723 371 824 435 921

1912 383 2238 446 JOANNIS
2283 388 2744 451 LEIENCLAVH

3862 399 3981 462 912

725 508 838 545 rem
868 500 1140 561 patcrctur
1178 492 1408 560 ingredi.
1435 493 1814 550 Coerciturum
1847 514 1902 552 se
1943 516 2094 563 suos,
2121 514 2178 556 ut
2218 504 2284 556 ab
2315 509 2357 565 Α
2389 504 2648 571 Tandem,
2689 512 2755 560 ad
2800 525 2861 561 ea
2897 524 3017 577 qua:
3047 510 3302 577 petebant
3337 510 3454 566 loca
3507 526 3631 566 cum
3680 520 3977 581 pervenis-

722 583 870 635 omni
900 585 1183 648 maleficio,
1203 586 1504 654 praesertim
1539 604 1664 656 erga
1707 590 1980 658 religionis
2014 608 2284 648 consensu

721 675 821 724 sibi
855 673 1154 737 devinctos,
1189 676 1545 732 abstinerent.
1569 679 1777 748 Quippe
1803 698 1892 734 rex
1917 684 2139 742 Adeuis.
2168 688 2289 739 titti-

720 779 873 816 versa
892 780 1012 818 cum
1033 777 1190 831 gente
1209 783 1327 830 sua,
1349 769 1670 824 Maliunietis
1689 788 1844 826 sacra
1867 777 2101 830 colebat.
2125 777 2288 831 Intol-

719 857 876 910 lectis
910 857 1056 908 hisce
1090 860 1398 926 postulatis,
1441 863 1491 914 in
1523 873 1734 930 portum
1797 865 2068 920 Osmanici
2094 868 2288 922 admit-

719 958 930 1003 tuntur.
964 950 1161 1005 Eodem
1185 963 1302 1004 astu
1333 956 1656 1023 vafritieque
1682 958 2011 1027 beglerbcgi,
2033 962 2097 1014 ad
2121 963 2288 1015 collo-

714 1044 840 1105 quia
889 1058 1025 1105 rex,
1084 1056 1136 1096 et
1185 1046 1432 1098 convivia
1497 1049 1789 1114 pellicitur.
1865 1051 2112 1120 Cumque
2165 1063 2288 1121 post

715 1134 924 1202 aliquot
950 1136 1065 1189 dies
1099 1138 1149 1187 in
1177 1139 1356 1191 navim
1411 1143 1740 1208 praetoriam,
1806 1143 1979 1198 tribus
2024 1146 2288 1200 duntaxat

716 1240 745 1273 ιε
795 1226 910 1278 suis
944 1227 1260 1293 comitatus,
1313 1232 1542 1294 veniret,
1590 1244 1938 1300 peramanter
1983 1236 2284 1301 salutatur,

716 1318 986 1384 excipitur
1021 1319 1254 1385 blande,
1289 1337 1491 1376 mensa:
1531 1333 1584 1377 et
1617 1327 1792 1392 epulis
1835 1328 2150 1382 adhibetur.
2181 1330 2285 1383 Sed

716 1420 835 1473 post
866 1412 1198 1474 convivium,
1236 1414 1418 1466 nescio
1448 1431 1553 1481 qua
1590 1418 1880 1471 occasione
1911 1431 2146 1487 captata,
2169 1435 2289 1473 cor-

714 1501 916 1567 ripitur
950 1519 963 1554 :
1005 1518 1066 1555 ac
1099 1510 1213 1555 tum
1254 1505 1472 1557 demum
1511 1508 1712 1560 sentire
1755 1511 1916 1563 miser
1955 1511 2141 1579 cmpit,
2186 1511 2288 1563 itit-

715 1595 1011 1660 proborum
1080 1612 1304 1650 munera
1331 1613 1454 1652 cuiu
1508 1599 1690 1653 fucata
1751 1601 2034 1665 blanditie,
2083 1603 2289 1656 fraudis

715 1702 833 1740 esse
865 1687 1044 1754 plena,
1110 1704 1447 1760 prorsnsqne
1502 1695 1801 1760 reSpnentla
1847 1694 2284 1762 circumspectis.

719 1779 826 1833 Nec.
858 1799 1031 1844 mora,
1068 1787 1193 1837 dum
1219 1801 1311 1839 rex
1350 1787 1404 1840 in
1440 1789 1690 1854 prretoria
1734 1789 2034 1854 detinetur,
2093 1791 2288 1846 milites

2391 610 2537 666 sent,
2568 600 2726 653 bassa
2757 601 3047 657 Lusitanos
3075 603 3291 673 aggredi
3319 607 3502 674 cmpit,
3533 617 3585 660 et
3614 607 3804 660 urbem
3833 607 3976 660 Dion

2391 693 2508 748 sive
2565 693 2770 758 Devon,
2803 711 2828 746 a
2871 695 3155 750 Lusitanis
3211 696 3466 750 Zambrio
3526 699 3638 766 regi
3688 712 3974 767 ereptam,

2391 785 2677 839 obsidione
2715 786 2856 857 cingi
2904 787 3088 854 jussit.
3141 787 3331 856 Itaque
3384 789 3653 841 machinis
3702 790 3920 844 bellicis
3948 808 3981 841 υ

2395 874 2627 930 navibus
2688 877 2740 930 in
2805 888 3007 930 terram
3058 879 3348 947 expositis,
3408 889 3721 946 oppugnata
3771 880 3979 932 civitas

2389 970 2750 1038 quadraginta
2793 972 2985 1024 diebus
3025 973 3323 1034 continuis,
3387 982 3498 1024 tam
3554 981 3698 1023 terra
3729 1013 3743 1031 ,
3802 988 3977 1039 quam

2391 1061 2571 1114 mari:
2611 1063 2706 1117 sed
2756 1065 2913 1118 irrito
2964 1067 3123 1132 plane
3167 1075 3388 1118 conatu.
3441 1063 3638 1115 Turris
3696 1065 3979 1114 duntaxat

2389 1154 2658 1222 quaedam,
2716 1156 2888 1210 instar
2955 1157 3163 1210 castelli
3201 1173 3296 1209 seu
3355 1156 3756 1224 propugnaculi
3792 1154 3973 1216 facta,

2389 1266 2508 1318 qua:
2572 1265 2679 1302 uno
2727 1265 2792 1302 ac
2863 1250 3091 1302 dimidio
3150 1251 3337 1302 aberat
3379 1250 3448 1302 ab
3501 1254 3634 1302 urbe
3683 1247 3887 1309 stadio,
3917 1261 3976 1298 et

2388 1342 2476 1395 cui
2528 1342 2760 1411 praesidii
2825 1357 2993 1395 causa
3056 1341 3124 1394 80
3167 1340 3413 1395 Lusitani
3463 1341 3663 1393 milites
3723 1339 3973 1406 impositi

2391 1435 2628 1498 fuerant,
2664 1434 2968 1490 'l‘urcornm
3004 1436 3056 1488 iit
3113 1445 3431 1504 potestatem
3459 1437 3603 1487 venit
3645 1453 3657 1488 :
3687 1433 3978 1501 praesidia-

2389 1529 2485 1581 riis
2535 1543 2654 1581 sese
2707 1528 3055 1590 dedentibus,
3123 1539 3174 1580 et
3211 1544 3330 1580 nzox
3375 1527 3426 1578 iu
3462 1543 3627 1580 naves
3665 1527 3976 1594 perductis.

2393 1619 2613 1672 Duobus
2642 1619 2843 1687 elapsis
2875 1622 3182 1680 mensibus.
3213 1623 3462 1675 auditum
3496 1623 3561 1675 dc
3593 1621 3772 1674 classe
3813 1617 3978 1670 Lusi-

2391 1713 2592 1776 tanica,
2626 1727 2745 1780 quae
2778 1715 2891 1767 suis
2917 1729 3240 1768 succursum
3279 1715 3514 1769 veniret.
3571 1714 3760 1783 itaque
3797 1715 3975 1766 terri-

2391 1814 2479 1860 tus
2510 1807 2692 1865 bassa,
2732 1809 3012 1862 machinas
3037 1811 3260 1863 bellicas
3283 1809 3516 1862 navibus
3549 1808 3757 1876 imponi
3779 1808 3976 1874 jussit,

716 1878 1027 1944 conplures
1058 1881 1125 1932 de
1169 1881 1463 1943 industria,
1513 1883 1688 1935 victus
1744 1884 2096 1944 comparandi
2151 1901 2287 1953 pra:-

2400 1915 2457 1954 ac
2489 1910 2652 1953 noctu
2685 1901 2902 1956 solvens
2955 1901 3222 1972 profugit.
3270 1901 3448 1966 Quam
3513 1902 3659 1954 enim
3719 1905 3978 1956 animose

719 1978 890 2032 textu,
927 1971 1197 2024 civitatem
1234 1973 1635 2040 ingrediuntur.
1693 1973 1878 2030 Silent
1924 1978 2067 2032 enim
2097 1976 2284 2040 Turci.

716 2064 859 2130 quod
895 2063 944 2116 vi
979 2079 1086 2116 non
1121 2074 1368 2129 possunt,
1399 2076 1492 2120 aut
1555 2067 1763 2137 absque
1799 2072 1965 2124 multa
2002 2071 2288 2139 sanguinis

714 2154 1002 2220 effusione,
1063 2156 1226 2219 dolis,
1260 2165 1314 2208 ct
1370 2157 1595 2225 perfidia
1647 2160 1930 2228 consequi.
1959 2159 2079 2213 Mox
2115 2161 2288 2213 Solei-

718 2251 862 2304 mani
897 2252 1071 2305 bassu
1103 2265 1197 2318 per
1253 2263 1498 2307 secretos
1545 2251 1753 2306 indices
1784 2253 2059 2314 nuntiant,
2097 2253 2289 2307 Arabi-

717 2342 816 2395 bus
839 2343 1042 2405 resisti,
1075 2351 1133 2396 et
1174 2345 1364 2395 urbem
1394 2343 1610 2396 defendi
1643 2359 1827 2411 posse,
1875 2344 2001 2398 licet
2039 2345 2287 2398 advenis-

716 2445 836 2487 sent
865 2436 968 2488 illa:
999 2449 1218 2504 quoque
1248 2438 1438 2502 comic,
1491 2452 1628 2505 quas
1658 2437 1798 2488 fama
1846 2436 1957 2505 jant
1997 2437 2288 2491 adventare

717 2529 944 2582 ferebat.
972 2526 1110 2581 Tum
1173 2528 1330 2583 bassa
1369 2532 1754 2582 maturandum
1800 2531 2012 2588 statuit.
2069 2539 2122 2583 et
2153 2531 2289 2583 Ara-

717 2621 842 2674 bun‘
895 2620 1240 2687 anticipanda
1302 2621 1552 2675 consilia.
1600 2620 1776 2675 Portis
1834 2637 1928 2691 per
1986 2623 2284 2676 absentiam

717 2713 857 2781 regis
919 2712 1221 2779 occupatis,
1294 2713 1451 2766 miles
1502 2713 1861 2767 immittitur:
1903 2715 2287 2784 Oppressisque

715 2807 1016 2858 Turcoruin
1063 2821 1291 2858 numero
1344 2807 1583 2869 civibus,
1631 2805 1780 2859 Adeu
1839 2807 1892 2858 in
1959 2816 2283 2875 potestatem

718 2897 999 2964 redigitur.
1034 2894 1156 2949 Mox
1198 2906 1252 2949 et
1308 2899 1418 2963 ipse
1474 2913 1564 2949 rex
1618 2898 1938 2965 productus,
1984 2896 2052 2949 ad
2085 2897 2284 2949 malum

716 2991 980 3055 praetoriae
1025 2991 1178 3042 navis
1228 2989 1280 3042 iit
1325 2989 1542 3041 sublimi
1567 3028 1582 3047 .
1618 2987 1791 3042 tribtts
1822 2989 1926 3042 illis
1955 3003 2078 3042 cum
2112 2989 2285 3042 comi-

715 3085 878 3146 tibus,
916 3085 1304 3152 suspenditur;
1370 3091 1424 3136 et
1459 3083 1524 3136 ad
1577 3094 1868 3146 terrorem,
1903 3082 2046 3137 foedo
2079 3093 2286 3150 specta-

716 3177 857 3239 culo,
892 3175 1102 3229 civibus
1159 3176 1275 3229 suis
1336 3183 1665 3229 ostentatur.
1722 3175 1986 3244 Oppidani
2045 3187 2151 3227 tam
2202 3176 2284 3228 in-

716 3267 877 3335 tligttu
913 3268 1021 3333 regi
1094 3267 1314 3335 sibique
1383 3267 1626 3319 videntes
1674 3265 1887 3319 illusum
1913 3305 1927 3328 ,
1962 3265 2112 3318 velut
2145 3265 2195 3318 itt
2238 3280 2293 3319 re
2321 3254 2362 3314 C

719 3357 896 3408 subita
949 3356 1222 3424 trepidare
1254 3375 1267 3410 :
1302 3357 1482 3424 capite
1531 3355 1800 3417 destituti,
1838 3344 2087 3410 hostibus
2117 3358 2293 3426 impa-

723 3465 806 3502 res
836 3465 1088 3513 uumero,
1129 3449 1347 3503 consilii
1383 3449 1616 3518 denique
1655 3450 1864 3516 inopes,
1898 3448 2032 3501 nihil
2071 3449 2292 3502 omnino

722 3542 923 3595 moliri.
966 3541 1055 3595 Sic
1109 3543 1160 3595 in
1214 3544 1535 3596 servitutem
1589 3545 1820 3596 redactae
1865 3542 2070 3596 civitati
2112 3542 2295 3610 praesi-

720 3635 870 3685 dium
933 3633 1150 3685 lirmum
1205 3634 1524 3701 imponitur,
1596 3635 1824 3702 provido
1859 3635 2068 3688 scilicet
2122 3635 2294 3688 bassm

721 3727 1000 3780 consilio:
1044 3741 1132 3788 ne,
1181 3727 1223 3780 si
1278 3727 1403 3795 quis
1445 3728 1708 3781 adversus
1767 3729 1813 3780 ei
1874 3744 2036 3782 casus
2105 3729 2292 3780 Indico

725 3819 864 3872 bello
900 3819 1205 3878 accideret,
1263 3817 1498 3870 vicinum
1548 3819 1762 3871 deesset
1808 3819 2134 3890 perfugium.
2188 3818 2295 3871 Nec

722 3915 865 3965 enim
898 3928 926 3965 a
967 3922 1117 3981 tergo
1165 3909 1326 3963 Turci
1381 3913 1692 3980 relinquere
1724 3912 1899 3966 solent
1926 3914 2160 3981 aliquem
2207 3915 2292 3968 vel

725 4013 1034 4071 suspectum
1073 4005 1153 4056 vel
1208 4005 1604 4067 adversarium,
1641 4004 1732 4070 qui
1771 4005 2021 4071 quemvis
2055 4007 2104 4056 in
2133 4021 2296 4057 even-

726 4114 838 4155 tum
871 4118 994 4156 esse
1050 4102 1149 4155 sibi
1208 4102 1382 4170 possit
1432 4099 1847 4167 impedimento.
1883 4100 2091 4167 Quippe
2127 4115 2296 4168 genus

729 4197 829 4247 ltoc.
883 4191 1244 4247 Birharorum
1303 4193 1460 4260 longe
1509 4191 1756 4244 omnium
1805 4191 2157 4244 vaferrintuut
2189 4200 2295 4253 est,

727 4297 778 4340 ct
819 4297 928 4340 tam
977 4286 1338 4353 praisentibus
1397 4299 1559 4352 quam
1614 4282 1814 4337 futuris
1845 4285 2297 4352 circumspiciun-

727 4381 813 4435 dis
845 4394 908 4432 ac
933 4377 1264 4446 peusitandis
1300 4377 1745 4429 solertissimum.
1800 4375 2064 4430 Prteterea
2093 4379 2298 4444 potitus

730 4474 914 4524 Adeue
940 4471 1118 4534 bassa,
1148 4471 1193 4522 si
1226 4470 1447 4536 quidem
1498 4468 1708 4536 reliqua
1755 4482 1861 4519 non
1886 4467 2204 4520 succederet
2233 4483 2295 4520 ex

728 4565 894 4615 animi
952 4563 1218 4615 sententia
1281 4561 1589 4628 expeditio,
1651 4559 1847 4612 fecisse
1909 4567 2086 4611 tamen
2121 4574 2298 4626 operte

729 4657 958 4722 pretium
987 4653 1157 4706 videri
1183 4661 1418 4720 poterat,
1449 4665 1512 4704 ac
1538 4651 1677 4703 viam
1709 4651 1994 4718 aperuisse
2017 4652 2295 4704 tentandis

729 4753 871 4820 apu-l
935 4750 1098 4802 Indos
1130 4748 1426 4815 aliquando
1484 4745 1811 4813 majoribus.
1861 4743 2086 4812 Captam
2115 4744 2305 4797 civita-

729 4854 832 4894 :cnt
871 4843 1152 4908 ingressus
1186 4839 1544 4900 Solcimaues,
1600 4839 1727 4891 dato
1750 4837 1928 4903 signo,
1967 4835 2297 4905 proclamari

726 4933 911 4995 jussit.
948 4945 1016 4982 ne
1043 4929 1243 4982 civium
1271 4929 1431 4986 bona.
1471 4943 1603 4980 neve
1637 4942 1845 4980 merces
1878 4927 2252 4996 diriperentur
2284 4944 2297 4979 :

731 5036 781 5077 et
806 5023 1094 5090 quemdam
1125 5038 1152 5072 e
1183 5022 1317 5078 suis,
1373 5020 1580 5072 vilioris
1618 5019 1890 5072 hominem
1947 5019 2303 5077 conditionis,

735 5116 786 5166 in
823 5117 935 5180 ipsa
970 5113 1122 5165 urbis
1160 5123 1310 5179 pot-ta
1363 5114 1634 5165 terrendis
1666 5113 1897 5174 ueteris,
1931 5111 2108 5178 capite.
2148 5112 2304 5178 plecti

730 5207 907 5271 jussit.
947 5204 1107 5272 500
1142 5206 1458 5256 Aromatutn
1503 5219 1737 5270 namque
1787 5218 1977 5272 magna
2007 5204 2114 5256 huc
2150 5204 2306 5269 copia

738 5295 929 5347 deferri
955 5311 1020 5348 ex
1045 5296 1192 5347 ludia
1227 5296 1385 5347 Solet.
1418 5295 1680 5348 Praeterea
1715 5296 1872 5348 sinus
1896 5295 2162 5349 Arabicus
2193 5297 2310 5348 sive

739 5387 992 5442 Persicus
1052 5388 1135 5440 hic
1203 5389 1411 5457 incipit,
1440 5399 1491 5440 et
1539 5388 1936 5456 Abyssinorunt
1972 5388 2310 5455 Etltmpum,

735 5497 976 5549 quorum
1006 5497 1096 5533 rex
1139 5481 1474 5547 Praetejanus
1523 5481 1686 5548 vulgo
1729 5481 2065 5538 nominatur.
2100 5490 2312 5534 montes

741 5583 904 5640 atque
982 5573 1185 5626 limites
1254 5572 1452 5624 ibidem
1508 5573 1940 5640 conspiciuntur.
2018 5570 2310 5635 Osmanici,

745 5669 928 5720 Adcne
959 5665 1166 5728 relicta,
1199 5679 1322 5717 cum
1370 5679 1580 5716 annona
1622 5665 1841 5732 copiosa
1897 5679 2062 5716 naves
2088 5680 2313 5716 oneras-

746 5769 885 5822 sent,
928 5758 1145 5812 Occano
1205 5772 1264 5811 se
1311 5759 1722 5820 commiserunt,
1775 5772 1836 5808 ac
1872 5755 2057 5809 decem
2093 5771 2315 5809 novem-

747 5869 851 5924 que
884 5853 1001 5907 dies
1025 5868 1083 5904 ac
1116 5861 1302 5904 noctes
1339 5850 1531 5904 itinere
1569 5849 1843 5904 maritimo
1884 5863 2304 5916 consumpsere.

2391 2008 2519 2048 suas
2574 1993 2626 2046 in
2675 1995 2912 2062 speciem
2963 1993 3258 2047 instituunt
3312 2003 3366 2047 et
3405 1994 3698 2048 ordiuntur
3752 1998 3978 2064 expedi-

2392 2086 2590 2150 tiones,
2624 2087 2789 2141 Turei
2821 2088 2922 2140 levi
2952 2099 3227 2141 momento
3255 2088 3652 2149 territicrebus
3682 2104 3751 2142 ex
3799 2090 3973 2140 animi

2390 2189 2518 2233 voto
2579 2196 2684 2234 non
2739 2181 3185 2235 succedentibus.
3244 2181 3466 2235 honoris
3509 2181 3657 2233 omni
3717 2193 3972 2248 respectu

2389 2272 2712 2340 postposito,
2757 2286 2856 2324 ceu
2891 2271 3098 2326 timida:
3147 2270 3440 2337 dill‘ugiunt
3471 2271 3668 2325 damma.
3719 2272 3974 2340 Cumque

2384 2362 2491 2430 jam
2524 2365 2680 2418 bassa
2707 2379 2809 2417 non
2848 2365 3037 2434 procul
3065 2380 3091 2415 a
3120 2363 3361 2418 Zebctho
3380 2376 3523 2418 esset
3552 2366 3774 2434 oppido,
3803 2367 3971 2417 inter-

2392 2456 2476 2509 iici
2507 2457 2748 2523 captivos
2783 2457 2836 2508 in
2876 2457 3061 2512 littore
3110 2457 3299 2526 jussit.
3343 2457 3568 2509 Duravit
3628 2473 3838 2510 annum
3883 2457 3966 2508 in-

2391 2558 2599 2616 tcgrutu
2662 2549 2773 2602 hare
2822 2550 3114 2619 expeditio,
3173 2549 3385 2618 fuitque
3417 2551 3721 2603 Zcbethnnt
3769 2550 3965 2609 etiam,

2389 2641 2599 2695 Arabize
2638 2640 2838 2696 Felicis
2878 2643 3162 2711 oppidum,
3189 2660 3215 2695 a
3251 2644 3444 2697 Turcis
3490 2644 3543 2695 in
3579 2643 3755 2697 reditu
3799 2657 3975 2708 expu-

2389 2745 2633 2803 gnatum.
2675 2736 2806 2788 Tam
2863 2736 3035 2787 Adetii
3065 2779 3079 2799 ,
3129 2751 3286 2805 quam
3343 2735 3607 2799 Zebctho,
3657 2735 3970 2802 beglerbegi

2389 2841 2509 2877 cum
2542 2826 2956 2894 dephterdaris,
2987 2828 3185 2896 singuli
3219 2830 3448 2895 singulis
3480 2827 3720 2896 praefecti
3787 2827 3970 2888 fuere,

2387 2914 2454 2968 de
2489 2917 2687 2985 quibus
2734 2933 2838 2972 non
2891 2919 3063 2971 multo
3102 2929 3240 2988 post,
3275 2919 3327 2972 in
3365 2920 3846 2989 beglerbegatuum
3878 2935 3972 2972 ca-

2387 3011 2589 3077 talogt).

2388 3117 2517 3171 9.42.
2543 3117 2748 3173 Bellum
2772 3130 2955 3172 contra
2982 3121 3326 3190 Cliitncriotas
3350 3138 3367 3174 :
3397 3120 3977 3190 Ceraunia,Chimarn,

2857 3193 3108 3252 Are/orm,
3131 3189 3279 3243 [λιιιδὶ
3304 3192 3483 3244 bassa.

2471 3283 2813 3335 Chimeriotm
2842 3292 2967 3335 sunt
2991 3284 3327 3345 Aruantlari,
3369 3284 3448 3335 γυι
3486 3283 3698 3344 Albani,
3737 3283 3818 3335 vel
3850 3281 3983 3349 Epi—

2403 3383 2555 3436 rota‘,
2609 3385 2759 3429 trans
2825 3378 2999 3429 sinunt
3047 3393 3107 3430 ex
3139 3380 3361 3430 adverso
3395 3378 3644 3447 Corcyi-:e
3678 3377 3768 3428 siti
3808 3392 3823 3427 :
3869 3391 3979 3443 qua

2403 3466 2456 3520 in
2485 3469 2703 3535 regione
2731 3471 2984 3524 continua
3019 3471 3278 3524 montium
3312 3471 3484 3523 series
3533 3476 3636 3530 est,
3666 3483 3827 3534 quam
3865 3483 3982 3518 uno

2401 3561 2665 3613 vocabulo
2716 3564 3020 3631 nautrejam
3073 3567 3260 3616 dicimt
3304 3562 3637 3616 Chimeram.
3673 3560 3870 3613 Jovius
3927 3570 3982 3611 et

2402 3651 2491 3702 alii
2519 3653 2846 3704 voluntolitu
2884 3653 2995 3705 lucc
3041 3654 3214 3707 fuisse
3244 3661 3501 3705 montana
3533 3652 3613 3703 vel
3639 3652 3741 3716 ὅρη
3765 3648 3984 3701 Cerau—

2405 3743 2513 3806 nia,
2536 3743 2768 3810 itemque
2790 3745 3218 3803 Acroccraunia,
3247 3759 3341 3810 pro
3365 3743 3563 3810 quibus
3587 3742 3767 3795 dicere
3788 3739 3986 3791 malim

2404 3835 2653 3902 rquitlem
2696 3836 2835 3887 Aera
2894 3835 3186 3889 Ceraunia.
3233 3835 3340 3887 Lco
3391 3846 3566 3887 tamen
3610 3833 3903 3899 Angustus
3933 3830 3988 3878 Ῑῐι

2405 3928 2612 3979 novella
2638 3928 2703 3978 de
2736 3926 2994 3988 Thronis,
3030 3935 3087 3979 ut
3118 3927 3292 3978 obiter
3325 3926 3605 3994 attigimus
3661 3933 3849 3982 antea,
3887 3919 3993 3970 sub

2404 4016 2621 4069 Altoliaa
2672 4018 2953 4084 metropoli
3005 4016 3306 4085 Naupacto,
3355 4026 3460 4069 tam
3494 4015 3779 4071 Buthroti,
3813 4026 3991 4080 quam

2404 4108 2670 4161 Chimarus
2722 4111 2958 4162 collocat
3002 4112 3392 4178 episcopatus:
3429 4125 3546 4176 quae
3591 4111 3706 4160 lora
3750 4107 3860 4158 sibi
3898 4120 3993 4156 tn-

2405 4201 2576 4253 viccnt
2632 4201 2830 4265 vicina,
2890 4201 3143 4255 Dutintro
3172 4213 3223 4255 et
3257 4201 3534 4261 Chimera,
3567 4216 3686 4253 cum
3726 4200 3842 4252 illic
3886 4200 3999 4252 b2-

2405 4305 2681 4354 rereiuus,
2730 4308 2758 4344 a
2819 4295 2998 4346 nautis
3046 4295 3248 4348 nostris
3301 4293 3742 4362 appellabantur.
3781 4292 3996 4344 Iisdem

2407 4384 2670 4446 Avelona,
2703 4385 2861 4451 cujus
2888 4385 2975 4438 hic
3001 4386 3203 4438 mentio
3235 4384 3312 4445 fit,
3335 4385 3726 4436 enuntiabatur
3764 4385 4001 4450 adjecto

2408 4475 2641 4527 articulo
2689 4475 2897 4538 ltalico,
2963 4475 3254 4537 Lavelona,
3293 4477 3374 4530 vel
3413 4477 3707 4543 disjnncte,
3767 4475 3850 4528 La
3897 4477 4004 4528 Ve-

2410 4567 2558 4629 lona,
2591 4582 2710 4619 cum
2747 4567 2966 4635 quidem
3018 4567 3256 4634 vulgaris
3308 4568 3507 4634 linguae
3558 4565 3765 4620 Graeca:
3833 4568 4004 4636 periti

2407 4660 2695 4723 adderent,
2722 4675 2787 4712 eo
2821 4661 3040 4713 nomine
3073 4659 3279 4729 {Ba}.qu
3323 4660 3621 4728 significari
3659 4675 3861 4712 acum.
3895 4661 4006 4713 Sed

2408 4751 2737 4818 ignorabant
2788 4733 3040 4803 homines
3097 4761 3150 4802 et
3192 4747 3534 4812 antiquitatis
3581 4758 3636 4799 et
3674 4747 4006 4800 litterarum

2411 4843 2597 4905 rudes,
2641 4843 3063 4911 appellationem
3119 4841 3482 4894 recentiorem
3532 4843 3672 4892 hanc
3721 4856 3790 4892 ex
3823 4843 4008 4893 vetrii

2407 4934 2620 4986 Aulone
2653 4931 2870 4985 factam.
2928 4930 3042 4985 Sita
3099 4932 3262 4984 estin
3315 4932 3538 4983 Albania
3571 4931 3655 4983 vel
3689 4930 3899 4997 Epiro,
3947 4949 4010 4982 ex

2412 5026 2642 5079 adverso
2701 5036 2960 5078 extrema:
3009 5023 3155 5076 illius
3198 5039 3308 5075 orm
3361 5021 3523 5074 Italia:
3558 5037 3678 5088 qua:
3707 5023 3766 5073 in
3806 5024 4012 5091 Apulia

2412 5117 2848 5186 promontorium
2913 5115 2970 5167 ὃ.
3021 5113 3204 5167 Maria:
3255 5130 3400 5166 nunc
3450 5113 3652 5174 habet,
3712 5113 4012 5183 Iapygiam

2411 5211 2685 5277 quondam
2711 5208 2913 5259 dictum
2951 5224 2963 5258 :
2994 5206 3082 5259 ubi
3119 5206 3313 5259 civitas
3361 5203 3573 5273 Hydrus
3609 5206 3824 5270 posita,
3866 5207 4012 5260 dun-

2416 5310 2564 5353 taxat
2609 5299 2930 5352 intermedio
2958 5299 3124 5351 maris
3168 5297 3462 5350 Hadriatici
3504 5296 3654 5354 sinu,
3682 5294 3759 5346 60
3807 5299 4014 5348 millia-

2415 5393 2568 5446 ribus
2591 5392 2795 5445 Griecis
2819 5392 2886 5443 ab
2916 5391 3128 5443 Aulone
3156 5389 3510 5458 disjungitur,
3555 5389 3631 5439 uti
3667 5389 3875 5453 capite
3921 5391 4016 5444 151'

2421 5484 2753 5536 notavimus.
2804 5482 3004 5536 Leonis
3065 5481 3295 5547 Augusti
3356 5481 3576 5532 Novella
3643 5477 3711 5531 de
3755 5477 4018 5537 Thronis

2420 5575 2708 5627 Auloniam
2764 5582 3010 5628 rcconset
3086 5573 3228 5625 inter
3288 5572 3639 5639 episcopatus
3702 5577 4016 5642 IIIC‘J‘Opolt

2423 5665 2809 5731 Dyrrhachium:
2849 5665 3118 5725 subditos,
3158 5672 3211 5715 et
3238 5663 3486 5732 proximo
3541 5669 3668 5728 post
3701 5665 4018 5732 epistnpa-

2423 5769 2536 5810 tutu
2591 5757 2911 5809 Glaviuitza:
2980 5759 3061 5807 Vel
3132 5754 3547 5808 Acroceraunia:
3599 5768 4020 5810 conum-inurat

2423 5852 2562 5904 I010.
2589 5850 2859 5902 (Irelernm
2902 5850 2993 5912 qui
3025 5849 3331 5901 Annalibus
3377 5847 3464 5899 hic
3490 5846 3820 5903 anncllatur
3864 5852 4011 5904 Lutsi
