4164 6426
285 380 391 441 913

1447 340 1844 442 PANDECTE
1876 384 1955 442 Ιιί
1972 380 2077 446 ST.
2114 386 2415 447 TUttCIC.

3440 382 3541 449 911

286 494 468 558 hassa,
497 502 811 561 corruptum
856 495 995 563 apud
1030 494 1325 548 historicos
1363 506 1607 557 nostros,
1643 496 1856 551 Jovium
1893 509 1932 555 Α
1971 499 2131 567 tulgo
2186 498 2495 567 Neptunus,
2558 516 2656 551 t'cn
2716 497 2988 554 maximus
3040 498 3318 565 quispiam
3370 476 3538 554 maris

281 596 336 640 et
362 584 518 648 alios,
574 602 769 639 nomen
816 589 977 640 habet
1036 585 1322 641 Lultiheus
1366 601 1460 642 aut
1496 588 1857 658 Luphtibeus.

283 677 622 747 Spandugini
678 680 745 733 de
816 679 919 732 hoc
973 680 1232 734 notabilis
1289 690 1376 734 est
1437 684 1631 743 locus,
1696 698 1857 751 quem

282 772 696 841 interpretando
754 772 908 827 lubet
962 774 1221 827 inserere.
1284 773 1585 840 Sullanus,
1642 775 1858 845 inquit,

284 862 630 917 Soleitnanes
694 861 891 926 Lutsi,
949 878 1214 932 perquam
1277 863 1469 918 humili
1540 865 1859 918 conditione

282 966 432 1020 nato,
469 956 585 1009 suis
623 972 688 1010 ex
724 955 1009 1009 sororibus
1043 972 1205 1010 unam
1239 955 1387 1011 dedit
1424 973 1674 1019 uxorem,
1704 973 1857 1011 eum-

280 1064 389 1117 que
435 1050 670 1118 primum
720 1051 940 1103 bassam
991 1050 1225 1114 creavit,
1253 1067 1282 1105 a
1323 1065 1433 1120 quo
1465 1062 1645 1105 tamen
1678 1050 1857 1105 ofﬁcio

282 1153 429 1192 nunc
458 1137 705 1214 deiectus
737 1150 843 1192 est.
894 1137 1109 1208 Quippe
1161 1154 1285 1193 cum
1326 1154 1466 1193 uxor
1494 1138 1679 1194 mariti
1719 1153 1855 1193 con-

276 1230 501 1284 cubitus
523 1244 645 1283 cum
673 1229 935 1285 masculis
971 1229 1255 1299 tegerrime
1290 1229 1494 1295 ferret,
1538 1245 1715 1299 eoque
1757 1244 1857 1285 no-

279 1325 427 1379 n.ine
487 1338 612 1377 cum
676 1323 797 1393 ipso
873 1322 1272 1392 expostulans,
1332 1321 1850 1376 diceretzfratrem

277 1429 465 1475 suum,
497 1415 779 1469 sultanum
814 1412 1205 1479 Soleimanem,
1239 1412 1319 1467 illi
1355 1428 1414 1467 se
1442 1412 1704 1482 junxisse
1736 1427 1853 1465 ma-

278 1506 562 1570 trimonio,
614 1522 801 1562 secum
851 1506 929 1561 uti
963 1505 1191 1561 cubaret
1222 1524 1235 1559 :
1269 1506 1678 1561 excandescens
1696 1504 1850 1558 Lutsi

276 1602 464 1666 bassa,
520 1601 737 1655 mulieri
787 1601 1084 1671 colaphum
1138 1599 1387 1671 impegit.
1418 1598 1533 1653 Hoc
1562 1598 1653 1652 ubi
1686 1597 1855 1653 resci-

276 1706 395 1747 tum
430 1709 458 1747 a
486 1694 818 1775 Soleimane,
855 1709 1101 1749 sororem
1137 1694 1186 1747 ei
1238 1692 1488 1761 protinus
1521 1691 1749 1758 ademit,
1789 1705 1853 1745 ac

275 1796 502 1856 recepto
530 1787 825 1841 Sultanino
849 1785 1047 1856 sigillo,
1077 1784 1348 1855 dignitate
1373 1784 1617 1854 supremi
1651 1782 1863 1838 veziris

273 1882 556 1935 hominem
617 1883 788 1935 exuit.
824 1878 919 1933 Est
956 1881 1100 1933 enim
1143 1879 1196 1933 in
1226 1892 1378 1933 more
1421 1878 1563 1947 apud
1590 1877 1847 1930 Osmani-

270 1975 396 2038 das,
447 1982 505 2027 ut
561 1973 652 2044 qui
693 1974 1018 2028 auctoritate
1050 1981 1287 2044 quatuor
1350 1970 1495 2025 inter
1546 1970 1743 2024 bassas
1767 1976 1851 2021 est

274 2066 541 2130 maxima,
590 2066 893 2121 vezirazem
951 2065 1068 2119 sive
1124 2077 1421 2134 supremus
1496 2059 1852 2115 consiliarius

275 2161 615 2223 nominetur,
664 2168 717 2211 et
767 2159 819 2211 in
866 2172 1029 2211 tnanu
1072 2172 1169 2212 sua
1233 2155 1474 2225 sigillum
1510 2152 1848 2207 sultaninnm

273 2252 497 2305 habeat.
539 2251 662 2305 lhee
692 2250 1079 2321 Spanduginus
1104 2265 1120 2315 ;
1144 2265 1265 2319 quae
1306 2262 1437 2303 sane
1462 2246 1509 2301 si
1541 2260 1669 2299 vera
1704 2252 1851 2305 sunt,

273 2355 489 2400 utesse
548 2345 819 2410 videntur,
859 2343 1192 2398 conveniens
1249 2342 1410 2395 foedis
1444 2354 1507 2393 ae
1559 2336 1844 2392 dissolutis

274 2439 527 2492 moribus
563 2437 771 2491 homini
818 2436 1005 2490 datum
1050 2450 1249 2489 nomen
1283 2434 1407 2487 fuit.
1444 2433 1657 2501 Quippe
1693 2428 1851 2483 Lutsi

273 2532 466 2600 lingua
499 2530 731 2585 Turcica
767 2529 1043 2598 signiﬁcat
1074 2545 1197 2582 eum
1235 2526 1331 2597 qui
1371 2542 1477 2579 non
1524 2525 1628 2577 nisi
1667 2523 1735 2576 de
1761 2538 1853 2575 ve-

274 2641 409 2679 nere
472 2625 679 2693 cegitat
737 2643 751 2678 :
810 2624 1028 2693 qualem
1090 2622 1316 2677 Graecus
1386 2620 1585 2690 aliquis
1649 2617 1851 2673 dixerit

271 2718 540 2788 ἐρωτικὸν
572 2719 655 2773 vel
685 2718 1035 2788 ἐρωτομανῆ.

551 2854 677 2912 243.
718 2852 1001 2921 Besictasi,
1054 2853 1580 2909 ΔῘΠΛΟΚΙΟΝῙΟΝ.

350 2973 642 3039 Besietasi,
688 2974 841 3027 locus
869 2981 955 3026 est
982 2972 1050 3027 ad
1082 2972 1427 3041 Bosphorum
1461 2969 1762 3024 Thracium
1795 2969 1851 3021 in

276 3067 498 3137 Europa
553 3067 713 3131 situs,
758 3081 866 3133 qua
895 3065 1374 3134 Constantinopoli
1414 3080 1633 3119 sursum
1666 3062 1846 3117 tendi-

276 3170 392 3223 tur,
442 3160 671 3214 adverso
731 3157 997 3228 Bosphori
1072 3156 1261 3223 ﬁuxu,
1318 3172 1512 3211 versus
1571 3171 1635 3209 os
1699 3155 1850 3225 ponti

278 3252 503 3306 Euxini.
559 3251 687 3306 Plus
743 3252 926 3306 minus
979 3261 1215 3321 quatuor
1262 3250 1416 3305 abest
1448 3267 1476 3304 a
1514 3250 1851 3304 Galatamil-

275 3346 512 3399 liaribus
544 3342 769 3410 Grzeeis,
794 3353 888 3398 aut
913 3359 1021 3398 uno
1044 3340 1396 3398 Germanico.
1424 3343 1632 3399 Nomen
1663 3344 1849 3413 lingua
1876 3400 1879 3401 ν

274 3436 509 3491 Tureica
546 3436 781 3506 lapidem
809 3438 927 3491 sive
972 3451 1169 3491 saxum
1202 3452 1494 3501 cunarum,
1532 3437 1848 3506 signiﬁcat:

277 3546 307 3583 a
332 3529 717 3592 distractione,
757 3538 910 3598 puto,
938 3529 1375 3583 Christianorum
1396 3574 1399 3577 ,
1419 3531 1852 3599 mancipiorum,

275 3640 343 3677 ac
407 3634 642 3679 matrum
694 3626 1019 3695 praesertim,
1057 3626 1256 3681 liberos
1307 3627 1471 3682 etiam
1541 3638 1761 3681 teneros
1795 3627 1849 3680 in

277 3717 443 3771 cunis
488 3718 834 3775 habentium.
894 3717 1153 3788 Sepultus
1202 3720 1291 3775 hic
1355 3730 1439 3775 est
1470 3720 1854 3782 Chairadines,

277 3810 375 3878 qui
406 3809 629 3863 messita
658 3824 878 3878 quoque
933 3825 1073 3863 nova
1131 3825 1233 3866 suo
1264 3818 1484 3879 sumptu
1531 3810 1729 3863 ibidem
1763 3826 1855 3863 ex-

276 3911 515 3966 structa,
551 3902 841 3965 nobilitare
865 3901 1044 3955 locum
1072 3910 1125 3957 et
1154 3902 1405 3956 excolere
1441 3902 1636 3955 voluit.
1659 3902 1854 3952 Διπλο-

278 3995 485 4047 κιόνεον
534 3994 738 4049 ϐτιιτοίε
804 3995 963 4049 hodie
1015 3996 1225 4061 vocari,
1292 3996 1493 4063 priscis
1544 3994 1852 4058 .lasonium,

279 4098 529 4143 notatum
556 4089 797 4157 reperies
828 4102 1015 4158 supra,
1059 4089 1237 4157 capite
1267 4088 1393 4143 128.
1428 4087 1545 4142 Hoc
1577 4099 1851 4155 tetnpore,

279 4182 350 4234 de
392 4196 501 4250 quo
538 4182 750 4234 scilicet
780 4180 1020 4234 Annales
1074 4180 1236 4233 modo
1285 4181 1608 4249 loquuntur.
1640 4178 1852 4248 adjecta

278 4274 504 4328 fuerunt
536 4272 861 4343 sonistuc
899 4274 1144 4343 capitum
1176 4272 1645 4336 Christianorum,
1669 4288 1698 4327 e
1720 4272 1856 4325 Cor-

274 4380 413 4433 cyra
446 4364 710 4418 duntaxat
767 4365 822 4417 in
851 4365 1173 4418 servitutem
1193 4363 1570 4432 abreplorum,
1606 4362 1854 4428 cujusvis

273 4472 450 4513 sexus
489 4466 541 4512 et
574 4456 777 4519 aetatis,
811 4456 878 4509 ad
930 4455 1206 4510 sexdecim
1238 4455 1404 4508 millia

274 4552 410 4605 dum
435 4550 623 4603 Jovius
664 4550 941 4603 memoriae
992 4547 1253 4617 prodidit.
1312 4546 1385 4601 De
1443 4546 1742 4601 sultaninis
1801 4555 1855 4600 et

274 4661 472 4701 eorum
514 4645 713 4713 pretio,
746 4644 948 4697 dictum
975 4642 1041 4697 18
1082 4640 1283 4708 capite.

545 4780 673 4834 Ωιι.
711 4777 1136 4847 Carabogdaniaz
1164 4776 1359 4845 ﬂuvius
1401 4775 1588 4829 Berut.

358 4896 431 4949 De
462 4894 873 4965 Carabogdania
909 4893 1134 4948 consule
1178 4902 1341 4961 caput
1386 4891 1473 4945 Ἠ.
1515 4890 1648 4959 Ejus
1678 4892 1855 4945 amnis

274 4999 392 5055 est,
426 5005 586 5058 quem
618 4990 784 5041 Bet'ut
813 4988 1055 5041 Annales
1095 4988 1149 5039 hi
1194 4986 1502 5039 nominant.
1541 4984 1745 5053 Ungari
1775 4992 1857 5035 ta-

274 5100 435 5145 men,
469 5094 524 5136 et
556 5080 801 5145 V'alachi,
845 5081 961 5135 sive
993 5079 1251 5145 Moldavi,
1284 5078 1479 5147 partim
1516 5077 1857 5130 contractius

276 5189 337 5234 et
363 5176 562 5231 durius
592 5175 742 5238 l’rut,
775 5174 972 5242 partim
1022 5172 1183 5242 paulo
1228 5170 1450 5225 mollius
1486 5170 1643 5234 Brut,
1677 5185 1853 5223 enun-

278 5274 451 5325 tiant.

352 5388 483 5442 245.
521 5385 755 5455 Neptuni
791 5384 985 5450 Doriaz,
1008 5385 1130 5437 victi
1161 5401 1190 5435 a
1223 5381 1571 5445 Cltmradine,
1611 5382 1759 5450 fuga.

380 5498 601 5552 Doriam
634 5496 822 5561 Turci,
860 5512 1011 5550 more
1033 5496 1241 5559 Italico,
1264 5498 1659 5565 pronuntiant;
1693 5512 1855 5563 quem

274 5593 479 5651 Jovius
508 5591 648 5644 dixit
688 5590 934 5653 Auriam,
987 5591 1160 5657 magis
1205 5589 1597 5643 consuetudini
1647 5587 1857 5642 Latinae

282 5686 659 5755 respondente
694 5683 983 5745 vocabulo,
1012 5684 1160 5737 velut
1186 5684 1305 5751 ipse
1331 5683 1547 5750 quidem
1577 5683 1860 5736 existima-

280 5782 387 5834 vit.
424 5777 475 5831 Is
498 5787 550 5831 et
602 5792 702 5830 usu
739 5791 920 5829 rerum
981 5760 1115 5828 mari
1168 5774 1549 5843 gerendarum,
1583 5783 1637 5827 et
1683 5774 1858 5827 felici-

282 5882 407 5927 tatc
458 5869 745 5941 singulari,
802 5877 1009 5923 tantam
1071 5867 1298 5936 adeptus
1349 5868 1575 5929 gloriam
1623 5868 1745 5935 fuit,
1802 5878 1860 5922 ut

1879 3202 1923 3259 C

1963 591 2122 654 deus,
2158 594 2553 661 appellaretur.
2589 590 2741 646 llunc
2768 600 2947 647 tamen
2980 608 3007 645 a
3042 590 3377 647 Chairadine
3403 608 3539 661 prae.

1962 681 2035 735 lio
2069 684 2267 749 navali,
2298 693 2351 737 et
2389 685 2599 738 artibus
2652 685 3026 752 imperatoriis
3058 692 3405 755 superatum,
3456 684 3539 737 fu-

1960 774 2135 843 gisse,
2191 790 2298 828 non
2334 776 2620 837 insolenti,
2666 775 2760 829 sed
2803 776 3048 828 modesta
3086 783 3397 828 memorant
3430 774 3540 825 An-

1961 864 2111 918 nales
2151 866 2422 919 oratione.
2487 864 2608 931 Quo
2637 866 3195 920 commendabiliores
3222 866 3381 920 nobis
3412 881 3537 920 esse

1958 957 2177 1021 debent,
2206 959 2281 1012 uti
2329 974 2435 1012 non
2471 958 2535 1012 ad
2567 958 2801 1026 gratiam
2864 974 3121 1023 suorum,
3154 974 3256 1012 nec
3287 959 3351 1011 ad
3390 959 3538 1011 inse-

1958 1050 2254 1103 etationem
2294 1061 2611 1104 nostrorum
2648 1067 2661 1113 ;
2702 1052 2795 1105 sed
2829 1051 2895 1105 ad
2927 1053 3241 1115 veritatem,
3267 1066 3389 1119 quae
3422 1050 3538 1101 ani-

1959 1158 2044 1196 ma
2068 1154 2150 1198 est
2179 1146 2441 1209 historiae,
2482 1144 2698 1213 scripti.
2722 1141 3010 1197 Jovianum
3048 1141 3268 1210 quidem
3311 1141 3533 1209 epipho-

1957 1250 2137 1299 nema,
2168 1250 2277 1304 quo
2311 1235 2512 1290 clausit
2567 1236 2709 1290 hanc
2740 1234 3135 1295 narrationem,
3184 1247 3345 1302 quant
3376 1246 3532 1285 acres

1957 1332 2119 1387 habet
2153 1332 2416 1386 aculeos!
2477 1332 2668 1395 Auria.
2721 1330 2924 1401 inquit,
2966 1328 3102 1383 tanti
3162 1343 3316 1390 usus,
3367 1334 3533 1379 tanta:

1957 1429 2187 1500 peritiae,
2234 1439 2399 1481 tantae
2466 1427 2893 1482 existimationis
2952 1424 3089 1478 mari
3138 1424 3272 1483 dux,
3324 1436 3391 1474 eo
3447 1420 3534 1473 die

1957 1523 2139 1577 nullus
2193 1524 2501 1592 imperator
2542 1522 2785 1577 exstitit.
2850 1519 3013 1587 Atqui
3052 1517 3293 1585 cogitare
3328 1515 3395 1569 de
3444 1514 3534 1565 illo

1955 1617 2125 1670 Veteri
2168 1617 2337 1671 verbo
2393 1616 2635 1670 debebat
2697 1613 2911 1673 Jovius,
2968 1627 3075 1677 quo
3142 1608 3534 1664 Demosthenes

1954 1709 2123 1764 etiam
2167 1708 2404 1778 fugiens,
2431 1724 2735 1763 excusasse
2770 1722 2828 1761 se
2864 1706 3075 1759 fertur:

2135 1822 2303 1892 Ἀνὴρ
2333 1822 2387 1874 δὲ
2420 1822 2638 1890 (φεύγων
2670 1822 2763 1874 καὶ
2799 1820 2961 1872 πάλιν
2992 1818 3321 1887 μαχήσεται.

2238 1918 2341 1981 Qui
2365 1935 2418 1971 se
2449 1916 2588 1987 [ugw
2615 1918 2727 1979 dat,
2755 1915 3031 1967 dimicabit
3061 1912 3251 1963 denuo.

1954 2037 2063 2093 Nec
2123 2038 2461 2105 ineleganter
2521 2033 2747 2088 Alexius
2797 2029 3042 2098 Angelus
3097 2029 3421 2095 imperator,
3476 2030 3532 2074 ut

1956 2131 2098 2203 apud
2132 2130 2357 2185 Graeciae
2388 2135 2678 2198 praetorem
2719 2132 2971 2178 nostrum
3017 2120 3298 2175 memoria:
3345 2115 3534 2185 prodi-

1955 2235 2068 2281 tum
2096 2224 2317 2293 legitur,
2363 2235 2489 2275 cum
2517 2217 2747 2288 perditis
2785 2216 2949 2271 rebus
2984 2229 3088 2267 non
3113 2211 3277 2265 modo
3303 2210 3531 2270 frustra,

1955 2318 2045 2371 sed
2075 2317 2238 2369 etiam
2269 2328 2392 2367 cum
2423 2310 2670 2379 periculo
2698 2323 2757 2362 se
2798 2307 3005 2362 diutius
3064 2306 3341 2358 ltzesurum
3391 2300 3534 2355 Cou-

1954 2404 2315 2473 stautinopoli
2349 2400 2842 2463 animadverteret,
2879 2397 3137 2451 omnibus
3171 2395 3357 2447 valere
3408 2393 3533 2460 jus-

1955 2500 2049 2563 sis,
2083 2510 2134 2553 et
2163 2504 2379 2567 arrepta
2418 2505 2635 2564 sponte,
2661 2493 2891 2554 nolenti,
2918 2500 3100 2543 tamen
3141 2489 3344 2551 animo,
3382 2486 3530 2552 fuga,

1957 2593 2214 2646 Davidem
2239 2604 2460 2660 quoque
2490 2587 2631 2641 dixit
2672 2585 2944 2641 benelicio
2982 2583 3121 2653 fugze
3170 2580 3335 2636 saluti
3370 2588 3533 2645 atque

1957 2682 2324 2738 incolumitati
2396 2696 2511 2735 sua:
2553 2678 2937 2734 consuluisse.
2977 2675 3093 2728 Non
3150 2674 3334 2727 minus
3384 2679 3535 2725 certe

1957 2777 2136 2847 magni
2164 2785 2217 2829 et
2253 2774 2521 2845 sapientis
2554 2784 2637 2827 est
2687 2771 3063 2841 imperatoris.
3120 2782 3393 2822 summam
3451 2780 3533 2817 re-

1956 2886 2075 2924 rum
2114 2871 2339 2924 incertm
2371 2868 2561 2922 Martis
2595 2867 2725 2920 aleae
2770 2881 2879 2919 non
2911 2872 3117 2917 temere
3145 2860 3532 2919 committere;

1955 2979 2117 3033 quam
2153 2979 2415 3035 prospere
2443 2961 2768 3017 cedentibus
2805 2958 3085 3023 omnibus,
3144 2954 3371 3009 victoria
3400 2967 3534 3021 pru-

1954 3058 2149 3114 denter
2184 3057 2285 3113 uti.

2109 3173 2239 3228 246.
2267 3171 2683 3226 Publicmtorttm
2704 3182 2887 3221 carcer
2908 3164 3395 3230 Coustantinopoli.

2029 3288 2227 3342 Vendit
2278 3286 2466 3339 omnia
2516 3299 2615 3352 per
2646 3280 2942 3347 imperium
2981 3293 3144 3333 suum
3182 3276 3385 3330 telonia
3422 3291 3536 3327 ma-

1961 3386 2108 3440 ximo
2134 3384 2329 3454 pretio,
2356 3382 2439 3435 vel
2472 3394 2701 3449 paucos,
2738 3378 2821 3431 vel
2865 3377 3053 3445 plures
3093 3374 3145 3428 iu
3193 3387 3368 3427 annos
3418 3373 3535 3425 sul-

1960 3488 2123 3533 tanus
2175 3474 2648 3537 Osmanidarum;
2711 3469 2946 3538 ideoque
2970 3468 3016 3522 si
3062 3466 3299 3535 majores
3363 3464 3533 3531 aliqui

1959 3574 2201 3642 pecunia:
2231 3583 2478 3625 summas
2514 3567 2563 3621 ei
2596 3563 2953 3633 vectigalium
2987 3560 3210 3615 nomine
3234 3558 3535 3629 pollicean-

1960 3673 2069 3727 tur,
2100 3678 2262 3732 quam
2297 3675 2489 3729 reapse
2516 3658 2782 3727 deinceps
2826 3654 3093 3709 exhibere
3145 3651 3363 3721 possint
3414 3669 3428 3703 :
3481 3649 3534 3702 iu

1958 3769 2260 3817 carcerem,
2296 3753 2465 3806 veluti
2495 3751 2588 3822 qui
2638 3765 2746 3803 non
2810 3747 3075 3803 solvendo
3110 3746 3243 3808 sint,
3275 3756 3330 3800 et
3382 3743 3537 3797 frau-

1963 3849 2085 3903 dem
2120 3847 2338 3900 sultano
2391 3843 2576 3898 facere
2624 3838 2916 3903 voluerint,
2974 3837 3373 3905 conjiciuntur.
3439 3834 3537 3887 llic

1957 3954 2149 3994 career
2181 3937 2609 4007 publicanorum
2672 3930 3151 3999 Constantinopoli
3198 3929 3424 3983 dicitur.
3474 3928 3537 3980 Et

1957 4039 2085 4084 sunt
2133 4029 2186 4082 in
2225 4030 2487 4082 universo
2552 4023 2978 4078 Osmanidarum
3028 4034 3200 4089 regno
3256 4020 3533 4089 publicani

1958 4125 2075 4179 fere
2120 4120 2317 4186 Judaei,
2364 4135 2500 4187 gens
2531 4116 2925 4171 exactionibus
2974 4123 3027 4167 ct
3071 4113 3258 4168 usuris
3305 4111 3534 4166 nimium

1959 4226 2225 4286 quantum
2286 4227 2453 4280 supra
2511 4209 2774 4264 mortales
2839 4216 3073 4262 czeteros
3118 4206 3347 4261 dedita:
3412 4220 3533 4258 cum

1959 4309 2060 4379 ipsi
2099 4307 2264 4362 etiam
2306 4304 2471 4359 Turei
2493 4304 2575 4356 vel
2610 4301 2969 4364 Musulmani,
3003 4300 3167 4368 paulo
3216 4298 3535 4354 sincerioris

1963 4403 2211 4456 homines
2247 4396 2625 4458 conscientiae,
2652 4397 2828 4449 nolint
2854 4394 3044 4448 audire
3068 4393 3345 4462 publicani
3381 4411 3391 4444 :
3424 4408 3532 4445 non

1447 4474 1460 4508 :
1495 4455 1851 4556 ‘i“"".'a,“"‘°'
1885 4485 1929 4539 Ῑ)
1961 4498 2140 4555 aliter,
2171 4508 2236 4546 ac
2272 4494 2316 4546 si
2352 4507 2476 4544 cum
2532 4490 2758 4544 infamia
2813 4487 3113 4556 coniuncto
3142 4500 3367 4555 propter
3396 4486 3534 4537 alio-

1964 4603 2087 4642 rum
2124 4586 2425 4654 nequitiam
2485 4582 2731 4646 nomine,
2770 4582 2947 4634 virum
2998 4580 3204 4632 bonum
3273 4578 3534 4647 appellari

1963 4680 2119 4733 nelas
2180 4680 2290 4743 sit,
2354 4677 2570 4732 etiamsi
2638 4684 2838 4746 praeter
2899 4673 3142 4730 ofﬁcium
3214 4674 3349 4726 nihil
3422 4673 3537 4740 ipse

1960 4773 2144 4827 faciat.

1987 4887 2113 4940 247.
2166 4884 2362 4939 Ontum
2398 4884 2600 4952 Capisi,
2661 4884 2984 4954 Xyloporla,
3039 4882 3202 4936 Porta
3254 4886 3505 4955 lignatio,

2523 4956 2933 5009 Caravanserai.

2030 5048 2387 5103 Ostendimus
2440 5064 2631 5117 supra,
2669 5049 2847 5116 capite
2878 5048 3007 5109 200,
3078 5065 3201 5117 qua:
3251 5058 3406 5117 porta
3461 5051 3531 5101 sit

1965 5142 2077 5195 hree
2125 5143 2380 5209 lignaria,
2424 5141 2685 5194 videlicet
2734 5141 2799 5193 ad
2866 5156 3029 5207 quam
3089 5143 3303 5207 navigia
3375 5142 3540 5208 lignis

1961 5244 2186 5288 onerata
2222 5235 2397 5287 solent
2443 5234 2719 5303 appellere
2758 5253 2769 5287 :
2811 5234 3123 5302 Graecisque
3147 5235 3350 5288 dictum
3382 5236 3539 5299 ξυλο-

1962 5329 2192 5395 πόρταν,
2234 5327 2301 5378 ob
2364 5326 2555 5379 iisdem
2614 5326 2777 5394 lignis
2839 5340 2957 5393 quze
3010 5326 3117 5378 hue
3157 5327 3537 5387 advehuntur,

1965 5436 2069 5471 non
2103 5418 2247 5487 quod
2282 5418 2397 5486 ipsa
2434 5418 2611 5487 lignea
2660 5418 2752 5479 sit,
2794 5417 3259 5487 quemadmodum
3297 5418 3535 5473 credidit

1964 5519 2196 5578 uterque
2221 5507 2683 5577 Chalcocondylis
2750 5508 3044 5579 interpres.
3086 5506 3161 5564 De
3196 5525 3329 5563 Voce
3373 5511 3538 5563 Cara-

1964 5600 2241 5665 vanserai,
2268 5602 2472 5653 dictum
2504 5601 2685 5669 eapite
2719 5600 2806 5665 14,
2845 5602 3144 5671 signiﬁcari
3178 5604 3389 5656 scilicet
3414 5604 3537 5664 hac,

1966 5693 2195 5745 aediﬁcia
2245 5694 2532 5746 caravanis
2569 5703 2876 5749 exstructa.
2907 5694 3225 5750 Caravanas
3262 5711 3391 5748 vero
3420 5710 3540 5747 mo-

1971 5800 2026 5837 re
2073 5782 2312 5836 Turcico
2352 5800 2409 5837 se
2467 5785 2919 5855 conjungentium
2979 5803 3099 5841 esse
3137 5787 3381 5855 agmina,
3412 5801 3539 5841 cum

1967 5872 2081 5925 loca
2140 5872 2318 5926 minus
2380 5890 2410 5925 a
2433 5874 2739 5933 latrociniis
2773 5887 2885 5932 tuta
2921 5877 3261 5948 peragranda
3295 5889 3444 5933 sunt.
3485 5879 3547 5931 In
