4164 6426
711 319 816 384 915

1908 320 2149 378 JOANN
2167 320 2237 377 lS
2262 319 2720 377 LEL’NCLAVII

3844 318 3944 378 913'

717 440 828 490 lmc
859 453 990 504 ergo
1022 438 1466 497 caravansaraia,
1498 452 1615 504 quae
1647 437 1986 504 amplissima
2029 437 2273 504 plerum-
2302 440 2353 491 Α
2381 434 2536 496 varii,
2577 432 2907 497 funambuli,
2941 434 3270 494 luctatores,
3302 432 3623 491 saltatores,
3679 433 3776 483 alii
3825 448 3952 499 pro-

716 545 820 596 que
846 538 992 590 sunt,
1027 528 1298 581 divertere
1326 544 1452 579 cum
1497 530 1676 595 equis.
1708 529 1970 595 jumentls
2007 540 2278 596 saginata-

717 623 834 678 iiis.
877 620 1060 681 mulis,
1098 632 1150 672 et
1175 621 1419 679 camelis,
1463 622 1542 672 hx
1563 635 1846 670 earavauae
1870 621 2071 672 solent.
2113 617 2276 670 Vasta

717 724 845 766 sunt
900 713 1152 774 :edilieia,
1186 711 1651 776 quemadmodum
1689 711 2036 779 Busbequius
2073 711 2278 764 descri-

719 807 854 868 psit,
910 807 1190 870 aliquanto
1245 805 1511 871 longiora,
1573 820 1736 870 quam
1790 805 2004 865 latiora,
2052 811 2279 855 cmteroo

717 898 806 964 qui
844 899 1161 963 quadratam
1215 898 1278 947 ad
1320 897 1548 947 formam
1582 897 1919 960 aCCedentia;
1947 911 2181 963 quorum
2226 895 2281 947 in

721 991 896 1041 niedio
931 995 1077 1055 patet
1109 1003 1233 1042 area
1302 989 1571 1055 ponendis
1635 989 1866 1041 sarcinis
1921 996 1974 1041 et
2032 988 2279 1047 camelis,

723 1082 904 1142 mulis,
935 1082 1220 1148 carrisque
1245 1081 1605 1134 collocandis.
1639 1080 1789 1133 llanc
1811 1096 1994 1133 aream
2045 1080 2286 1146 plerum-

721 1191 824 1240 que
851 1174 1208 1227 circumcirm
1255 1190 1446 1228 murus
1475 1175 1648 1226 ambit
1689 1174 1946 1236 interius,
2010 1186 2124 1227 tres
2161 1173 2285 1240 plus

726 1261 901 1313 minus
934 1262 1100 1328 pedes
1132 1262 1314 1323 altus;
1346 1263 1648 1333 parietibus
1702 1264 1812 1317 illis
1867 1276 2128 1328 quatuor,
2161 1265 2288 1329 qui-

726 1353 826 1404 bus
860 1361 1034 1403 totum
1067 1351 1361 1404 :edilicium
1415 1353 1716 1419 clauditur,
1784 1356 2099 1423 adjunctus.
2161 1355 2290 1421 Ejus

727 1441 864 1491 muri
896 1442 1214 1508 superficies
1249 1456 1398 1508 aqua
1437 1451 1539 1504 est,
1569 1452 1824 1510 patetque
1857 1444 1911 1495 in
1944 1442 2288 1496 latitudinem

731 1533 892 1594 pedes
942 1542 1202 1597 quatuor.
1245 1533 1344 1586 llic
1403 1535 1710 1587 'l'urcorum
1749 1534 1950 1587 cubilia
2011 1543 2162 1596 sunt,
2203 1533 2292 1587 hic

727 1624 1033 1686 ι-ιιτιιερυιθ,
1066 1625 1150 1676 hic
1189 1640 1301 1676 rem
1329 1625 1628 1692 expediunt
1676 1627 2020 1680 eulinariam.
2059 1627 2191 1680 Nam
2229 1627 2292 1680 ad

735 1712 988 1775 patieles,
1026 1713 1226 1782 quibus
1267 1725 1438 1768 totum
1490 1715 1779 1768 :rdificium
1813 1717 2148 1780 continetur,
2185 1717 2290 1772 foci

2385 529 2675 593 petundum
2713 527 3164 578 innumerabiles.
3224 525 3348 579 Ideo
3395 525 3671 578 Laonirus
3721 526 3950 592 inquit:

2383 620 2742 672 HiBCIUdiCTI
2792 619 2914 685 quis
2964 619 3213 686 quotidie
3249 629 3438 671 cernat
3487 619 3540 670 in
3601 616 3746 679 foro,
3811 620 3950 683 quod

2384 708 2658 762 Tartalern
2733 721 2950 761 vocant.

3028 707 3289 776 Sequitur
3355 708 3555 762 ibidem
3628 709 3952 760 vocabulum

2387 802 2724 867 Tampezim,
2749 817 2860 871 quo
2889 801 3184 854 nonnullos
3213 815 3278 853 ex
3312 801 3400 853 bis
3421 801 3497 854 ait
3531 803 3824 868 appellari.
3859 800 3954 852 Ne-

2388 897 2587 948 minem
2648 897 2751 950 hoc
2815 895 3131 948 declarasse
3185 895 3430 947 arbitror
3480 895 3772 956 hactenus,
3835 909 3952 945 cum

2389 989 2689 1042 barbarum
2713 989 2805 1047 sit,
2840 997 2894 1040 et
2926 987 3197 1054 ignotum,
3231 985 3374 1037 addo
3403 985 3568 1038 etiam
3606 996 3952 1049 corruptum.

2389 1081 2602 1148 Quippe
2634 1094 2744 1132 non
2798 1079 3115 1147 Tampezim
3166 1075 3334 1130 Turci
3394 1076 3604 1140 dicunt,
3641 1077 3738 1130 sed
3780 1076 3954 1128 Ziam-

2389 1189 2510 1242 pas,
2539 1188 2663 1242 qua
2693 1171 2908 1225 duabus
2942 1172 3170 1240 syllabis
3220 1187 3325 1223 vox
3368 1170 3714 1224 enuntiatur.
3785 1167 3956 1234 Signi-

2393 1268 2516 1318 ficat
2546 1276 2727 1318 autem
2771 1264 3150 1331 σχοινοεὰτας,
3186 1273 3243 1316 ut
3266 1263 3442 1318 Graeci
3475 1270 3694 1323 vocant,
3738 1263 3832 1330 qui
3869 1259 3958 1311 La-

2393 1359 2522 1412 tinis
2555 1357 2856 1410 funambuli
2898 1365 3052 1410 sunt.
3082 1356 3164 1407 Ad
3222 1369 3396 1407 unum
3432 1353 3599 1421 hujus
3631 1367 3776 1405 area:
3821 1352 3959 1404 latus

2395 1451 2663 1516 incipiunt
2723 1451 2941 1502 illorum
3013 1449 3278 1508 taberna‘,
3329 1446 3419 1513 qui
3466 1443 3723 1498 Persicas
3787 1442 3960 1510 operis

2392 1541 2734 1605 excellentis,
2760 1553 2815 1596 et
2855 1541 3120 1596 Turcicas
3169 1542 3357 1594 itidem
3425 1541 3624 1609 pictas,
3655 1539 3880 1593 Graecas
3911 1550 3961 1590 et

2396 1631 2534 1684 alias
2564 1632 2767 1686 coloris
2802 1633 2943 1687 nivei
3008 1632 3401 1701 laevigatasque
3435 1631 3655 1685 chartas
3703 1631 3962 1683 vendunt.

2397 1721 2634 1791 Ideoque
2664 1721 2870 1778 Graecis
2928 1723 3043 1777 [nec
3076 1725 3487 1792 χαρτοπρατεῖα.
3522 1724 3808 1777 dicuntur.
3877 1720 3964 1774 llis

731 1801 1042 1869 frequentes
1086 1820 1210 1857 cum
1247 1805 1496 1859 fumariis
1524 1807 1604 1858 Vel
1630 1807 1975 1862 infumibulis
1998 1817 2126 1863 sunt
2155 1809 2292 1862 inm-
2327 1783 2368 1839 Β
2401 1830 2431 1868 a
2467 1825 2620 1883 [ergo
2647 1814 2935 1885 proximus
2967 1825 3048 1868 est
3084 1816 3242 1869 vicus
3270 1815 3572 1875 fabrorum,
3613 1831 3677 1867 ex
3707 1830 3820 1868 agre
3849 1827 3964 1863 vasa

729 1896 953 1948 dilicati.
984 1896 1237 1964 llospites
1291 1898 1391 1966 ipsi
1422 1899 1567 1952 nulla
1617 1916 1674 1953 re
1725 1915 1751 1952 a
1799 1901 2047 1963 camelis,
2109 1901 2294 1967 mulis,

728 1989 881 2054 i'qtlis
911 1990 1012 2042 alia
1055 1991 1290 2053 sejuncti
1337 2003 1487 2055 sunt.
1527 2008 1692 2060 quam
1743 1994 1863 2062 ejus
1904 1995 2045 2047 muri
2088 1997 2294 2064 spatio.

727 2083 985 2144 Quinimo
1046 2085 1110 2139 ad
1184 2086 1322 2138 muri
1393 2087 1584 2155 pedem
1677 2089 1748 2142 ita
1812 2090 2014 2156 ligatos
2097 2089 2299 2144 habent

726 2192 915 2244 equos,
965 2185 1022 2228 ut
1089 2180 1267 2246 capite
1316 2193 1378 2231 ac
1429 2187 1540 2233 tota
1598 2182 1813 2236 cervice
1871 2198 2034 2250 supra
2082 2199 2297 2236 murum

728 2271 1032 2332 emineant,
1067 2270 1420 2340 dominisque
1449 2288 1506 2326 se
1540 2272 1958 2328 calfacientibus
2009 2285 2101 2326 aut
2133 2275 2296 2328 etiam

730 2361 1076 2414 imitantibus
1125 2369 1334 2423 astent,
1401 2361 1548 2415 velut
1586 2362 1869 2425 ministri;
1926 2372 1979 2416 et
2030 2360 2298 2414 interdum

733 2469 951 2512 panem.
1004 2454 1086 2505 vel
1126 2454 1351 2517 tualum,
1415 2455 1531 2507 sive
1577 2456 1707 2523 quid
1766 2455 1939 2518 aliud,
2001 2457 2068 2508 de
2131 2470 2296 2507 manu

733 2561 922 2595 eorum
955 2546 1195 2608 tapiaut.
1227 2545 1282 2597 In
1315 2545 1507 2598 eodem
1561 2563 1719 2598 tnuru
1777 2548 1951 2604 lectos
2002 2551 2104 2604 sibi
2157 2561 2299 2605 ster-

736 2649 892 2693 nunt.
953 2639 1209 2706 Tapetem
1249 2641 1300 2693 in
1354 2641 1544 2707 primis
1597 2642 1894 2709 explicant,
1942 2659 2105 2711 quem
2139 2659 2200 2695 ea
2237 2642 2304 2696 de

734 2748 900 2784 causa
942 2732 1210 2799 ephippiis
1256 2742 1499 2800 aptatum
1546 2733 1658 2786 fere
1690 2733 2110 2788 circumferunt.
2165 2733 2304 2787 Huic

738 2822 995 2887 injiciunt
1054 2823 1211 2888 vulgo
1271 2823 1566 2888 penulam,
1636 2824 1862 2877 ditiores
1935 2823 2301 2890 Valentinam,

737 2928 899 2978 quam
929 2922 1161 2973 \‘nCﬂtli;
1193 2928 1319 2979 qua:
1353 2913 1608 2966 mollibus
1632 2930 1658 2962 e
1692 2915 1814 2981 pilis
1835 2924 2087 2968 contexta
2115 2916 2301 2968 candi-

741 3005 940 3070 daque,
992 3003 1368 3056 Iintt-amiuum
1431 3005 1550 3057 loco
1603 3005 1733 3058 mihi
1786 3007 2003 3075 quidem
2061 3009 2302 3077 ipsorum

2401 1908 2608 1975 quaevis
2657 1907 3088 1969 elaborantium,
3149 1906 3244 1974 qui
3324 1907 3428 1960 hoc
3480 1905 3780 1958 Annalium
3857 1904 3968 1955 loco

2403 2009 2760 2054 memoratur.
2789 1995 2838 2053 Is
2877 2000 3031 2053 vicus
3059 1997 3111 2051 iu
3153 1997 3404 2053 historiis
3431 1997 3750 2051 Graecorum
3790 2011 3968 2048 recen-

2401 2094 2638 2147 tioribus
2663 2091 2888 2148 Cedrini
2925 2101 2979 2146 et
3001 2093 3240 2147 aliorum
3273 2091 3691 2154 celeberrimus,
3724 2089 3967 2142 nomina-

2403 2197 2488 2239 tur
2521 2185 2966 2253 Χαλκοπριτεῖα,
3037 2184 3298 2237 nimirum
3335 2199 3362 2235 a
3400 2183 3765 2238 distractione
3825 2197 3971 2234 vatio-

2404 2295 2523 2333 rum
2556 2295 2619 2332 ex
2647 2293 2753 2332 :rre
2785 2279 3080 2331 factorum.
3126 2279 3309 2332 Locus
3345 2278 3582 2346 insignis
3616 2287 3704 2332 est
3756 2278 3969 2332 Cedrini

2402 2373 2470 2427 de
2510 2371 2918 2439 Chalcopratiis
2951 2371 3004 2424 in
3047 2369 3362 2425 Theodosio
3395 2371 3629 2439 majore,
3661 2381 3826 2437 puto.
3864 2368 3970 2419 Vici

2404 2481 2626 2536 quoque
2681 2464 2938 2524 vitriarii,
2995 2462 3410 2531 Clia|c0pratiis
3466 2464 3727 2531 proximi,
3778 2463 3838 2515 tit
3895 2463 3975 2513 hic

2408 2559 2654 2618 n'entio:
2691 2572 2802 2626 quo
2849 2556 3092 2608 tabernue
3125 2555 3518 2616 vitriariorum,
3562 2564 3621 2605 ut
3658 2553 3791 2605 olim
3827 2562 3976 2605 erant

2405 2651 2460 2703 in
2519 2649 2652 2702 urbe
2716 2647 3198 2707 Constantiniana,
3235 2645 3437 2698 veteris
3495 2645 3560 2698 ad
3620 2645 3977 2697 imitationem

2408 2743 2612 2801 Romae,
2648 2739 2728 2794 sic
2755 2741 2919 2792 etiam
2947 2739 3108 2791 hodie
3141 2738 3582 2804 constriciuntur.
3617 2737 3881 2788 Diversus
3912 2747 3982 2785 ta-

2410 2851 2530 2887 men
2587 2832 2673 2884 hic
2708 2833 2861 2885 vicus
2895 2841 2977 2884 est
3015 2830 3084 2883 ab
3132 2829 3224 2882 illa
3269 2829 3642 2880 vitriariorum
3697 2839 3882 2896 porta,
3921 2826 3982 2880 de

2411 2943 2515 2995 qua
2559 2927 2766 2979 dictum
2813 2924 3096 2991 superius,
3159 2922 3339 2990 capite
3385 2921 3514 2974 200.
3547 2921 3618 2974 De
3669 2931 3833 2991 porta
3887 2920 3980 2972 fori

2411 3017 2654 3084 pisearii,
2684 3032 2803 3083 qua:
2834 3015 3174 3067 Bnlut-bazar
3207 3013 3378 3080 capisi
3415 3011 3611 3065 Turcis
3665 3024 3778 3073 est,
3829 3028 3986 3078 expo-

740 3095 989 3162 ett-mplo
1066 3094 1186 3147 fuit.
1255 3094 1500 3148 Cervical
1545 3095 1704 3164 502
1785 3098 1985 3164 praebet
2034 3100 2308 3168 equestris
2336 3119 2378 3178 α
2414 3107 2579 3160 situm
2607 3106 2799 3160 eodem
2838 3107 3016 3173 capite
3038 3106 3176 3170 9.00;
3202 3106 3344 3158 sicut
3371 3115 3422 3158 et
3449 3105 3513 3158 de
3544 3116 3701 3172 porta
3741 3104 3983 3160 ilebra-a.

740 3189 892 3240 sella.
923 3186 1085 3240 Veste
1120 3188 1301 3249 talari,
1345 3188 1584 3256 pellibus
1611 3188 1855 3251 suffulta,
1897 3207 2001 3259 qua
2053 3192 2304 3245 vcstiun-

741 3291 826 3332 tur
879 3280 1138 3342 interdiu,
1191 3289 1449 3346 teguutur
1513 3290 1699 3334 noctu.
1752 3282 1842 3334 Sic
1888 3283 2159 3336 'somnum
2217 3299 2308 3337 ca-

741 3373 916 3438 piunt,
952 3374 1117 3426 nullis
1150 3373 1495 3434 lacessitum,
1539 3383 1694 3426 extra
1730 3375 2035 3428 naturalem
2085 3374 2309 3441 jumen-

740 3480 918 3517 torum
961 3465 1338 3518 mandentium
1375 3465 1689 3534 strepitum,
1725 3465 2134 3521 blandimentis.
2161 3466 2311 3536 Ipso-

743 3575 860 3610 ruzu
943 3558 1291 3621 saraiorum,
1352 3574 1449 3626 pro
1511 3558 1800 3612 caravanis
1880 3550 2310 3625 exstructoi‘um,

739 3661 880 3703 tet-ta
911 3652 1228 3718 plerumque
1265 3650 1516 3718 plumbea
1553 3661 1703 3705 sunt.

740 3767 848 3820 ‘253
904 3767 1036 3818 Area
1070 3766 1143 3817 rel
1169 3768 1340 3832 forum
1374 3764 1592 3818 Tac/ita!
1623 3764 1775 3830 Cala,
1803 3765 2122 3832 Tampeaim.
2153 3767 2320 3822 Chal-

813 3837 1112 3903 cocondylis
1142 3837 1285 3886 lorus
1334 3836 1640 3903 emendatus
1672 3846 1718 3886 et
1772 3839 2059 3903 expositus.
2092 3837 2316 3892 Cftalco-

811 3902 1018 3973 pratia,
1043 3905 1445 3971 Churtopratia,
1485 3902 1638 3958 Vicus
1675 3902 1978 3961 vitriarius.

812 4024 1029 4079 Areaui,
1059 4036 1179 4088 quae
1237 4019 1465 4072 Taclital
1513 4018 1639 4074 Cala
1665 4019 1999 4086 nominatur,
2044 4021 2315 4078 Laouieus

746 4116 797 4165 iu
827 4124 1019 4166 octavo
1046 4112 1217 4168 forum
1254 4110 1569 4178 appellavit,
1614 4121 1667 4163 ct
1697 4110 1978 4165 Tactalcm
2011 4113 2194 4166 vocari
2219 4115 2316 4168 ad-

746 4207 899 4259 didit.
951 4205 1103 4272 Apud
1171 4206 1473 4255 actuarium
1522 4202 1945 4257 Malatestanum
2026 4204 2315 4261 Tectalaca

747 4298 1027 4350 scribitur.
1081 4295 1184 4347 Pro
1211 4296 1338 4347 ilius
1389 4293 1639 4355 Tactale,
1671 4295 1838 4362 hujus
1882 4293 2192 4362 Tectalaca,
2228 4313 2310 4352 re-

750 4405 890 4457 pnte
940 4388 1165 4440 'l'aelttal
1209 4389 1367 4450 eala;
1405 4404 1525 4458 qua:
1550 4403 1714 4441 voces
1760 4386 2008 4442 Turcica:
2067 4401 2220 4454 sunt,
2266 4401 2320 4442 et

2410 3199 2606 3254 Turcis
2646 3199 2950 3252 Schifutlar
2995 3199 3193 3265 capisi.
3254 3197 3386 3250 Sitie
3440 3213 3571 3250 vero
3606 3209 3766 3250 extra
3805 3211 3988 3249 muros

2408 3292 2559 3346 urbis
2582 3308 2609 3343 a
2635 3290 2753 3344 foro
2787 3291 3024 3359 piscaria
3054 3290 3224 3350 aedes,
3255 3289 3308 3342 in
3346 3289 3526 3342 littore
3559 3290 3760 3352 maris,
3793 3289 3988 3341 intelli-

2414 3396 2618 3452 guntur
2653 3383 2757 3436 illa:
2786 3398 2909 3450 qua:
2968 3382 3144 3435 muris
3211 3381 3440 3434 urbanis
3496 3381 3879 3434 excluduntur
3932 3382 3989 3432 ab

2412 3476 2571 3536 urbe,
2621 3479 2922 3529 secundum
2989 3475 3143 3527 littus
3193 3473 3435 3526 Ceratini
3475 3474 3628 3527 sinus
3673 3485 3990 3531 exstrucue,

2414 3585 2611 3623 versus
2675 3568 3134 3638 septentrionem,
3171 3565 3224 3618 id
3253 3575 3361 3629 est,
3409 3582 3438 3619 e
3486 3566 3710 3633 regione
3741 3563 3991 3618 Galataui

2415 3661 2642 3716 littoris.

2619 3752 2742 3806 249.
2785 3753 2930 3805 Nova
2955 3750 3257 3805 Cairadiuis
3284 3750 3536 3815 auspiciis
3566 3758 3792 3814 receptu.

2486 3840 2634 3896 Nova
2685 3840 2884 3895 Turcis
2941 3851 3048 3904 est,
3081 3857 3244 3908 quam
3276 3839 3576 3894 Castellum
3628 3854 3837 3891 novum
3901 3856 3994 3892 no-

2419 3936 2516 3988 stri
2542 3943 2761 3994 vocant,
2797 3935 2848 3986 in
2878 3931 3163 3985 Dalmatia:
3192 3933 3358 3984 situm
3386 3931 3608 3984 ﬁnibus.
3633 3930 3689 3983 ld
3724 3932 3994 3996 auspiciis

2421 4023 2606 4077 Karuli
2637 4023 2676 4076 V
2713 4023 2944 4092 Augusti
3001 4036 3279 4091 receptum
3301 4021 3512 4074 fuerat.
3540 4021 3688 4086 Quos
3720 4021 3847 4086 ejus
3884 4037 3999 4088 pro-

2421 4117 2614 4170 vincia:
2663 4117 2951 4183 sangiacos
3005 4115 3072 4168 ad
3133 4114 3477 4169 obsidionem
3540 4115 3677 4167 haue
3731 4125 3998 4168 evocatos

2422 4210 2597 4264 fuisse
2652 4209 2873 4262 tradttnt
2913 4209 3176 4269 Annales,
3234 4207 3301 4260 de
3369 4208 3650 4284 provincia
3707 4205 3999 4260 Bozinensn

2424 4305 2679 4372 accipito,
2706 4302 2883 4371 deque
2925 4300 3204 4369 prmfectts
3231 4301 3361 4354 huic
3395 4318 3410 4353 :
3437 4317 3674 4369 quorum
3729 4302 3997 4368 princeps

2423 4397 2475 4450 id
2517 4397 2779 4465 temporis
2846 4405 2964 4448 erat
3014 4393 3240 4448 Ultimas
3294 4393 3386 4445 ille
3433 4391 3596 4446 Persa
3650 4392 3717 4444 de
3764 4409 3883 4456 quo
3930 4397 4004 4442 tt:-

753 4497 933 4535 aream
990 4481 1250 4532 tabernas
1334 4480 1544 4542 ligneas
1624 4480 1914 4532 habentem
1981 4479 2314 4545 signiﬁcant.
2353 4464 2394 4517 D
2425 4496 2572 4541 ctum
2607 4464 2788 4554 capite
2822 4482 2949 4536 231.
2981 4479 3308 4535 Translatus
3331 4481 3474 4534 enim
3504 4479 3679 4533 fuerat
3704 4494 3733 4530 a
3766 4477 4002 4533 Persicis

748 4575 958 4641 Quippe
983 4573 1111 4625 Cala
1146 4573 1378 4625 denotat
1422 4571 1763 4624 tabernulam
1802 4573 1880 4624 vel
1939 4571 2317 4636 tentoriolum,

749 4677 802 4718 et
827 4665 1052 4718 Taehtal
1097 4681 1310 4717 asseres
1344 4671 1474 4717 sunt
1507 4681 1518 4716 :
1563 4675 1619 4714 ut
1646 4663 2026 4731 intelligantur
2077 4680 2141 4717 ex
2177 4679 2320 4717 asse-

751 4763 904 4812 ribus
933 4760 1095 4811 factze
1137 4757 1461 4808 tabernula’.
1507 4755 1631 4808 llzre
1668 4772 1792 4808 area
1829 4755 1944 4808 fere
1975 4755 2126 4808 urbis
2151 4765 2235 4808 est
2268 4756 2318 4807 in

753 4853 1081 4913 meditullio,
1115 4867 1221 4903 non
1253 4850 1440 4917 procul
1484 4851 1550 4902 ab
1595 4848 1934 4910 l'lsliisaraio,
1967 4849 2048 4901 vel
2088 4864 2116 4899 a
2141 4847 2322 4900 saraio

751 4945 916 4997 \eteri
950 4945 1393 4995 muliercularum
1456 4942 1683 5002 Sullani,
1733 4942 1799 4994 de
1841 4956 1950 5008 quo
1978 4940 2157 5008 capite
2200 4940 2321 4994 139.

753 5036 846 5089 ι’ἰςι
877 5036 1063 5088 eadem
1097 5035 1148 5086 iu
1192 5049 1320 5086 area
1367 5033 1568 5086 sultani
1606 5033 1863 5099 llajazitis
1912 5033 2138 5085 secundi
2183 5048 2325 5085 mes-

755 5131 879 5190 sita,
919 5129 1075 5195 cujus
1116 5141 1281 5194 supra
1333 5125 1513 5178 fecere
1568 5125 1904 5177 mentionem
1963 5125 2215 5187 annales,
2271 5125 2323 5176 iu

753 5223 872 5288 ejus
903 5220 1108 5272 sultani
1146 5219 1354 5271 funeris
1404 5218 1801 5284 descriptione.
1843 5217 1955 5267 Hoc
1989 5227 2169 5269 autem
2208 5217 2327 5269 luco

757 5313 964 5366 ludicra
1015 5312 1260 5378 quotidie
1317 5311 1496 5362 munis
1536 5309 1754 5376 generis
1788 5309 2140 5372 e\hibentur,
2175 5323 2326 5376 qum-

755 5421 972 5473 cunque
1029 5404 1236 5456 Itutuini
1289 5402 1474 5454 venire
1535 5401 1588 5454 iu
1653 5411 1892 5453 mentem
1946 5412 2210 5469 possunt.
2266 5403 2330 5455 Et

759 5499 1088 5550 :ulltibeutur
1125 5495 1300 5562 pueri,
1345 5494 1491 5559 equi,
1531 5490 1692 5550 asini,
1719 5507 1910 5551 canes,
1965 5490 2125 5554 feles,
2159 5493 2327 5552 Cervi,

761 5590 972 5648 leones,
1019 5587 1158 5648 ursi,
1200 5586 1464 5653 leopardi,
1499 5585 1714 5652 \‘ulpt‘s,
1757 5593 1811 5637 et
1866 5585 2014 5635 nulla
2057 5599 2163 5636 non
2201 5585 2329 5645 alia,

766 5680 1049 5748 peregrina
1102 5679 1451 5746 prtesertim,
1519 5676 1799 5727 animalia.
1869 5676 2008 5727 Sunt
2060 5674 2181 5727 istie
2238 5680 2329 5743 qui

763 5773 1196 5831 t‘ltttutuautit‘cu
1277 5771 1648 5839 proﬁtentur;
1716 5777 1843 5820 sunt
1900 5766 2328 5836 pt'a‘stigiatorcs

2425 4579 2493 4630 ad
2519 4581 2616 4629 hos
2647 4575 2802 4638 fines,
2823 4588 2974 4625 more
3003 4572 3336 4634 Tureorum,
3382 4587 3490 4624 non
3524 4570 3755 4623 nimium
3817 4581 3976 4622 trans

2429 4668 2571 4737 fugis
2631 4667 2912 4719 fidentium
2977 4681 2991 4717 :
3063 4680 3129 4716 ac
3194 4665 3453 4730 deinceps
3517 4678 3738 4730 quoque
3785 4662 3851 4714 ﬁt
3891 4665 4003 4728 ejus

2427 4761 2634 4812 mentio
2665 4760 2717 4811 in
2748 4759 3036 4811 obsidione
3057 4757 3331 4827 Agrieusi,
3354 4772 3497 4808 anno
3520 4757 3847 4809 Christiano
3871 4757 4004 4809 155?.

2429 4868 2456 4903 a
2507 4850 2706 4903 Turcis
2747 4849 2950 4902 frustra
3013 4857 3241 4903 tentata.
3274 4849 3513 4902 Praeerat
3563 4847 3858 4902 Bozineusi
3889 4867 4001 4916 μτμ

2431 4944 2622 4996 vincia:
2648 4959 2747 4997 ceu
2785 4942 3226 5010 beglerbegatus,
3261 4951 3316 4996 et
3363 4941 3430 4994 ad
3480 4941 3708 4996 Castelli
3751 4945 3882 4993 novi
3917 4947 4000 4993 oi.-

2431 5036 2701 5088 sidionem
2737 5051 2923 5088 secum
2981 5035 3273 5102 sangiacos
3309 5050 3445 5089 suos
3493 5043 3704 5101 septem
3757 5035 3998 5086 addux1;.

2434 5127 2668 5180 Virtutis
2721 5127 2934 5180 eximia:
2985 5126 3309 5191 prtesidiarii
3368 5127 3593 5189 milites,
3645 5139 3786 5193 quos
3827 5129 3994 5177 host»

2435 5219 2538 5286 ipsi
2566 5225 2980 5275 eaiumendant.
3043 5216 3270 5285 Hispani
3327 5217 3576 5278 fuerunt,
3617 5227 3670 5270 et
3722 5216 3998 5270 German.

2434 5328 2661 5364 numero
2702 5317 2766 5364 ad
2793 5321 3031 5378 quatuor
3069 5311 3260 5364 millia.

2432 5428 2539 5478 2’50
2606 5425 2951 5481 So’einmnes,
2984 5422 3076 5473 sub
3102 5433 3358 5489 prietextu
3389 5423 3700 5488 defendendi
3731 5423 3922 5484 pupilli
3979 5455 3998 5464 ..

2529 5496 2674 5547 llurto
2707 5495 2990 5545 lii-deliqu
3025 5494 3217 5556 relicti,
3243 5507 3462 5546 matrem
3509 5510 3626 5544 cum
3664 5493 3875 5558 ριρίίἐ)
3903 5491 3920 5540 ί
3953 5506 4002 5536 ει

2526 5570 2676 5634 guriu
2710 5567 2924 5633 spoliat.

2512 5679 2580 5730 lle
2619 5677 2826 5731 Joanne
2878 5679 3210 5749 Zapolieusi,
3261 5675 3408 5727 Banu
3442 5674 3758 5731 Erdeliano,
3799 5672 3984 5723 dicta:

2647 5772 2676 5795 μὶ
2683 5773 2714 5803 ε)

2439 5781 2614 5839 capite
2647 5771 2902 5826 225.1“;
2955 5771 3196 5825 muticns
3247 5769 3507 5839 lupillum
3563 5765 3782 5832 reliquit
3839 5769 3996 5816 122::-
