4164 6426
226 374 312 438 sn
1352 376 1495 436 ΓΑΝ
1514 376 1753 435 DECTE
1788 380 1989 441 lIlS'l‘.
2033 382 2343 441 TURCIC.

3354 380 3458 446 918

220 495 345 553 deni,
390 491 679 556 tutelaeque
739 488 1071 541 Soleimanis
1136 489 1569 551 commendavit,
1603 490 1767 543 Juau.
1800 498 1841 551 Α
1876 508 2017 546 mus.
2049 492 2282 545 Fallitur
2329 490 2548 554 Jovius,
2608 507 2731 546 cunt
2796 491 2891 554 ait,
2953 492 3243 547 Albaniatn
3295 493 3457 549 hodie

224 600 326 635 nem
360 582 795 651 Sigismnudum,
830 597 990 648 quem
1052 580 1355 633 sustulerat
1401 598 1467 634 ex
1532 583 1761 635 [sabella

221 673 420 735 Polona,
457 672 619 740 cujus
652 671 739 725 hic
780 670 986 724 mentio
1039 672 1116 735 lit,
1165 673 1387 724 nomine
1416 680 1600 725 tamen
1652 688 1763 725 non

217 780 478 834 expresso,
508 764 657 818 velut
710 763 909 818 Turcis
968 765 1179 831 ignoto.
1222 764 1505 818 Habuerat
1535 763 1767 819 Joannis

218 874 436 913 sororem
487 858 811 924 Barbaram,
868 859 921 911 ni
975 858 1154 921 fallor,
1200 859 1379 927 primo
1412 860 1767 913 matrimonio

216 952 477 1022 conjugem
529 952 920 1021 Sigismundus
954 951 1154 1019 major,
1183 952 1429 1007 Polouia:
1482 968 1575 1006 rex
1616 970 1766 1022 :qua

219 1056 433 1109 mortua,
493 1043 698 1097 Bonam
763 1046 964 1107 duxit,
1020 1043 1253 1098 Joannis
1316 1044 1559 1100 Galeacii
1611 1046 1768 1101 ducis

218 1137 643 1200 Hediolanensis.
676 1154 739 1192 ex
790 1137 1015 1192 kabella
1053 1139 1328 1205 Aragonia
1378 1138 1765 1209 Neapolitana,

218 1228 383 1283 ﬁliam.
449 1228 599 1283 Bona
650 1237 809 1296 partu
863 1230 1043 1297 primo
1075 1227 1361 1283 isabellatu
1400 1230 1541 1284 hanc
1570 1230 1765 1297 edidit,

211 1319 417 1375 Joannis
446 1317 790 1389 Zapoliensis
814 1320 1131 1391 conjugem,
1164 1319 1395 1376 Joannis
1426 1321 1765 1393 Sigistnundi

212 1422 442 1467 matrem.
481 1414 757 1467 Cancrum
786 1396 932 1466 nulla
959 1414 1014 1468 lit
1061 1414 1149 1468 hic
1180 1414 1235 1467 in
1278 1414 1529 1469 Turcicis
1558 1419 1768 1478 mentio

212 1505 528 1560 Ferdinaudi
583 1507 841 1571 Caesaris,
880 1505 1133 1575 Ungariae
1163 1507 1552 1577 Bohemiazque
1579 1510 1725 1579 regis
1753 1529 1769 1576 ;

208 1601 295 1669 qui
327 1609 499 1655 tamen
536 1601 637 1655 bor
671 1600 896 1663 bellum,
928 1600 1164 1654 Perenio
1202 1609 1257 1655 et
1288 1598 1641 1671 Rogeudorfo
1671 1604 1774 1657 du-

207 1694 370 1757 cibus,
392 1695 633 1762 gerebat.
668 1694 724 1747 id
745 1693 1002 1762 equidem
1036 1693 1153 1748 ﬁeri
1194 1702 1485 1764 propterea
1518 1696 1766 1750 credide-

209 1791 323 1851 rim,
347 1788 487 1855 quod
514 1785 926 1840 Ferdinaudutn
952 1786 1320 1847 Soleimanes.
1347 1787 1556 1841 hostem
1585 1804 1769 1854 suum,

204 1896 297 1950 pro
323 1880 475 1951 503
525 1880 778 1950 Ungariae
815 1894 939 1945 rege
989 1895 1096 1931 non
1129 1887 1476 1947 agnosceret.
1515 1878 1765 1933 Notanda
1803 1869 1844 1921 Β

204 1990 325 2028 vero
353 1972 593 2029 lsabella:
633 1974 834 2037 oratio,
884 1988 1045 2041 quam
1101 1971 1267 2026 Turci
1310 1973 1510 2041 regina:
1544 1974 1767 2027 nomine

202 2083 305 2121 non
326 2067 657 2135 dignantur,
692 2066 830 2129 Icum
880 2065 1088 2119 Budam
1127 2066 1399 2120 aﬂirmant
1446 2083 1552 2121 non
1608 2080 1763 2119 suam

198 2174 335 2220 esse.
363 2160 450 2213 sed
478 2160 682 2214 suitani
713 2159 1025 2214 Osmauidae
1049 2160 1353 2213 civitatem.
1385 2159 1559 2213 Nimis
1586 2160 1637 2212 in
1666 2160 1765 2213 hoc

200 2267 373 2304 veram
405 2266 463 2305 se
519 2262 701 2305 vatem
765 2261 990 2319 experta
1043 2252 1204 2318 paulo
1238 2259 1360 2320 post
1410 2251 1514 2305 fuit
1561 2251 1763 2315 bellua,

197 2364 316 2400 cum
358 2346 718 2413 Soleimanes,
753 2347 870 2415 ipsa
904 2362 1028 2400 cum
1065 2347 1177 2399 ﬁlio
1211 2362 1305 2412 per
1334 2360 1604 2399 summam
1644 2360 1768 2413 per-

199 2441 372 2493 ﬁdiam
411 2442 610 2509 ejecta,
654 2441 819 2494 Buda:
868 2442 1075 2510 pariter
1098 2446 1154 2494 et
1208 2438 1461 2508 Ungaria:
1517 2436 1762 2505 reliqum,

194 2535 343 2587 velut
376 2536 428 2586 in
462 2534 804 2601 provinciam
853 2534 1107 2596 redactae,
1163 2532 1550 2601 beglerbcgum
1585 2531 1764 2599 praeﬁ-

193 2636 361 2686 ceret.
397 2626 575 2679 bonus
608 2626 698 2680 ille
730 2627 939 2681 scilicet
975 2635 1123 2678 tutor
1158 2642 1175 2680 :
1224 2634 1420 2689 matre,
1459 2634 1569 2676 tam
1622 2622 1765 2676 Tur-

193 2717 273 2771 cis
309 2717 550 2779 addicta,
577 2733 703 2771 cum
754 2718 867 2771 ﬁlio
902 2717 1131 2786 pupillo,
1180 2717 1235 2769 in
1278 2716 1763 2785 Transsylvauiam

194 2809 276 2862 vel
306 2809 578 2862 Erdelium
636 2810 893 2878 relegata.
947 2807 1275 2877 Huiusmodi
1329 2808 1588 2861 nimirum
1643 2824 1767 2861 csse

191 2903 411 2970 prmmia
444 2904 729 2957 societatis
752 2910 807 2957 et
859 2903 1124 2955 amicitiae
1177 2902 1425 2955 barbara:
1456 2901 1654 2964 solent,
1708 2911 1767 2953 ιιι

193 3003 428 3061 tyranno
462 3007 562 3046 suo
617 2993 923 3045 moriturus
963 2993 1142 3044 aiebat
1172 2993 1391 3057 Aratus,
1446 2991 1672 3044 τοιαῦτα
1698 2993 1767 3045 τὰ

188 3086 443 3154 ἐπίχειρα
467 3086 565 3155 τῆς
592 3086 931 3154 τυραννικῆς
956 3088 1160 3151 φιλίας.

295 3198 420 3252 9.5L
466 3199 745 3266 Valpoum,
794 3199 1144 3268 Strigonium.
1190 3198 1401 3253 (Irauus
1441 3201 1658 3270 ﬂuvius.

256 3314 494 3382 Walpou
524 3313 718 3367 Turcis
751 3320 833 3367 est
880 3329 973 3365 arx
999 3350 1015 3375 ,
1073 3312 1307 3381 Ungaris
1334 3313 1478 3367 dicta
1524 3312 1724 3383 Walpo
1750 3354 1763 3378 ,

185 3406 515 3474 Valponium
543 3403 724 3458 Jovio.
769 3401 927 3457 Ultra
974 3403 1198 3458 ﬂuvium
1251 3404 1482 3458 Dravam
1529 3405 1633 3458 sita
1660 3413 1761 3458 est.

180 3498 317 3550 Post
369 3497 593 3550 tertium
651 3496 961 3551 obsidionis
1028 3512 1274 3550 mensem
1328 3512 1357 3549 a
1414 3496 1767 3564 prmsidiariis

178 3587 370 3639 dedita
423 3588 548 3652 fuit,
597 3586 858 3654 prafecto
911 3589 978 3639 ab
1034 3588 1226 3640 iisdem
1282 3598 1467 3656 capto,
1509 3596 1562 3640 et
1622 3588 1762 3641 hosti

179 3679 430 3747 prodito.
472 3679 817 3749 Strigoniunt
854 3695 1001 3733 nunc
1045 3678 1286 3733 Granum
1344 3679 1500 3748 vulgo
1549 3679 1762 3739 dicunt.

175 3778 251 3825 ab
291 3788 455 3827 amne
481 3772 689 3838 Grano,
724 3774 840 3841 qui,
876 3772 1120 3826 deﬂuens
1154 3788 1182 3824 a
1212 3772 1523 3838 Carpathiis
1565 3774 1765 3824 tuenti-

173 3868 312 3926 bus,
345 3864 437 3917 ubi
490 3874 765 3918 montana:
804 3878 950 3917 nunc
1002 3862 1254 3917 civitates
1299 3863 1541 3917 celebres
1614 3873 1762 3929 sunt,

169 3958 245 4009 ad
316 3956 535 4009 radices
598 3956 742 4009 arcis
808 3955 1203 4023 Strigoniensis
1265 3955 1382 4009 sive
1440 3955 1763 4019 Grauensis,

170 4051 440 4104 Danubio
481 4050 765 4104 miscetur.
821 4049 976 4103 Unde
1028 4050 1235 4102 civitati
1280 4066 1499 4119 quoque
1557 4050 1763 4118 Str-igu-

165 4144 335 4196 nium
373 4158 572 4197 nomen
623 4142 857 4195 inditum
888 4153 1127 4212 putatur,
1170 4143 1316 4196 velut
1360 4141 1760 4211 lslrigranium,

164 4238 247 4292 ab
282 4238 407 4290 lstri
455 4246 508 4291 et
542 4236 709 4290 Grani
752 4235 1178 4289 conﬂuentibus.
1225 4236 1359 4288 Alba
1412 4237 1608 4305 regalis
1656 4252 1761 4287 non

159 4342 293 4385 tam
332 4346 361 4382 ει
397 4343 583 4397 regum
622 4326 877 4396 Ungariaz
906 4328 1207 4397 sepulturis
1232 4328 1311 4380 sic
1336 4329 1603 4397 appellata
1640 4330 1764 4395 fuit,

159 4438 425 4493 quarum
488 4421 865 4475 meminerunt
923 4422 1187 4486 Annales,
1251 4437 1412 4490 quam
1481 4436 1511 4474 a
1576 4437 1761 4490 regum

156 4514 629 4585 inauguratione.
665 4530 786 4583 quae
816 4514 921 4567 hoc
955 4514 1068 4567 ﬁeri
1104 4516 1227 4567 loco
1281 4513 1477 4582 priscis
1504 4514 1762 4581 tempori-

1876 580 2062 634 vocari
2099 579 2350 644 Serbau,
2386 579 2621 633 vicinam
2682 578 2873 632 Media:
2899 620 2913 644 ,
2968 589 3301 649 propterque
3351 581 3454 634 Ca-

1873 674 2057 743 spium
2082 688 2233 727 mare
2262 675 2447 727 sitam.
2473 673 2685 741 Quippe
2713 672 2863 741 regio
2901 672 3339 742 Georgianorum
3373 683 3459 728 est

1873 766 2130 823 Albania.
2166 766 2261 835 qui
2292 781 2577 834 nunquam
2611 765 2700 817 vel
2734 764 2838 834 ipsi
2868 765 2981 834 regi
3011 765 3335 828 Persarum,
3370 766 3455 819 vel

1877 858 2032 925 regio
2060 856 2216 911 fratri
2270 866 2573 926 paruerunt
2617 857 2925 910 hactenus:
2968 856 3063 909 sed
3127 854 3455 918 Christiani.

1854 951 2139 1013 ‘etliberi,
2181 965 2313 1003 suos
2354 949 2637 1019 principes
2672 947 2909 1012 habent;
2966 946 3149 1000 Persis
3188 945 3460 1001 duntaxat

1873 1042 2250 1106 conicederati,
2296 1042 2437 1095 sicut
2466 1042 2778 1111 expositum
2818 1040 2993 1109 capite
3037 1040 3341 1095 centesimo
3369 1056 3461 1096 oc-

1877 1135 2141 1204 togesimo
2200 1150 2369 1189 nono.
2431 1134 2727 1188 Sirvanum
2769 1146 2915 1197 vero,
2979 1132 3097 1187 sive
3149 1132 3460 1195 Media,re-

1876 1230 1966 1297 gni
1996 1227 2202 1284 Persici
2234 1229 2543 1284 membrum
2593 1240 2716 1283 est:
2755 1228 2902 1295 quod
2964 1229 3184 1281 tametsi
3248 1226 3459 1282 Musta-

1876 1323 2014 1386 phas
2048 1323 2209 1377 bassa
2250 1322 2401 1377 vezir
2450 1323 2682 1390 imperio
2722 1321 2957 1391 subjecit
3007 1322 3459 1385 (lsmanidarum,

1876 1430 2023 1470 anno
2053 1415 2373 1470 Christiano
2413 1416 2709 1471 millesimo
2764 1416 3207 1486 quingentesimo
3236 1424 3457 1483 septua-

1874 1508 2086 1577 gesimo
2118 1519 2333 1571 octavo,
2356 1519 2409 1561 et
2433 1510 2855 1578 beglerbegatus
2883 1510 2936 1562 in
2968 1510 3203 1561 formam
3228 1508 3456 1576 redegit:

1877 1615 2000 1653 mox
2034 1609 2220 1655 tamen
2245 1601 2427 1657 Persis
2482 1614 2786 1671 receptum,
2824 1604 2893 1657 ab
2937 1604 3129 1655 iisdem
3184 1602 3458 1671 hodieque

1878 1694 2171 1749 retinetur.

2097 1831 2224 1886 255.
2251 1831 2423 1899 Uvan,
2461 1831 2718 1895 Uvaslan,
2752 1829 2983 1885 Ibanunt
3003 1831 3243 1886 Cedrini.

1944 1948 2088 2008 Urbs
2120 1951 2236 2007 haec
2278 1966 2403 2007 cum
2448 1967 2573 2006 arce
2604 1952 2685 2004 sic
2716 1950 2782 2003 ad
2814 1948 3021 2004 Persici
3070 1949 3219 2018 regni
3250 1948 3456 2002 limites

1870 2044 2129 2113 pertinet,
2170 2052 2227 2096 ut
2260 2044 2425 2097 etiam
2478 2043 2669 2113 majori
2728 2041 2960 2095 ﬁnitima
3029 2042 3101 2095 sit
3157 2040 3453 2094 Armenia.

1873 2139 2137 2193 Cedrinus
2166 2138 2218 2192 in
2244 2139 2437 2193 eodem
2457 2137 2821 2192 Monomacho
2844 2136 3091 2206 Augusto
3119 2144 3280 2189 vocat
3312 2135 3458 2187 Ἰϐἁν

1871 2231 2027 2285 πόλιν
2060 2231 2153 2284 τοῦ
2190 2230 2585 2301 Βαασπρακάν.
2630 2230 2689 2283 id
2748 2227 2943 2283 Latine
2995 2229 3228 2283 reddens
3284 2230 3457 2281 inter-

1872 2339 2017 2392 pres,
2056 2322 2279 2377 lbanttm
2307 2333 2361 2377 et
2404 2323 2752 2393 Baaspracan
2776 2323 3019 2391 scripsit.
3041 2321 3154 2391 Ego
3190 2322 3458 2391 simplici-

1872 2426 1954 2468 tcr
2002 2414 2398 2485 exprimerem,
2458 2422 2517 2466 ut
2585 2422 2736 2467 tanto
2806 2414 3006 2467 melius
3076 2413 3451 2483 intelligerer:

1870 2507 2040 2570 lwan,
2068 2516 2161 2560 aut
2196 2505 2347 2569 lvan,
2387 2508 2519 2560 urbs
2564 2505 2806 2575 regionis
2836 2504 3210 2574 Vaaspraran.
3242 2503 3455 2573 thuia

1870 2598 2049 2667 capite
2080 2599 2419 2668 praecedenti
2452 2596 2829 2669 Vaaspracan,
2855 2614 2922 2652 ex
2948 2598 3196 2667 ejusdem
3233 2598 3455 2652 Cedrini

1870 2692 2218 2757 auctoritate,
2265 2690 2499 2746 Mediam
2568 2708 2690 2745 esse
2753 2691 3090 2755 docuimus,
3156 2691 3460 2760 intelligere

1864 2784 1973 2853 jam
2005 2784 2153 2847 licet,
2191 2784 2430 2838 Wanum
2472 2784 2540 2838 ad
2570 2786 2816 2839 eamdem
2870 2786 3096 2840 Mediam
3134 2787 3324 2840 referri
3357 2789 3453 2842 de—

1870 2876 2031 2944 bere,
2073 2877 2155 2931 vel
2188 2894 2249 2930 ea
2272 2878 2317 2931 si
2353 2894 2461 2931 non
2512 2879 2883 2941 contineatur,
2920 2880 3117 2934 saltem
3166 2880 3454 2933 ﬁnitimam

1870 2968 2062 3022 videri.
2101 2969 2429 3024 Wastanum
2463 2971 2744 3037 signiﬁcat
2800 2972 3083 3042 regionem
3132 2972 3279 3026 circa
3322 2968 3455 3024 Wa-

1870 3076 2001 3113 num
2034 3063 2215 3122 sitam.
2266 3076 2362 3115 seu
2414 3062 2577 3116 Waui
2631 3064 2975 3117 territorium
3011 3081 3026 3118 :
3070 3064 3348 3133 siquidem
3379 3064 3455 3117 ls-

1872 3161 1985 3218 tan,
2019 3153 2135 3208 sive
2179 3153 2335 3220 Stan,
2386 3153 2584 3208 Turcis
2635 3171 2863 3226 regnum
2904 3156 2990 3211 vel
3046 3141 3325 3228 regionem
3380 3160 3455 3212 si.

1796 3228 1837 3284 ε
1873 3244 2116 3313 gniﬁcat.

1868 3376 1995 3431 254.
2055 3375 2263 3431 Netitia
2304 3379 2759 3448 beglerbegatuum
2799 3383 2958 3434 totius
3008 3380 3425 3435 Osmauidarum

2198 3451 2426 3517 imperii,
2468 3468 2597 3518 quos
2632 3450 2786 3505 hodie
2832 3451 3131 3519 possident.

1941 3568 2078 3635 Quia
2119 3570 2352 3623 Persicis
2384 3571 2436 3621 in
2488 3570 2690 3625 ﬁnibus
2743 3582 3027 3626 extremus
3081 3573 3171 3627 hic
3211 3591 3241 3628 a
3279 3576 3455 3630 Solei-

1870 3678 2030 3714 mane
2077 3659 2239 3714 Wani
2283 3660 2699 3729 beglrrbegatus
2749 3662 2800 3716 id
2842 3664 3110 3732 temporis
3166 3664 3453 3721 institutus

1871 3755 1997 3820 fuit,
2026 3754 2159 3807 libet
2205 3756 2305 3808 hoc
2342 3755 2462 3807 loco
2511 3756 2807 3821 quamdam
2843 3758 2998 3822 quasi
3058 3759 3311 3812 notitiam
3365 3778 3452 3813 re-

1869 3850 1959 3915 gni
2000 3847 2280 3902 Osmaniei
2329 3848 2626 3901 lectoribus
2674 3849 2959 3913 exhibere,
3012 3849 3303 3919 descriptis
3363 3868 3451 3905 or-

1870 3942 1996 3994 dine
2034 3940 2336 4008 provinciis
2382 3940 2501 4008 ejus
2533 3942 2647 3994 sive
2683 3943 3179 4011 beglerbegatibus,
3232 3960 3373 4013 quos
3398 3947 3449 3997 in

1869 4032 2020 4095 Asia,
2052 4029 2239 4084 Africa
2305 4042 2359 4085 et
2406 4031 2624 4100 Europa
2656 4050 2803 4087 nunc
2846 4034 3086 4091 Murates
3112 4036 3200 4089 ltic
3231 4039 3449 4095 tertius.

1870 4124 2016 4177 unici
2056 4123 2417 4179 Mucbemetis
2447 4126 2759 4181 Osmanida:
2815 4138 2973 4196 pater
2996 4168 3011 4192 ,
3073 4131 3360 4201 possidet:
3394 4145 3450 4185 ut

1870 4219 1944 4270 ita
1980 4218 2220 4286 denique
2254 4218 2567 4273 Paudecten
2606 4219 2854 4275 historiae
2898 4223 3157 4295 vTurcicae
3198 4234 3447 4280 nostrum

1868 4311 2230 4375 claudamus,
2275 4313 2445 4367 visuri
2494 4314 2755 4383 deinceps
2831 4317 2996 4371 latius
3044 4334 3112 4373 ne
3174 4320 3446 4387 permissi:

1876 4403 2129 4459 Numinis
2157 4405 2291 4458 ﬁnes
2338 4422 2469 4460 suos
2504 4411 2858 4477 propagaturi
2902 4411 3033 4470 sint,
3078 4428 3146 4464 an
3202 4415 3449 4468 vastissi-

1869 4513 2012 4549 mam
2048 4497 2192 4549 illam
2217 4498 2411 4551 moletn
2440 4500 2680 4569 imperii,
2712 4504 2927 4554 cunctis
2969 4502 3235 4558 hactenus
3264 4505 3450 4558 formi-

152 4613 276 4664 lius
322 4581 568 4661 solebat.
620 4581 750 4660 lstic
800 4605 970 4659 etiam
1025 4621 1117 4657 rex
1162 4581 1580 4668 Ferdinandus,
1635 4621 1757 4657 cum
1796 4581 1838 4633 D
1868 4588 2098 4641 dabllc'“
2148 4591 2383 4657 PUP'lliS.
2426 4592 2726 4645 secundum
2792 4593 3151 4660 ἱιηονυιιιιηθι
3194 4596 3443 4658 oracula.

146 4706 337 4756 Anna
372 4700 632 4770 conjuge,
675 4698 942 4751 V'ladislai
996 4698 1140 4764 regis
1192 4698 1325 4760 lilia,
1382 4696 1645 4751 Ludovici
1678 4715 1763 4749 so-

146 4811 327 4858 rore,
353 4794 573 4847 decimo
601 4801 799 4861 quarto
824 4791 912 4843 die
938 4789 1255 4854 Februarii,
1290 4807 1436 4844 anno
1471 4792 1763 4845 millesimo

1868 4680 2086 4734 tandem
2119 4682 2414 4749 aliquando
2448 4682 2591 4737 Deus
2622 4682 2879 4753 Optimus
2911 4684 3182 4740 Maximus
3215 4702 3328 4742 sua:
3356 4690 3447 4741 de-

1866 4772 2137 4825 claranda:
2176 4775 2482 4841 majestatis
2522 4792 2585 4829 ac
2617 4778 2805 4845 gloriae
2835 4794 3002 4831 causa
3025 4780 3097 4831 sit
3126 4795 3443 4845 eversurus,

1868 4866 1951 4916 vel
1976 4866 2031 4917 in
2056 4867 2329 4929 ordinem,
2359 4869 2567 4936 subque
2604 4869 2797 4938 jugum
2856 4871 2954 4923 ﬁlii
2992 4873 3092 4934 sui
3157 4874 3239 4926 sic
3290 4875 3443 4926 reda-

140 4888 631 4956 quiugentesimo
676 4886 948 4957 vicesimo
988 4888 1244 4954 septimo,
1288 4886 1535 4939 adhibita
1584 4889 1759 4941 sancti

139 4979 449 5050 Stephani
482 4995 609 5031 vera
639 4993 870 5051 corona,
915 4977 1020 5031 fuit
1056 4978 1444 5045 inauguratus.

1870 4968 2091 5021 utnrus,
2140 4967 2198 5011 ut
2224 4961 2357 5026 (ὲοεὶ
2400 4959 2721 5029 Magogique
2769 4963 2871 5015 sub
2895 4964 3033 5017 ccelo
3082 4965 3288 5018 nullum
3332 4984 3443 5017 am-

1867 5050 2007 5116 plius
2039 5065 2237 5104 nomen
2278 5061 2476 5106 exstet.
2524 5054 2581 5105 ld
2610 5054 2759 5123 enim
2818 5057 3111 5123 postremis
3161 5071 3219 5110 se
3265 5057 3441 5109 factu-

1865 5157 1983 5193 rum
2023 5142 2236 5205 diebus,
2291 5160 2386 5212 per
2431 5160 2564 5199 suos
2619 5147 2941 5199 indubitatae
2980 5148 3102 5200 ﬁdei
3159 5161 3309 5204 vates
3344 5166 3443 5204 uo-

1864 5237 1950 5286 bis
2024 5236 2390 5291 denuntiavit.
2470 5239 2765 5293 Ordiamur
2846 5251 3030 5293 autem
3104 5242 3173 5296 ab
3231 5243 3441 5299 oriente

1863 5328 1999 5381 sole.

265 5094 408 5149 2.39..
449 5094 764 5155 Sclu'ruvau,
796 5090 1012 5157 Sirvan,
1039 5092 1259 5157 Serbuu,
1301 5110 1446 5145 error
1486 5094 1648 5147 Jovii.

224 5211 293 5263 Si
334 5212 512 5262 lector
543 5208 611 5259 ab
638 5208 764 5260 aliis
792 5208 859 5259 (ie
892 5206 997 5258 hoe
1043 5208 1192 5269 bello
1227 5209 1510 5261 memor-iw
1541 5212 1755 5276 prodita

124 5306 335 5371 luget,
371 5316 647 5369 nusquam
678 5302 748 5351 ita
786 5299 1125 5367 descriptmn
1170 5300 1439 5353 inveniet.
1484 5299 1550 5353 Ut
1581 5302 1756 5355 Tech-

124 5410 311 5456 mas,
348 5392 715 5462 Spandugino
745 5389 968 5452 Tamas,
1004 5390 1313 5444 Sansovino
1340 5393 1533 5446 Tolcas
1568 5396 1757 5461 etiam;

118 5488 231 5542 sic
305 5484 483 5537 Ercas
544 5486 718 5536 eidem
775 5481 1138 5551 Spandugino
1196 5484 1523 5537 nominatur
1560 5485 1754 5551 Algas.

118 5576 407 5631 miriﬁce
440 5574 650 5627 vitiatis
696 5572 1183 5642 appellationibus.
1222 5572 1392 5642 Regio
1429 5572 1753 5630 Schiruvam

113 5679 246 5726 aut
294 5668 532 5731 Sirvan,
562 5666 708 5720 haud
739 5666 901 5721 dubie
938 5683 1084 5720 nunc
1111 5676 1197 5722 est
1235 5670 1347 5725 illa.
1386 5684 1550 5737 quam
1588 5673 1753 5739 prisci

108 5764 359 5817 dixere
391 5760 649 5824 Mediam,
702 5760 1039 5829 posteriores
1071 5762 1235 5814 etiam
1276 5760 1626 5829 VaaSpracan
1650 5804 1664 5825 ,
1698 5774 1752 5815 ut

107 5854 302 5926 aptxd
346 5854 640 5909 Cedrinum
696 5853 750 5906 iu
784 5852 1148 5908 Constantino
1209 5855 1568 5909 Monomacho
1624 5857 1753 5925 legi-

2224 5466 2349 5519 255.
2419 5467 2553 5521 Asia:
2594 5466 3024 5538 Beglerbegatus.

1932 5579 1972 5633 1.
2008 5580 2227 5633 Auatoli
2268 5582 2576 5652 beglerbeg.
2617 5582 2750 5652 Ejus
2780 5583 2938 5638 sedes
2971 5594 3056 5637 est
3109 5584 3162 5637 in
3209 5584 3432 5639 civitate

1860 5672 2089 5740 (Iutaigc
2119 5671 2371 5742 Phrygia:
2419 5674 2686 5741 majoris,
2752 5692 2915 5744 quam
2970 5678 3096 5729 olim
3150 5677 3433 5745 Cotyaium

1858 5761 2029 5815 Grazci
2095 5766 2490 5825 nominabant.
2542 5767 2687 5821 sicut
2744 5767 3055 5835 expositum
3109 5767 3285 5837 capite
3342 5769 3448 5825 40..

1862 5859 2159 5927 Saugiacos
2197 5858 2359 5913 habet
2384 5862 2489 5915 sub
2516 5876 2577 5916 se
2603 5860 2928 5915 duodecim.
