4164 6426
646 413 755 476 919

1841 398 2171 463 JOANNIS
2212 392 2682 457 LEUNCLAVII

3786 362 3908 427 920

721 527 784 582 ll.
827 526 1098 580 Caraman
1131 521 1445 592 beglerbeg.
1482 516 1818 573 Domicilium
1857 513 2019 584 50a.
2065 510 2229 565 liabet
2260 514 2303 567 Α
2330 506 2641 577 glerbrgum
2673 500 2957 558 constituit
2993 502 3282 552 Oamanem
3318 493 3553 592 nassam.
3582 489 3906 592 famosum:

650 621 717 672 nd
746 618 1048 672 Caisariam
1079 616 1308 681 Ciliciae,
1331 616 1398 669 de
1421 629 1526 682 qua
1572 627 1672 665 suo
1707 610 1915 663 dictum
1945 609 2082 659 loco.
2129 603 2224 657 Se-

655 722 805 778 ptem
850 711 954 763 sub
982 710 1085 763 hoc
1114 707 1461 776 sangiacatus
1509 714 1658 757 sunt.

720 801 810 854 III.
854 800 1015 856 Sivas
1040 799 1355 868 beglerbeg,
1383 796 1447 849 ad
1479 793 1808 855 Sebastiani,
1847 790 1915 843 de
1953 802 2061 857 qua
2093 799 2229 840 con-

653 895 771 947 sule
810 902 977 960 caput
1010 894 1269 961 quintum
1310 888 1596 943 Pandectis
1630 885 1816 954 hujus.

722 985 811 1040 IV.
852 985 1099 1039 Tocatun
1139 981 1450 1055 beglerbeg.
1494 977 1717 1033 Residet
1748 975 1817 1031 ad
1846 973 2037 1029 urbem
2065 972 2229 1022 Ama-

653 1080 819 1133 siam.
848 1075 965 1131 Sub
998 1093 1066 1130 eo
1108 1083 1239 1131 sunt
1266 1074 1511 1143 quinque
1543 1072 1914 1140 sangiacatus.

724 1170 789 1224 V.
832 1169 1092 1239 Dulgadir
1122 1167 1431 1235 beglerbeg.
1475 1164 1552 1218 De
1601 1165 1703 1216 hac
1770 1158 2049 1230 provincia
2104 1170 2234 1209 con-

656 1261 775 1314 sule
798 1270 961 1328 caput
1001 1259 1101 1314 165
1142 1258 1431 1313 Pandectis
1473 1257 1659 1325 hujus.
1712 1253 1960 1319 Quatuor
2011 1250 2116 1304 sub
2173 1262 2233 1307 se

659 1356 1012 1419 Sangiacatus
1047 1351 1237 1405 habet.

730 1442 818 1497 Vl.
859 1443 1028 1511 Halep
1055 1442 1373 1511 beglerbeg,
1401 1441 1466 1494 ad
1496 1440 1756 1509 llalepum
1782 1439 1896 1493 sive
1918 1437 2234 1491 Berrhmam

660 1535 854 1603 Syrim,
893 1536 959 1587 de
985 1550 1091 1602 qua
1120 1534 1297 1601 capite
1324 1534 1383 1587 6.

745 1629 854 1682 VII.
895 1628 1093 1680 Scitam
1120 1627 1433 1695 beglerbeg,
1462 1623 1527 1676 ad
1566 1623 1887 1677 Damascum
1914 1621 2107 1693 Syri-.e.

733 1718 873 1773 \‘Itl.
915 1717 1214 1785 Tarapolos
1248 1718 1329 1771 vel
1360 1716 1623 1787 Trapolos
1652 1714 1963 1785 beglerbeg,
2020 1713 2085 1768 ad
2114 1713 2238 1769 Tri-

661 1810 829 1880 polim
875 1809 1066 1879 Syriae.

2328 598 2423 652 sed
2456 614 2488 659 a
2518 596 2700 651 Persis
2731 609 2840 647 non
2879 592 3048 645 multo
3097 599 3219 657 post
3277 586 3487 654 ejectus
3530 580 3658 635 fuit.
3712 578 3917 632 Nihilo

2329 701 2513 745 tamen
2546 691 2730 742 minus
2766 686 2854 739 hic
2884 682 3307 752 beglerbegatus
3355 671 3781 729 Osmauidarum
3820 670 3919 721 in—

2332 783 2573 852 scriptus
2611 788 2695 835 est
2732 779 2893 841 libro,
2922 775 3046 845 qui,
3087 774 3192 827 nisi
3254 769 3591 823 restituatur.
3622 776 3917 830 nunquam

2331 891 2391 931 se
2420 889 2604 942 pacem
2638 871 2883 925 facturos
2906 883 3031 922 cum
3060 863 3243 918 Persis
3296 860 3646 929 proﬁtentur.

2406 965 2595 1022 XXIII.
2639 961 2948 1031 Temircapi
2984 958 3296 1028 bcglerbeg.
3327 954 3506 1008 Locus
3528 958 3612 1004 est
3659 947 3725 1001 ad
3755 959 3919 999 mare

2332 1060 2616 1127 Caspium,
2676 1056 2835 1109 Porta
2898 1051 3070 1104 ferrea
3101 1049 3304 1110 dictus,
3369 1054 3424 1098 et
3462 1042 3592 1111 Capi
3657 1038 3919 1092 derbent.

2336 1162 2491 1222 porta
2521 1149 2759 1203 faucium
2792 1148 2874 1200 vel
2902 1144 3303 1211 angustiarum.
3327 1137 3487 1207 Cepit
3520 1136 3666 1189 hunc
3700 1135 3920 1184 Usmau

2338 1248 2501 1301 bassa
2532 1244 2725 1298 eodem
2769 1255 2911 1295 anno
2946 1236 3238 1292 millesimo
3286 1228 3735 1303 quingentesimo
3788 1239 3924 1290 sep-

2340 1339 2643 1406 tuagesimo
2703 1341 2917 1395 octavo,
2976 1328 3128 1383 etin
3177 1327 3410 1379 lormam
3466 1319 3924 1389 bcglerbegatus,

2338 1438 2533 1481 necato
2563 1424 2874 1480 Scliemltali
2903 1420 3116 1483 Cltane,
3146 1430 3342 1471 socero
3374 1426 3500 1475 suo,
3537 1409 3773 1478 redegit.

2412 1518 2603 1574 XXIV.
2644 1518 2781 1572 Cars
2833 1512 3143 1583 beglerbeg.
3199 1506 3475 1563 Cedrinus
3524 1502 3699 1557 Carse
3733 1499 3924 1553 nomi-

2341 1625 2458 1680 nat,
2498 1621 2552 1665 et
2588 1613 2642 1664 in
2678 1605 3054 1663 Persarmcnia
3101 1602 3356 1664 collocat,
3391 1612 3513 1666 qua:
3548 1608 3698 1648 nunc
3723 1593 3927 1644 Arme-

2344 1705 2435 1758 nia
2487 1701 2662 1770 major
2712 1708 2817 1753 est.
2872 1697 3048 1750 Distat
3098 1693 3236 1748 Cars
3263 1690 3331 1744 ab
3384 1689 3646 1743 Arzerum
3680 1690 3925 1748 quatuor

2348 1797 2558 1850 dierum
2617 1793 2829 1847 itinere.
2891 1786 3314 1857 Beglerbcgatus
3376 1778 3520 1848 cepit
3566 1790 3714 1828 anno
3762 1771 3929 1825 Chri-

737 1902 828 1956 ΙΧ.
875 1856 1054 1955 Βίιιξιδ
1080 1901 1389 1971 beglerbeg,
1426 1901 1490 1953 ad
1526 1898 1851 1963 Mai-assum,
1877 1908 2103 1967 propter
2131 1897 2236 1950 Eu-
2272 1856 2313 1909 Β
2344 1887 2524 1942 stiano
2547 1882 2839 1937 millesimo
2865 1856 3313 1947 quingentesimo
3329 1866 3736 1941 septuagesimo
3753 1877 3921 1927 nono,

665 1997 916 2061 plu-atem
954 1995 1146 2058 situm,
1177 1986 1318 2047 inter
1353 1991 1614 2061 Halepum
1652 2000 1707 2045 et
1758 1990 2234 2059 Mesopotamiam.

732 2084 799 2138 X.
844 2084 1134 2140 Diarbekir
1166 2085 1481 2155 bcglerbeg,
1511 2085 1564 2137 in
1597 2082 2010 2153 Mesopotamia.
2047 2084 2111 2135 ad
2144 2098 2238 2135 ur-

663 2178 783 2231 bem
817 2179 1102 2243 Amidam,
1140 2194 1306 2248 quam
1339 2176 1505 2232 Turci
1552 2194 1701 2231 nunc
1752 2176 2082 2230 Carahemid
2141 2190 2239 2229 uo-

666 2272 899 2325 miuant.
937 2270 1192 2341 Sangiaci
1232 2280 1425 2339 parent
1465 2270 1593 2323 huic
1623 2268 1935 2323 duodecim.

736 2362 826 2417 XI.
870 2362 1404 2433 Bagdatbeglerbeg.
1452 2362 1518 2414 ad
1549 2362 1830 2430 Bagdatim
1882 2359 1996 2413 sive
2047 2373 2242 2413 noram

665 2455 1020 2523 Babylonem,
1056 2454 1123 2508 de
1166 2468 1276 2522 qua
1315 2453 1491 2522 capite
1513 2453 1567 2506 4.
1674 2478 1677 2479 ν

744 2545 862 2601 Xll.
906 2546 1128 2601 Balsara
1185 2546 1495 2617 beglerbeg,
1555 2548 1623 2600 ad
1681 2546 1861 2601 sinum
1915 2546 2242 2610 Persicum,

678 2655 783 2692 ιιοιι
812 2641 1004 2708 procul
1038 2655 1067 2693 a
1102 2640 1309 2709 Bagdat
1340 2641 1455 2695 sive
1484 2639 1783 2711 Babylone.

745 2730 888 2786 XllI.
949 2731 1094 2787 Laxa
1162 2733 1475 2803 beglerbeg.
1536 2732 2244 2802 AntiquitusiCaramania

678 2823 853 2879 tendit
888 2824 953 2876 ad
988 2823 1193 2878 limites
1223 2822 1453 2884 Ormuz,
1499 2833 1553 2877 et
1578 2822 1760 2879 Persis
1802 2834 1887 2878 est
1918 2824 2175 2878 ﬁnitima.

743 2912 885 2973 XIV.
927 2913 1155 2976 Gemen,
1188 2914 1335 2969 Aden
1364 2914 1673 2983 beglerbeg,
1717 2914 1771 2968 in
1811 2914 2009 2969 Arabia
2044 2914 2247 2980 Felici,

673 3010 740 3061 :ul
766 3008 923 3061 littus
959 3007 1339 3073 llubriﬁmaris.
1364 3003 1501 3061 Vide
1532 3015 1696 3074 caput
1719 3005 1845 3058 241.
1882 3004 2101 3059 Diversa
2134 3006 2250 3060 loca

679 3110 831 3161 sunt,
873 3114 982 3152 uno
1014 3109 1192 3153 tamen
1226 3097 1612 3167 beglerbegatu
1656 3098 2073 3168 comprehensa.

2345 1986 2568 2033 auctore
2598 1974 2881 2041 Mnstaplta
2920 1970 3103 2025 bassa.

2416 2066 2585 2121 XXV.
2628 2062 2901 2119 Tscltildir
2936 2070 3030 2114 aut
3061 2056 3268 2111 Tzildir
3308 2049 3621 2123 beglerbeg,
3673 2045 3742 2099 ad
3788 2042 3926 2096 ﬁnes

2346 2160 2800 2226 Georgianorum,
2840 2154 2908 2206 ab
2937 2150 3128 2207 eodem
3162 2148 3447 2215 Mnstapba
3491 2142 3650 2197 bassa
3700 2135 3926 2191 institu-

2350 2264 2456 2314 tus,
2491 2265 2636 2304 anno
2682 2246 2974 2302 millesimo
3015 2238 3462 2311 quingentesimo
3512 2231 3925 2302 septuagesimo

2351 2358 2517 2398 nono.
2548 2339 2774 2394 Porsius
2806 2334 3155 2405 Tscbaldung
3180 2343 3462 2401 perperam
3501 2323 3747 2393 scripsit.

2419 2434 2612 2489 XXVI.
2655 2432 2822 2486 Fessa
2881 2427 3195 2499 beglerbeg,
3251 2424 3305 2477 iu
3340 2416 3655 2489 Mengrelia.
3690 2412 3925 2467 Munitio

2353 2538 2563 2584 structa
2616 2542 2711 2596 per
2768 2524 3039 2581 Uluzalim
3092 2519 3304 2589 capitan
3354 2517 3573 2571 bassam
3626 2511 3735 2565 fuit
3780 2522 3926 2562 anno

2354 2622 2647 2676 millesimo
2694 2616 3139 2688 quingentesimo
3194 2607 3605 2680 septuagesimo
3637 2617 3826 2663 nono,
3872 2608 3927 2652 et

2354 2715 2553 2770 ibidem
2592 2712 2883 2767 institutus
2946 2706 3384 2778 beglcrbcgatus.
3432 2699 3536 2754 Sed
3591 2695 3759 2767 paulo
3806 2702 3930 2762 post

2357 2807 2660 2861 discessum
2723 2801 2843 2871 ejus
2888 2808 3101 2867 captam
3138 2794 3379 2849 vicissim
3408 2784 3705 2855 Georgiani
3747 2783 3931 2837 dirue-

2358 2905 2515 2951 ruut.
2561 2894 2816 2948 Civitatis
2857 2891 3143 2945 Phasianae
3183 2885 3513 2941 mentionem
3548 2879 3681 2932 facit
3732 2874 3933 2929 Leonis

2357 2989 2588 3059 Augusti
2619 2986 2829 3041 novella
2864 2985 2930 3037 de
2958 2980 3218 3043 Thronis,
3252 2986 3307 3031 et
3347 2975 3663 3045 episcopum
3696 2969 3819 3035 ejus
3852 2980 3932 3017 re-

2360 3080 2466 3135 fert
2490 3080 2592 3133 sub
2624 3075 2966 3144 metropolim
2993 3068 3377 3141 Trapezuutis.
3418 3064 3545 3119 llmc
3572 3061 3767 3115 eadem
3798 3070 3922 3112 cum

746 3189 864 3245 XV.
908 3161 1403 3257 Cltebetz,-llustio
1426 3161 1596 3248 lebat
1631 3161 1947 3262 υεειυὶιιοε,
1976 3200 2036 3246 ut
2061 3191 2249 3246 eodem
2277 3212 2322 3273 ρ
2361 3173 2625 3230 hodierna
2660 3169 2873 3273 scilicet
2894 3166 3115 3273 Pila-asa.
3136 3161 3323 3273 fuerit.

678 3285 853 3353 rapite
874 3284 1105 3341 dictum.
1140 3283 1322 3341 Locus
1353 3290 1491 3341 situs
1521 3285 1575 3357 i_u
1600 3288 1784 3341 littore
1815 3286 1969 3341 sinus
2003 3284 2250 3349 Arabici,

677 3382 943 3436 ﬁnitimus
967 3390 1051 3437 est
1097 3381 1331 3451 imperio
1397 3382 1541 3452 regis
1586 3381 1905 3450 .IEtliiopum
1949 3381 2256 3450 Prtetejani.

749 3469 889 3525 XVI.
934 3469 1115 3523 Missir
1169 3469 1481 3540 beglerbeg.
1538 3471 1701 3524 Cairo
1761 3480 1979 3538 przeest,
2042 3480 2098 3524 et
2155 3473 2257 3527 toti

677 3564 938 3634 Egypto.
986 3563 1240 3632 Sangiaci
1274 3565 1376 3616 sub
1407 3577 1473 3616 eo
1531 3562 1826 3617 sexdecim.

755 3656 916 3711 XVII.
960 3654 1124 3724 Cypri
1163 3653 1477 3725 beglerbeg.
1522 3652 1758 3726 Nicosim
1784 3654 1867 3709 vel
1918 3653 2262 3725 Famagustre

683 3752 853 3821 tlt‘glt.

752 3845 943 3901 XVIII.
990 3841 1361 3900 Sclieberezul
1395 3840 1706 3912 beglerbeg,
1737 3840 1792 3895 in
1814 3839 2059 3912 Assyria,
2082 3838 2264 3896 Persis

684 3938 977 3993 ﬁnitimus.
1950 3936 1954 3942 ’

758 4028 901 4082 XIX.
942 4028 1085 4083 Wan
1134 4027 1444 4100 brglerbeg,
1499 4025 1723 4095 respicit
1768 4024 2061 4080 Persarum
2104 4024 2265 4089 ﬁnes,

683 4136 875 4175 Versus
901 4121 1193 4178 Sirvanum
1219 4121 1334 4175 sive
1366 4118 1620 4183 Mediam,
1664 4128 1719 4172 et
1741 4118 2058 4172 Armeniam
2092 4116 2290 4186 majoa

691 4229 830 4275 tem,
860 4228 959 4267 ceu
983 4213 1190 4266 dictum
1226 4212 1404 4281 capite
1438 4212 1795 4280 praecedenti.

766 4305 883 4359 XX.
926 4307 1192 4359 Arzcrum
1228 4305 1312 4359 vel
1337 4304 1544 4357 Erzum
1574 4303 1890 4372 beglerbeg,
1920 4304 1974 4357 in
2011 4301 2269 4357 Armenia

690 4398 908 4466 majori,
949 4397 1017 4450 ad
1062 4397 1265 4449 limites
1303 4392 1519 4449 Sirvaui
1564 4394 1681 4448 sive
1727 4392 1941 4454 Mediae,
1996 4400 2051 4446 et
2099 4390 2269 4446 Geor—

689 4494 1005 4558 gianorum.
1038 4488 1212 4540 Distat
1244 4502 1274 4540 a
1301 4485 1616 4541 Tarbosaue
1641 4484 1757 4539 sive
1785 4482 2145 4553 Trapezunte,
2171 4498 2266 4537 sex

692 4583 906 4635 dierum
942 4581 1158 4633 itinere.

760 4669 900 4726 XXI.
943 4670 1155 4738 Tiplilis
1220 4666 1535 4738 beglerbeg,
1601 4666 1877 4721 ﬁnitimus
1940 4665 2268 4736 Gcorgianis

691 4768 806 4822 sive
831 4762 1148 4831 Curggiuis,
1186 4772 1414 4815 utnuuc
1444 4760 1773 4830 appellatur.
1824 4759 2119 4815 lnstitutus
2166 4759 2269 4813 fuit

692 4876 721 4910 a
754 4856 1038 4925 Mustapba
1072 4854 1230 4908 bassa
1268 4851 1492 4907 serdarc
1541 4866 1685 4905 anno
1724 4850 2046 4906 Christiano
2097 4852 2273 4905 mille-

694 4951 836 5004 simo
864 4945 1305 5016 quingentesimo
1359 4944 1770 5013 septuagesimo
1812 4951 2033 5008 octavo,
2085 4959 2273 4997 mense

697 5038 1024 5109 Septembri.
1050 5035 1229 5089 Locus
1252 5035 1415 5087 etiam
1456 5033 1655 5102 priscis
1677 5044 1863 5100 notus,
1904 5035 2044 5102 apud
2077 5032 2269 5087 Codri-

697 5148 823 5185 tmm
863 5128 1134 5196 reperitur
1165 5127 1220 5179 in
1246 5124 1616 5179 Constantino
1665 5123 2048 5187 Monomacbo,
2090 5122 2273 5177 verbis

700 5218 1060 5289 lmjusmodi:
1098 5217 1261 5269 Asam
1294 5214 1366 5283 (is
1424 5225 1543 5267 erat
1579 5230 1608 5269 e
1658 5214 2058 5285 Tangrolipicis
2105 5214 2276 5269 fratre

700 5311 880 5380 natus)
921 5328 949 5363 a
979 5309 1197 5363 sultano
1247 5305 1633 5376 Tangrolipice
1683 5307 1884 5361 missus
1914 5316 2107 5360 contra
2168 5307 2273 5361 Ito-

703 5415 915 5464 mauos,
951 5414 1077 5451 cum
1111 5395 1438 5449 Taurezium
1460 5436 1476 5461 ,
1507 5382 1585 5449 et.
1617 5395 1879 5465 oppidum
1932 5398 2273 5451 nominatum

700 5490 945 5559 Τυριιιίε,
973 5488 1339 5558 praeterisset:
1373 5484 1831 5556 Vaaspracaniam
1862 5488 2139 5559 ingressus
2171 5499 2274 5555 cst,

706 5586 756 5638 id
784 5593 869 5638 est
904 5582 1154 5637 Mediam.

775 5674 939 5729 XXII.
997 5675 1190 5731 Sirvau
1257 5678 1567 5745 beglcrbeg.
1638 5675 1751 5729 Hoc
1806 5676 2027 5729 nomine
2104 5671 2277 5727 Media

706 5782 853 5822 tntuc
891 5770 1215 5837 appellatur,
1248 5785 1278 5823 a
1312 5768 1597 5837 metmpoli
1627 5767 1850 5830 Sirvan,
1880 5783 2045 5834 quam
2083 5766 2274 5817 eodem

707 5878 851 5925 aiqu
880 5861 1193 5931 Mustaplias
1224 5862 1366 5919 idem
1423 5862 1588 5930 cepit,
1620 5871 1673 5917 et
1728 5861 1967 5929 primum
2004 5858 2130 5915 istic
2183 5857 2277 5912 bc-

2438 3268 2653 3323 XXVII.
2698 3263 2938 3319 Soclmm
2999 3259 3292 3329 beglerbeg
3323 3295 3340 3321 ,
3381 3254 3438 3309 in
3494 3251 3934 3320 Georgianorum

2360 3360 2603 3415 ﬁnibus.
2657 3371 2687 3409 a
2744 3354 2949 3409 Siuane
3028 3351 3189 3406 bassa
3249 3349 3594 3403 vezirazeme
3645 3340 3936 3396 institutus

2361 3468 2507 3507 anno
2556 3448 2869 3507 Christiano
2919 3443 3212 3501 millesimo
3284 3436 3726 3511 quingentesimo
3779 3440 3938 3487 octo-

2361 3550 2587 3621 gesimo.

2436 3635 2679 3691 XXVIII.
2714 3631 2870 3688 Batin
2904 3628 3215 3701 bcglerbeg,
3250 3625 3453 3681 ibidem
3490 3638 3520 3677 a
3556 3619 3758 3677 Sinade
3807 3627 3937 3672 tunc

2363 3731 2677 3786 institutus.

2436 3819 2632 3876 XXIX.
2674 3818 2860 3874 Rcvan
2891 3816 3206 3885 beglerbeg.
3244 3811 3405 3866 Hunc
3450 3809 3628 3864 locum
3674 3804 3942 3859 Fcrbatcs

2366 3916 2530 3971 bassa
2558 3912 2706 3983 cepit
2743 3919 2799 3965 ct
2830 3908 3067 3964 munivit
3096 3921 3242 3960 anno
3276 3902 3593 3959 Christiano
3644 3896 3942 3952 millesimo

2366 4005 2807 4079 quingentesimo
2844 4000 3181 4071 octogesimo
3231 3997 3494 4062 secundo,
3524 4002 3772 4063 ereptum
3800 3991 3941 4043 Toc-

2371 4100 2514 4156 maci
2552 4100 2794 4160 sultano,
2850 4092 3198 4150 Persicorum
3232 4091 3467 4161 partium
3523 4086 3779 4157 principi.
3845 4082 3944 4137 Be-

2368 4191 2660 4263 glerbegus
2692 4189 2817 4246 istic
2861 4188 3069 4257 primus
3118 4185 3221 4239 fuit
3251 4181 3548 4254 Cigaloglis
3603 4180 3786 4241 bassa,
3841 4175 3944 4232 Ce-

2371 4298 2528 4339 IIII-'15.

2443 4371 2615 4429 XXX.
2663 4354 2926 4426 Somaltie
2978 4369 3287 4439 beglerbcg.
3330 4366 3407 4420 De
3467 4363 3721 4421 Somakia
3750 4402 3766 4426 ,
3825 4377 3949 4432 qua:

2371 4465 2801 4536 Chalcocondyli
2832 4462 3121 4517 Samacltia
3158 4461 3497 4523 nominatur,
3528 4458 3737 4513 dictum
3757 4470 3946 4523 supra,

2295 4563 2342 4618 D
2370 4562 2551 4632 capite
2585 4561 2705 4616 I88.
2734 4559 3156 4631 Beglerbegatus
3183 4555 3343 4626 505
3378 4565 3572 4609 auctor
3607 4552 3711 4607 luit
3740 4551 3945 4606 Osman

2372 4658 2559 4721 bassa,
2592 4671 2738 4710 anno
2778 4654 3094 4710 Christiano
3152 4649 3453 4704 millesimo.
3503 4646 3948 4717 quingentesimo

2372 4748 2713 4818 octogesimo
2740 4745 2925 4800 tertio.

2445 4839 2784 4894 Posteriores
2819 4847 3001 4891 autem
3041 4833 3458 4903 beglerbegatus
3508 4831 3584 4894 lii.
3645 4830 3799 4884 bello
3862 4831 3951 4884 de-

2373 4931 2587 4986 cennali
2639 4930 2881 4994 Persico,
2942 4929 3089 4997 quod
3150 4926 3333 4981 adhuc
3389 4924 3618 4995 geritur,
3682 4922 3953 4982 instituti;

2375 5024 2835 5095 quemadmodum
2874 5023 2997 5076 novi
3023 5029 3177 5087 sunt,
3206 5021 3280 5073 ita
3308 5020 3488 5091 potius
3528 5018 3757 5071 nomine
3795 5026 3953 5069 tenus

2375 5123 2457 5175 sic
2487 5116 2797 5189 appellandi
2824 5116 3071 5180 veniunt,
3125 5128 3226 5168 nec
3252 5128 3378 5168 cum
3428 5111 3671 5179 antiquis
3730 5124 3957 5177 compa-

2378 5214 2560 5268 randi.
2589 5211 2767 5277 Nunc,
2806 5208 3054 5263 ordinem
3100 5217 3308 5262 natura:
3372 5204 3673 5275 sequendo,
3731 5218 3959 5271 provin-

2378 5306 2478 5360 ciis
2510 5304 2652 5358 Asiae
2696 5300 2989 5356 recensitis
3043 5298 3328 5353 meridiem
3377 5310 3568 5351 versus
3624 5294 3693 5349 ab
3744 5295 3959 5348 oriente

2377 5394 2813 5465 progrediamur.

2752 5484 2881 5539 9.56.
2923 5482 3120 5551 Africo:
3162 5479 3584 5550 Beglcrbegatus.

2450 5575 2492 5629 l.
2522 5575 2714 5630 Cesair
2749 5574 3059 5643 bcglerbeg.
3090 5570 3285 5625 Sedem
3348 5570 3511 5623 liabet
3563 5568 3623 5621 in
3680 5567 3955 5638 Algesair.

2380 5684 2501 5735 qua:
2529 5668 2737 5724 nostris
2761 5674 2846 5721 est
2871 5664 3170 5735 Alget-ium,
3203 5662 3371 5718 sicuti
3432 5662 3610 5731 capite
3638 5660 3750 5715 2‘27
3811 5673 3961 5717 nuta-

2382 5771 2517 5816 tum.

2452 5855 2516 5909 ll.
2542 5850 2735 5908 Tuuisi
2762 5850 3180 5921 beglerbegatus
3210 5847 3420 5906 residet
3447 5846 3673 5903 ibidem.
