4164 6426
219 354 323 420 921
1407 355 1549 414 ΡΑΝ
1562 352 1798 413 DECTE
1838 352 1861 410 Ι

1838 352 2042 411 ιιιετ.
2082 348 2382 410 'runcm.
2978 406 2987 417 ,
3351 329 3458 395 9‘22

282 468 370 522 ill.
400 467 606 539 Tripoli
639 470 950 540 beglcrbeg.
984 470 1327 525 Dumicilium
1362 470 1559 524 ibidem
1593 469 1776 521 habet.
1811 478 1854 531 Α
1952 466 2006 517 2.
2042 464 2212 518 Filek.

284 564 423 615 Sunt
454 571 633 616 autem
690 562 890 618 Africa
930 564 1038 617 duo
1098 571 1362 632 przeterea
1414 576 1604 630 regna,
1641 560 1778 612 libro
1956 555 2011 609 5.
2036 555 2328 618 Zetschcn,
2355 553 2472 608 sive
2492 548 2717 604 Zetzcn.

212 650 517 706 Turcarum
569 655 653 709 vel
718 655 1145 710 Ostnanidarum
1188 654 1271 725 (ut
1327 653 1430 723 ipsi
1481 654 1781 721 loquuntur
1954 644 2260 702 4.Zolnok.

214 745 497 815 inscripta)
530 762 651 815 quae
683 757 863 801 tamen
898 747 1133 802 necdum
1170 748 1309 799 inter
1365 744 1780 814 beglerbegatus
1956 743 2007 795 5.
2044 742 2213 793 Gran.

214 835 553 903 referuntur,
581 837 675 893 sed
706 840 888 908 potius
923 839 1337 893 tributariorum
1367 850 1461 889 seu
1494 833 1779 887 l‘eudorum
1956 833 2011 888 6.
2053 830 2309 899 Segedin.

210 930 433 983 nomine
468 932 727 995 veniunt;
766 931 929 986 Fessa
962 933 1244 991 nimirum,
1273 947 1396 982 cum
1430 926 1667 979 Maroco.
1955 927 2009 980 7.
2052 925 2185 978 Alba
2214 922 2428 992 regalis.

283 1020 437 1075 Nunc
464 1022 528 1076 ad
552 1021 913 1083 occidentem.
940 1030 994 1074 et
1047 1020 1382 1089 aquilonem,
1416 1034 1535 1088 qua:
1579 1024 1785 1071 restent
1956 1016 2007 1069 8.
2042 1015 2271 1069 Sexard.

215 1114 533 1183 provinciae,
569 1114 873 1168 videamus.
1959 1109 2011 1164 9.
2038 1109 2438 1163 Simontornar.

639 1208 869 1276 Europa:
934 1206 1357 1274 Beglerbegatus.
1962 1200 2051 1253 10.
2075 1199 2280 1270 C0pan.

287 1303 327 1357 1.
367 1301 581 1356 Rumeli
612 1299 922 1369 bcglerbeg.
944 1313 1104 1367 quem
1138 1296 1360 1350 Graecia:
1377 1302 1591 1348 vocant.
1615 1291 1785 1345 Sedes
1962 1293 2050 1346 11.
2072 1292 2305 1346 Muhatz.

208 1395 334 1459 eius
367 1401 445 1447 est
477 1390 712 1460 Sophia}.
748 1386 861 1442 Sub
884 1388 1131 1456 ejusdem
1165 1385 1363 1440 vexillo
1426 1383 1786 1439 Sanpiaeatus
1962 1382 2049 1436 12.
2078 1380 2255 1453 Ziget,
2290 1383 2405 1437 sive
2433 1382 2676 1436 Saswar.

210 1488 549 1557 infrascripti
584 1484 954 1561 continentur.
1963 1475 2049 1529 15.
2079 1476 2368 1539 Petscbeu,
2398 1475 2483 1530 vel
2504 1474 2759 1544 Quinque
2786 1471 3052 1527 ecclesiae.

290 1584 339 1637 1.
373 1582 574 1652 Sophia
604 1580 827 1636 Serviae.
1959 1568 2046 1621 14.
2079 1567 2365 1621 Sirmium.

287 1677 344 1730 2.
378 1675 622 1744 Nigeboli
646 1676 761 1730 sive
785 1671 1088 1744 Nicopolis,
1111 1667 1234 1722 vide
1260 1680 1381 1734 cap.
1416 1663 1509 1720 5|.
1966 1660 2054 1713 15.
2089 1658 2431 1713 Semeudria.

285 1770 338 1823 5.
372 1769 688 1823 Kircklisse.
718 1766 854 1821 Vide
883 1780 1008 1835 cap.
1040 1761 1168 1817 195.
1817 1818 1863 1835 _

1820 1818 1863 1835 n
1965 1750 2058 1807 IV.
2090 1751 2401 1807 Temeswur
2451 1750 2757 1819 bcglerbeg.
2808 1749 3025 1804 lli-sidvt
3075 1748 3294 1801 ibidem.
3323 1746 3464 1802 Sub-

287 1861 341 1916 4.
372 1861 534 1932 Vyza,
570 1860 834 1914 Thraciae.
952 1818 968 1835 I
1814 1818 1865 1882 Β
1890 1846 2023 1917 jecti
2052 1856 2180 1899 sunt
2216 1846 2333 1916 ejus
2370 1846 2831 1899 administrationi
2867 1844 3215 1912 sangiacatus
3259 1844 3309 1893 hi
3345 1857 3358 1892 :

287 1957 340 2011 5.
368 1954 612 2019 Kirmen,
645 1935 993 2009 Macedoniae.
1966 1942 2015 1993 1.
2061 1939 2390 1993 Temeswar.

288 2055 340 2107 6.
372 2038 607 2115 Sillistra,
643 2049 772 2103 ibid.
1960 2036 2017 2091 2.
2044 2034 2293 2090 Mudava.

288 2149 341 2205 7.
375 2145 708 2212 Giustandil,
736 2141 875 2201 ibid.
1962 2128 2015 2183 5.
2065 2129 2386 2183 Vilaoswar.

286 2242 339 2295 8.
380 2240 611 2305 Bender,
640 2252 830 2292 versus
852 2235 1124 2289 Euxinum
1154 2230 1491 2300 Keraiosquc
1527 2227 1784 2284 Tatarus.
1962 2222 2015 2277 4.
2051 2221 2380 2278 'l‘schiauad.

285 2338 344 2391 9.
375 2336 704 2389 Acherman.
746 2330 876 2384 Vide
902 2345 1025 2399 cap.
1061 2328 1185 2383 159.
1964 2311 2017 2365 5.
2053 2313 2417 2373 Wtschitirni.

288 2428 379 2484 10.
408 2425 661 2495 UscOpia.
695 2422 831 2477 Vide
860 2437 983 2491 cap.
1018 2421 1139 2475 169.

577 2426 661 2478 μὴ.
695 2422 831 2477 Vide
860 2437 983 2491 cap.
1018 2421 1139 2475 169.
1965 2421 2018 2475 6.
2043 2419 2221 2474 Giula.

291 2516 381 2571 11.
422 2510 1019 2576 Prisrem,Thessa|ia:.
1965 2519 2017 2571 Ἰ.
2069 2512 2240 2567 Vidin.

293 2610 383 2665 12.
410 2606 705 2671 Saloniclti,
744 2592 1063 2661 Thessaliae.
1965 2609 2019 2664 8.
2054 2605 2208 2676 Lipa.

292 2705 386 2758 15.
414 2700 688 2763 Tricbala,
729 2696 951 2752 ibidem.
1971 2700 2037 2752 V.
2071 2700 2250 2751 Bozna
2294 2697 2602 2765 beglerbeg.
2632 2696 2800 2749 Sedes
2827 2695 2996 2764 ipsius
3028 2693 3081 2746 in
3119 2693 3467 2763 Bagnialuca.

288 2796 380 2850 14.
418 2793 650 2857 Misitra,
673 2790 947 2862 quondam
986 2788 1177 2861 Sparta
1208 2787 1423 2844 Morem.
1902 2794 2265 2864 Sangiacatus
2291 2791 2344 2843 bi
2382 2789 2589 2845 subditi
2614 2798 2758 2844 sunt.

290 2887 383 2940 15.
411 2884 763 2953 Ρειωορειῑτει,
796 2882 925 2937 ibid.
1975 2887 2025 2940 1.
2057 2884 2405 2954 Bagnialuca.

297 2979 388 3035 16.
418 2976 633 3048 Jagnia,
657 2973 926 3029 Joannina
952 2972 1191 3030 )Etoliat.
1966 2980 2025 3033 2,
2063 2977 2325 3051 Poscheg.

295 3075 385 3127 17.
417 3070 678 3125 Delvuiua
723 3092 747 3128 ι
805 3116 818 3128 .
873 3116 885 3128 .
946 3116 956 3127 .

616 3083 678 3122 na
723 3092 747 3128 ι
805 3116 818 3128 .
873 3116 885 3128 .
946 3116 956 3127 .
1974 3073 2029 3127 5.
2060 3072 2260 3128 Clissa.

410 3092 678 3219 ἕῗὲἔὲιιτιίι
716 3092 747 3229 Ῐ
789 3116 1028 3171 Achaiae.
1974 3092 2029 3127 o.
2060 3092 2261 3128 ωιδδει.
2346 3166 2357 3177 ⁸

371 3204 385 3218 .
577 3177 675 3217 san
1826 3183 1870 3241 ο
1974 3167 2028 3221 4.
2064 3164 2454 3235 Hcrzcguvma.

292 3258 386 3313 19.
409 3257 669 3311 Avelona.
710 3254 845 3310 Vide
865 3264 1029 3324 caput
1055 3253 1185 3309 242.

562 3270 669 3310 ina.
710 3254 845 3310 Vide
865 3264 1029 3324 caput
1055 3253 1185 3309 242.
1972 3257 2026 3312 5.
2054 3256 2206 3311 Lika.

291 3349 387 3403 20.
429 3345 727 3417 Ducaggin.
757 3344 893 3400 Vide
926 3351 1089 3415 caput
1107 3342 1235 3399 206.
1972 3348 2027 3402 ϐ.
2058 3346 2389 3402 Sazcscbua.

294 3442 389 3495 21.
421 3438 641 3496 lscodar
668 3439 723 3493 in
754 3437 1009 3493 Albania.
1046 3435 1185 3492 Vide
1204 3451 1323 3506 cap.
1353 3434 1476 3490 121.

693 3455 723 3493 n
754 3437 1009 3493 Albania.
1046 3435 1185 3492 Vide
1204 3451 1323 3506 cap.
1353 3434 1476 3490 121.
1975 3441 2025 3495 7.
2060 3437 2337 3496 lswornik.

299 3535 368 3588 ll.
408 3532 595 3588 Denizi
626 3531 933 3601 beglerbeg,
961 3530 1051 3600 qui
1084 3538 1137 3583 et
1166 3528 1397 3595 Capitan
1462 3530 1621 3582 bassa
1674 3526 1797 3581 vul-
1974 3532 2028 3588 8.
2068 3533 2323 3591 Brisrcm,

206 3645 315 3697 go,
360 3641 456 3694 pro
476 3626 645 3680 maris
679 3622 982 3694 Capitaneo
1014 3620 1132 3676 sive
1158 3619 1419 3676 Praetore.
1439 3620 1605 3674 Sedes
1628 3619 1799 3688 ipsius
1975 3625 2029 3681 9.
2065 3626 2397 3681 Allatscbiar
2422 3626 2661 3681 chissar.

202 3733 308 3775 (‘St
332 3718 607 3787 Gallipoli.
635 3716 989 3787 Sangiacatus
1020 3713 1071 3768 ei
1112 3712 1345 3785 subjecti
1383 3720 1549 3767 sunt:
1977 3719 2063 3774 Vl.
2096 3718 2243 3772 Colle
2277 3718 2585 3789 beglerbeg.
2637 3720 2766 3788 Ejus
2801 3724 2958 3775 sedes
3008 3730 3091 3776 est
3147 3724 3211 3777 ad
3284 3725 3471 3778 urbem

299 3813 354 3866 1.
381 3810 685 3881 Callipolis.
716 3807 850 3863 Vide
881 3822 1007 3878 cap.
1045 3802 1140 3862 23.
1899 3810 2143 3880 Capbam
2177 3812 2231 3864 in
2263 3810 2494 3865 Taurica
2520 3813 2882 3869 Chersoneso.
2934 3812 3294 3884 Sangiacatus
3330 3819 3470 3871 duu-

294 3904 352 3956 2.
387 3904 598 3970 Galata,
626 3918 745 3972 cap.
771 3900 893 3957 127.
1904 3909 2055 3955 taxat
2107 3910 2225 3954 erat
2295 3902 2452 3957 initio
2508 3904 2829 3973 beglerbego
2885 3904 3109 3961 Cra-cia:
3167 3910 3469 3977 subjectus.

300 3996 356 4050 5.
390 3994 726 4060 Nicomedia,
759 4010 882 4062 cap.
912 3994 1002 4049 74.
1904 3991 2110 4047 Prwtcr
2160 3994 2425 4065 Capham,
2489 4006 2543 4050 et
2580 3998 2629 4051 ei
2689 4000 2865 4052 vicina
2920 3999 3060 4062 loca,
3121 4005 3472 4073 Suttgiacaltls

295 4091 350 4145 4.
376 4087 621 4153 Limnos,
654 4102 774 4158 cap.
806 4086 933 4141 229.
1904 4102 2096 4142 omnes
2127 4088 2334 4141 ditione
2360 4105 2457 4143 sua
2490 4090 2891 4159 complectitur,
2943 4094 3009 4143 ad
3043 4092 3267 4147 Tanaim
3320 4098 3473 4164 palu-

300 4182 355 4237 5.
395 4180 660 4254 Mityline,
682 4196 804 4252 cap.
842 4180 965 4238 158.
1902 4181 2132 4251 demque
2161 4182 2459 4236 Mwotidem
2487 4184 2644 4237 sitos.
2675 4184 2782 4237 Sed
2812 4200 2992 4238 verum
3022 4187 3067 4240 si
3097 4188 3254 4240 lateri
3319 4191 3470 4243 volu-

300 4276 353 4329 6.
381 4275 569 4338 Chios,
596 4289 718 4346 cap.
745 4273 873 4331 229.
1905 4287 2027 4326 mus
2067 4273 2369 4341 beglerbegi
2400 4289 2598 4328 nomen
2641 4278 2821 4346 potius
2872 4280 3050 4342 titulo,
3105 4296 3267 4349 quam
3322 4296 3471 4351 pote-

299 4365 352 4419 7.
388 4364 580 4431 Nexia,
618 4364 770 4422 ibid.t
1903 4365 2063 4421 statis
2090 4365 2655 4433 amplitudinetuetur.

296 4458 353 4511 8.
382 4458 763 4528 Negroponto,
794 4473 916 4530 cap.
953 4454 1076 4515 142.
1831 4525 1873 4534 _
1975 4456 2139 4527 506
2176 4456 2300 4511 Huic
2329 4468 2470 4512 meta
2504 4460 2656 4529 regni
2689 4462 2924 4526 barbari,
2980 4465 3264 4534 nostrique
3320 4466 3467 4519 labo—

294 4553 351 4608 9.
387 4525 586 4618 Rhodi,
617 4525 881 4621 «p.229:
1831 4525 1880 4585 θ
1910 4525 2152 4613 ι’ἰεήθειὸ,
2175 4566 2336 4621 quam
2369 4551 2461 4606 Dei
2492 4525 2711 4621 propitii
2764 4525 3187 4612 nutut’elictter'
3225 4562 3471 4629 attigisse

298 4644 391 4697 10,
424 4644 647 4707 Cavnla,
670 4660 790 4713 cap.
820 4646 909 4702 44,
1908 4643 2245 4712 gaudemus:
2274 4654 2328 4697 et
2356 4645 2608 4698 eumdem
2639 4648 2955 4717 suppliciter
2974 4665 3217 4715 oramus,
3249 4658 3468 4708 tandem

300 4736 603 4815 il.NapoIi
639 4736 688 4790 di
710 4735 975 4793 Bouiania
1911 4746 1968 4791 ut
2005 4736 2225 4791 abolere
2280 4738 2687 4807 sanguinariam
2744 4750 2797 4793 et
2854 4742 3075 4811 impiam
3129 4750 3469 4818 tyrannide

299 4830 397 4884 12.
441 4828 703 4897 Lepanto,
733 4846 850 4900 cap.
883 4830 1008 4885 175.
1910 4829 2056 4894 velit,
2084 4844 2148 4883 ac
2177 4832 2375 4885 veteris
2399 4835 2606 4885 oraculi
2640 4834 2926 4889 veritatem
2961 4851 3158 4894 eventu
3226 4859 3475 4913 compro-

298 4925 395 4978 15.
430 4921 489 4976 8.
513 4920 720 4989 Maura,
752 4937 866 4993 cap.
906 4923 1031 4980 178.
1910 4921 2075 4986 bare;
2103 4936 2211 4990 quo
2235 4922 2499 4976 creditum
2524 4924 2774 4990 pluribus
2828 4945 2857 4980 a
2910 4932 3150 4994 swculis,
3198 4932 3479 4989 Coranum

296 5017 394 5070 14.
425 5016 775 5070 AleXandria.
950 5005 961 5015 ’
1911 5014 2151 5082 legemve
2188 5012 2515 5071 Mahumctis
2539 5017 2718 5085 gladio
2748 5028 2986 5089 ceptam,
3044 5024 3223 5095 gladio
3279 5041 3476 5094 propa-

299 5108 398 5163 lll.
439 5106 630 5162 Budun
666 5108 971 5179 beglerbeg.
1002 5107 1171 5162 Sedes
1208 5105 1330 5176 ejus
1380 5105 1606 5159 ibidem.
1663 5104 1804 5159 Sub-
1914 5113 2113 5174 gatam,
2138 5107 2317 5175 gladio
2341 5110 2579 5179 denique
2636 5115 3031 5169 terminandatn
3059 5112 3162 5171 :‘ut
3214 5118 3478 5188 obstupe-

174 5202 361 5277 jccti
399 5212 533 5254 sunt
559 5202 731 5270 ipsius
776 5201 1150 5271 jurisdictioni
1205 5202 1553 5271 sanglacatus
1586 5203 1636 5255 hi
1668 5201 1804 5255 fere.
1916 5212 2077 5250 scens
2108 5197 2174 5250 ad
2207 5200 2388 5267 operis
2410 5200 2580 5255 divini
2610 5206 3072 5271 magnitudinem,
3098 5220 3150 5261 et
3178 5208 3390 5264 eilusus
3424 5210 3483 5265 in

300 5292 326 5344 1
344 5330 357 5343 .
401 5286 705 5359 Novigrad.
1918 5293 2146 5363 hymnos
2175 5293 2288 5348 oris
2314 5293 2658 5362 bunivcrsus,
2683 5298 2933 5353 accinat:

1266 5447 1562 5486 IIIIORTALI
1595 5448 1661 5485 ET
1693 5448 1898 5486 ONUIO
1923 5449 2143 5487 ΙΑΧυὶΙΟ
2181 5450 2283 5489 DEO
2321 5450 2437 5490 SOLI

1123 5541 1289 5581 ΙΙΩΝΟΕ
1316 5542 1473 5580 omns
1514 5542 1580 5580 ΕΤ
1624 5541 1780 5580 Ollle
1803 5541 1994 5582 GLORIA
2036 5544 2265 5584 S/ECL'LIS
2298 5546 2567 5585 lNFlNlTlS.
