4164 6426
209 379 309 439 925

881 389 1276 451 LEONARDI
1322 394 1688 457 ClllENSlS
1733 399 1826 457 DE
1863 400 2471 462 EXPUGNA'I‘IU‘NE
2513 408 2793 469 CPOLlS.

3369 413 3475 476 9.?6

199 492 371 546 oculis
388 492 684 548 discrimen
714 497 969 553 ultimum
1003 504 1373 572 etjactnratn.
1403 504 1513 561 Nec
1559 508 1773 573 dubito,
1814 516 1852 568 Α
1885 527 2050 578 quam
2088 513 2140 567 in
2175 517 2289 571 dies
2315 521 2799 586 exspeetabamus,
2837 522 2978 576 inter
3007 537 3157 591 spem
3194 534 3243 579 et
3272 527 3471 597 despc.

204 586 356 639 Pater
397 598 624 653 sancte,
673 595 1023 655 praecessisse
1086 614 1172 650 me
1231 601 1472 666 multos,
1531 605 1625 668 qui
1702 606 1777 657 rei

200 691 364 745 gesta'
396 681 592 733 seriem
634 682 762 735 Tua:
821 684 1115 743 Sanctitati
1161 694 1505 750 retulerunt.
1556 696 1781 751 Confert

199 771 342 823 enim
381 771 677 827 multorum
715 775 766 828 in
792 792 958 831 unum
988 779 1205 836 relatio.
1232 781 1338 837 Sed
1366 787 1628 854 quoniam
1659 804 1781 855 quae

200 864 318 919 visu
367 866 541 935 magis
570 883 735 937 quam
774 886 898 940 qua:
932 873 1148 939 auditu,
1185 878 1372 932 verius
1397 891 1777 947 exponuntur,

196 956 341 1023 quod
370 958 489 1011 scio
512 960 708 1027 loquar
732 969 816 1016 :et
835 964 980 1031 quod
1004 964 1109 1019 vidi
1135 1008 1149 1028 ,
1174 968 1390 1023 ﬁdelius
1407 973 1776 1026 contestabor.

265 1044 399 1099 Cum
465 1049 635 1118 igitur
696 1053 1203 1113 reverendissimus
1277 1059 1440 1114 Pater
1503 1062 1781 1118 D.cardi-

195 1135 339 1191 nalis
377 1137 698 1195 Sabinensis
730 1157 831 1209 pro
864 1146 1085 1202 natione
1112 1146 1427 1205 Graecorum
1464 1152 1699 1223 legatus,
1723 1155 1776 1209 in

196 1229 317 1297 ejus
360 1228 679 1288 famulatum
714 1251 799 1291 me
839 1252 905 1292 ex
953 1238 1092 1295 Chio
1125 1251 1396 1310 vocasset,
1430 1259 1531 1315 ego
1562 1262 1776 1301 summa

194 1340 320 1379 cum
360 1328 527 1381 animi
563 1330 669 1383 mei
709 1331 1015 1402 diligentia,
1050 1346 1113 1391 ut
1144 1337 1306 1392 fidem
1331 1348 1539 1395 saneta:
1573 1341 1778 1395 Roma-

196 1435 277 1472 na:
316 1418 583 1477 Ecclesiae
622 1411 843 1483 fortiter
877 1437 1307 1500 constanterque
1332 1472 1346 1493 ,
1393 1434 1469 1486 uti
1529 1434 1774 1488 debitum

191 1513 385 1583 exigit,
428 1513 776 1572 defensarem
801 1559 817 1584 ,
853 1522 1143 1591 captabam
1177 1524 1407 1591 perinde
1434 1535 1489 1580 et
1520 1542 1702 1582 mores
1723 1538 1777 1583 et

193 1615 446 1660 naturam
478 1608 795 1667 Graecorum
821 1655 836 1677 ,
871 1617 1326 1684 argumentisque
1356 1632 1420 1672 ac
1451 1628 1773 1675 sanctorum

192 1688 572 1772 theologorum
598 1704 760 1760 dictis
781 1708 1017 1763 conabar
1036 1709 1362 1781 intelligere,
1383 1712 1659 1780 quodnam
1685 1730 1775 1769 eo-

190 1808 312 1845 rum
342 1803 489 1849 esset
538 1789 822 1864 s‘tudium;
858 1801 1005 1869 quod
1054 1804 1420 1873 propositum,
1453 1821 1573 1874 qua)
1605 1808 1771 1861 ratio-

191 1903 309 1949 nes,
341 1889 466 1957 quis
514 1891 640 1948 linis
674 1909 769 1949 eos
802 1911 832 1949 a
864 1911 993 1950 vera
1029 1896 1394 1969 intelligentia
1421 1939 1439 1964 ,
1472 1901 1767 1973 debitaque

188 1980 501 2037 obedientia
540 1986 624 2039 vel
673 1997 987 2054 revocaret,
1018 1991 1105 2046 vel
1152 1994 1483 2049 retraheret.
1514 1995 1767 2050 Intellexi

190 2076 370 2141 plane,
417 2086 616 2145 praeter
689 2080 1080 2153 Argyropilum
1144 2088 1348 2140 artium
1426 2088 1765 2158 magistrum,

188 2167 552 2239 TbeOphilum
584 2172 972 2247 Palazologum,
997 2178 1577 2254 Hieromonachosque
1604 2200 1769 2253 quos-

188 2262 313 2314 dam
347 2279 572 2331 paucos,
602 2275 658 2321 et
686 2268 823 2323 alios
854 2271 1026 2326 laicos
1053 2287 1068 2337 ;
1102 2274 1249 2343 quod
1285 2275 1516 2331 ambitio
1543 2277 1767 2334 Graecos

188 2357 343 2423 quasi
361 2373 550 2414 omnes
571 2363 930 2432 captivasset:
960 2374 1018 2421 ut
1042 2383 1202 2423 nemo
1230 2381 1378 2425 esset
1408 2373 1528 2441 qui,
1556 2374 1675 2427 zelo
1702 2374 1766 2427 fi--

189 2450 275 2503 dei
328 2450 409 2503 vel
437 2453 631 2508 salutis
679 2470 793 2510 suae
847 2469 1051 2525 motus,
1094 2461 1307 2528 primus
1339 2463 1619 2519 videretur
1649 2465 1765 2522 fieri

189 2546 329 2601 velle
383 2564 497 2603 sua:
558 2551 836 2619 Opinionis
893 2564 950 2609 et
1003 2558 1321 2625 pertinaciae
1395 2569 1763 2630 contemptor.

186 2640 343 2704 Quod
376 2657 510 2696 sane
558 2644 603 2698 si
664 2659 771 2699 non
830 2655 939 2700 tam
990 2664 1054 2703 ex
1109 2650 1231 2705 zelo
1276 2651 1424 2713 fidei,
1472 2662 1524 2706 et
1578 2668 1764 2707 amore

185 2730 517 2788 Christiana
569 2736 882 2806 religionis,
921 2755 1086 2809 quam
1135 2757 1199 2795 ex
1247 2743 1495 2798 affectata
1525 2745 1761 2813 quadam

187 2823 376 2892 gloria:
427 2825 681 2882 humanae
720 2830 1021 2900 cupiditate
1068 2831 1356 2899 fecissent,
1408 2820 1764 2907 summopere

187 2916 293 2971 hoc
351 2918 571 2972 nomine
650 2923 1070 2977 commendandi
1144 2936 1353 2988 essent,
1408 2927 1763 2997 ipsorumque

184 3008 369 3063 fervor
421 3013 681 3067 omnibus
715 3014 807 3082 qui
844 3014 1069 3070 Christo
1125 3033 1325 3070 nomen
1367 3019 1659 3081 dederunt,
1710 3029 1763 3074 et

180 3100 535 3157 admirationi
579 3115 634 3158 et
666 3105 958 3161 imitationi
1003 3109 1198 3163 merito
1232 3125 1357 3164 esse
1382 3111 1626 3165 deberet.
1659 3110 1761 3166 Ve-

1887 604 2152 658 rationem
2201 609 2534 664 constitutos
2569 627 2694 666 esse
2717 653 2731 667 .
2772 612 2907 682 Spes
2938 614 3004 668 de
3036 625 3130 668 tuo
3154 631 3466 685 exspectato

1885 697 2138 752 subsidio
2168 700 2335 754 dabat
2376 702 2669 767 ﬁduciam;
2708 705 2872 759 timor
2903 707 2972 762 de
3005 707 3321 783 Graecorum
3356 728 3476 781 per-

1887 789 2084 844 tinacia
2114 792 2555 862 desperationem
2595 800 2947 866 suggerebat.
2991 800 3108 856 Heu
3138 804 3151 856 !
3193 819 3315 872 quze
3348 821 3472 873 Spes

1884 882 1940 934 in
1973 887 2174 954 pOptth
2204 888 2347 942 duro
2400 892 2550 958 gravi
2578 892 2891 962 iniquitate,
2918 895 3011 963 qui
3048 905 3125 951 tot
3161 897 3320 950 annis
3353 898 3473 951 sine

1883 978 1993 1030 vita
2054 981 2334 1048 spirituali
2399 984 2686 1040 abscissus
2752 1002 2781 1039 a
2842 988 3023 1055 capite
3072 991 3473 1056 permanebat!

1884 1073 2173 1139 Quomodo
2222 1091 2328 1129 non
2384 1076 2683 1146 desperati,
2741 1082 3019 1149 quomodo
3068 1099 3174 1135 non
3209 1083 3467 1152 ahjectia

1885 1165 2012 1226 Deo,
2035 1166 2129 1233 qui
2147 1168 2319 1220 tantis
2339 1169 2911 1234 dissimilitmlinibus,
2935 1174 3103 1226 tantis
3128 1173 3471 1242 ﬁctionibus,

1888 1256 2170 1325 tantisque
2208 1258 2499 1325 scissuris,
2544 1262 2612 1314 ab
2646 1261 2896 1318 Ecclesia
2928 1266 3166 1334 elongati
3196 1265 3467 1324 Romana.

1882 1351 1934 1404 in
1967 1351 2151 1405 cordis
2182 1351 2394 1406 duritia
2433 1365 2884 1423 permanserunt.
2913 1358 3125 1413 Etenim
3153 1360 3265 1425 jam
3294 1360 3471 1426 capti-

1881 1443 2026 1507 vati,
2076 1446 2231 1509 urbe,
2283 1447 2524 1514 templis,
2553 1463 2711 1511 auro,
2742 1449 3065 1518 laribusque
3099 1450 3377 1520 propnlsi,
3412 1454 3466 1503 in

1880 1535 2109 1593 Latinos
2153 1548 2479 1610 retorquent
2535 1541 2830 1602 oﬂ‘ensam,
2858 1551 3243 1598 asseverantes
3272 1562 3285 1597 :
3315 1544 3466 1609 Quo-

1878 1634 2024 1687 niam
2053 1636 2307 1703 unionem
2335 1636 2662 1706 (inquiunt),
2695 1637 2953 1705 fecimus,
2984 1653 3311 1707 summoque
3332 1655 3466 1707 pnn-

1879 1728 2012 1781 titici
2045 1727 2293 1782 Romano
2329 1730 2922 1785 commemorationem
2965 1730 3242 1793 dedimus,
3273 1732 3469 1786 merito

1883 1822 2228 1889 indignatum
2262 1821 2431 1875 Deum
2466 1838 2615 1878 esse.

1944 1915 1990 1970 Ο
2024 1915 2330 1983 pertinaces
2360 1916 2644 1973 homines!
2671 1918 2882 1987 iuquio.
2913 1918 2965 1973 Si
2989 1919 3191 1973 malum
3230 1921 3332 1974 hoc
3352 1933 3463 1984 εει,

1873 2006 2044 2074 prisci
2074 2006 2151 2059 illi
2185 2005 2440 2071 Basilius,
2469 2007 2835 2071 Athanasius,
2869 2008 3129 2078 Cyrillus,
3163 2011 3459 2079 cazteriqne

1879 2098 2092 2163 Patres,
2118 2114 2259 2168 quos
2296 2101 2577 2170 praecipuo
2626 2102 2935 2156 sanctitatis
2982 2103 3189 2157 honore
3240 2104 3462 2171 praefer-

1872 2190 1963 2252 tis,
1998 2192 2125 2243 mali
2152 2192 2415 2246 censendi
2449 2201 2599 2258 sunt,
2634 2195 2780 2261 quod
2816 2203 3064 2248 sanctam
3103 2211 3263 2249 unam
3307 2212 3456 2250 eam-

1872 2282 2105 2353 demque
2170 2286 2330 2339 fidem
2408 2302 2533 2339 cum
2587 2286 2827 2341 Romana
2882 2288 3144 2354 Ecclesia,
3212 2289 3456 2341 omnimn

1868 2375 2312 2431 Christianorum
2402 2378 2693 2446 magistra,
2787 2384 3102 2435 coluerunt.
3166 2380 3285 2433 Non
3347 2381 3461 2433 hate

1868 2481 2036 2522 causa
2067 2477 2172 2533 est,
2216 2470 2362 2539 quod
2401 2471 2686 2533 unionem,
2717 2473 2810 2525 sed
2843 2471 2990 2541 quod
3033 2474 3293 2527 unionem
3350 2490 3459 2526 nou

1868 2574 2077 2628 veram,
2112 2564 2206 2617 sed
2252 2564 2438 2617 ﬁctam
2497 2563 2732 2618 fecistis.
2775 2562 2886 2619 llac
2920 2567 2988 2621 de
3031 2581 3088 2619 re
3142 2566 3339 2619 merito
3376 2566 3461 2617 in-

1869 2659 2157 2727 dignatum
2194 2654 2362 2709 Deum
2394 2671 2408 2708 :
2462 2653 2568 2708 hac
2592 2655 2660 2708 de
2693 2655 2919 2719 reiusta
2976 2655 3467 2709 animadversione

1868 2750 1920 2803 in
1971 2749 2211 2802 hostium
2272 2761 2473 2800 manus
2545 2760 2645 2800 vos
2727 2762 2849 2803 esse
2910 2749 3195 2802 deductos.
3264 2749 3457 2801 Annon

1867 2842 2220 2911 sponsionem
2281 2840 2352 2892 de
2409 2839 2638 2902 unione,
2713 2849 2905 2893 sancto
2950 2839 3267 2908 juramento
3315 2839 3457 2906 apud

1867 2933 2244 2988 Florentinam
2270 2931 2543 3001 synodum
2575 2931 2945 2999 conscriptam
2978 2929 3269 2984 violastis?
3323 2930 3456 2983 obe-

1865 3027 2123 3083 dientiam
2166 3025 2526 3079 declinastis?
2577 3026 2903 3079 sententiam
2966 3025 3167 3079 decreti
3221 3024 3461 3077 occulta-

1863 3121 1998 3175 stis?
2028 3119 2222 3172 Annon
2256 3118 2455 3171 smnmi
2489 3116 2581 3171 Dei
2614 3118 2789 3171 nuntii
2821 3118 2875 3187 (o
2925 3118 3101 3172 Graeci
3139 3118 3183 3184 l)
3215 3126 3465 3170 vestram

179 3194 624 3258 rumenimvero,
687 3208 898 3252 tantum
936 3198 1114 3260 abest,
1167 3213 1223 3255 ut
1253 3201 1470 3256 laudem
1500 3212 1554 3255 et
1583 3204 1757 3256 admi-
1791 3233 1834 3290 ο
1871 3211 2236 3282 perditionem
2288 3211 2494 3281 jugiter
2556 3211 2968 3280 praedixerunt?
2998 3212 3091 3279 qni
3158 3227 3343 3274 aures,
3400 3220 3451 3263 uI

179 3284 457 3337 rationem
520 3287 719 3342 exinde
770 3297 1106 3354 mereantur,
1181 3301 1238 3344 ut
1284 3293 1470 3361 potius
1522 3294 1652 3348 fides
1710 3306 1763 3349 et

175 3377 498 3431 constantia
563 3378 811 3448 ipsorum
876 3382 1133 3438 omnibus
1176 3383 1281 3439 hoc
1315 3387 1538 3440 nomine
1567 3385 1765 3440 debeat

172 3482 305 3523 esse
356 3482 632 3538 suspecta,
680 3488 800 3527 cum
849 3490 957 3528 non
1012 3487 1241 3546 propter
1296 3475 1413 3541 Dei,
1463 3477 1562 3533 sed
1609 3494 1762 3533 suam

173 3561 433 3630 ipsorum
462 3563 693 3633 gloriam
723 3580 885 3634 quam
916 3567 1188 3637 praecipue
1217 3568 1537 3638 captabant,
1569 3569 1763 3639 hujus-

174 3656 328 3711 modi
372 3657 549 3711 zelum
597 3673 706 3726 prae
751 3674 810 3714 se
854 3660 1104 3725 tulerint,
1138 3662 1394 3731 quamvis
1420 3664 1645 3717 omnino
1677 3678 1761 3718 re-

174 3752 427 3804 luctante
464 3749 710 3820 ipsorum
739 3760 934 3807 natura
959 3762 1018 3807 et
1076 3753 1379 3808 voluntate.
1414 3754 1603 3823 Usque
1624 3756 1762 3811 adeo

176 3854 239 3896 ut
265 3857 334 3895 ex
362 3858 469 3895 una
498 3852 671 3911 parte,
705 3845 772 3897 ad
818 3845 1099 3898 fatemlum
1130 3846 1421 3900 articulum
1447 3847 1762 3915 processio-

175 3939 267 3990 nis
310 3951 339 3989 a
372 3935 513 3990 Filio
540 3938 717 3990 sancti
744 3937 983 4007 Spiritus
1005 3950 1224 4008 urgeret
1246 3954 1341 3995 eos
1364 3941 1707 3995 conscientia
1739 3957 1756 4007 ;

171 4043 245 4083 ex
266 4027 461 4086 altera.
487 4044 554 4081 ne
582 4030 862 4084 meliorem
884 4028 1088 4096 Latini,
1110 4046 1274 4099 quam
1295 4030 1493 4097 (ἐι-πεί,
1524 4032 1592 4086 de
1612 4031 1760 4086 veri-

174 4130 293 4177 tate
316 4119 438 4176 ﬁdei
464 4122 875 4191 intelligentiam
896 4122 1094 4176 habere
1112 4125 1487 4189 crederentur,
1506 4124 1759 4178 elationis

171 4227 367 4270 tumor
380 4229 477 4269 eos
494 4214 808 4269 abduceret.
836 4214 1037 4271 Verum
1061 4217 1327 4285 quoniam
1350 4233 1450 4274 nec
1474 4218 1635 4281 ratio,
1656 4234 1759 4273 nec

175 4306 507 4373 auctoritas,
543 4321 644 4360 nec
676 4308 843 4359 varia!
875 4303 1173 4372 Scholarii,
1206 4306 1426 4373 lsidori,
1464 4307 1758 4379 NeOphyti-

166 4419 283 4476 que
335 4403 626 4473 opiniones
684 4402 947 4457 adversus
1000 4399 1265 4455 Romana:
1311 4401 1571 4456 Ecclesia:
1596 4402 1755 4457 fidem

167 4504 650 4566 starepoterant,
705 4504 887 4549 actum
936 4503 1023 4549 est
1069 4492 1345 4548 industria
1392 4503 1446 4547 et
1488 4494 1758 4562 probitate

1869 3306 2037 3373 aspis,
2069 3304 2235 3372 impie
2278 3304 2603 3368 obturastis,
2629 3314 2684 3358 et
2713 3314 2959 3359 sanctam
3019 3304 3320 3358 Ecclesiam
3359 3318 3455 3355 ca-

1867 3399 2126 3451 tholicam
2164 3406 2395 3451 matrem
2452 3397 2697 3451 ﬁdelium
2761 3398 3090 3452 ohaudistis.
3148 3396 3299 3452 Flete
3355 3398 3450 3450 mi-

1866 3490 2041 3544 serias
2064 3497 2275 3541 vestras
2304 3506 2317 3552 ;
2377 3487 2590 3555 arguite
2626 3490 2994 3557 vosmetipsos
3021 3505 3036 3551 ;
3095 3497 3149 3544 et
3180 3505 3288 3542 non
3320 3488 3455 3541 alios

1868 3582 2268 3642 condemnetis,
2300 3587 2396 3632 aut
2422 3580 2738 3648 inculpetis.
2772 3579 2887 3635 Mos
2919 3581 3326 3635 obstinatorum
3365 3580 3455 3633 hie

1866 3681 1971 3737 est,
2001 3685 2226 3726 sanctos
2274 3672 2561 3740 aspernari
2613 3671 2707 3726 Dei
2743 3673 3009 3727 nuntios:
3049 3673 3129 3725 uti
3192 3671 3461 3727 Sedecias

1867 3764 2161 3821 caeteriuue
2185 3762 2358 3816 Judaai
2390 3762 2444 3815 in
2488 3764 2817 3834 Babylonem
2886 3764 3119 3818 traducti
3152 3763 3447 3818 Jeremiam

1864 3856 2224 3925 direptionem
2256 3859 2747 3928 captivitatemque
2771 3859 3157 3926 przcdicentem
3201 3866 3446 3913 eontem-

1866 3958 2113 4017 pserunt.
2153 3949 2313 4004 Certe
2371 3951 2638 4005 hactenus
2697 3952 2943 4006 stetisset
3006 3952 3180 4015 Ilion,
3235 3953 3281 4007 si
3310 3952 3459 4006 Cas--

1864 4043 2121 4097 sandram
2148 4043 2402 4097 Priamus
2461 4052 2619 4113 pater
2679 4045 3013 4110 audivisset;
3063 4045 3108 4099 si
3154 4048 3448 4114 prophetas

1863 4134 2168 4198 Hchrmi,si
2198 4136 2462 4207 Sibyllam
2499 4137 2755 4201 Romani,
2813 4139 2858 4193 si
2917 4154 3011 4194 vos
3050 4154 3270 4208 quoque
3321 4156 3449 4208 apo-

1863 4228 2089 4283 stolicos
2145 4230 2369 4283 nunties
2440 4231 2647 4283 dudum
2706 4230 3025 4285 audissetis.
3077 4230 3287 4287 Idcirco
3341 4248 3450 4286 non

1862 4321 2062 4375 tnirum
2087 4322 2130 4374 si
2176 4322 2227 4375 iu
2263 4338 2480 4391 pmnam
2540 4323 2673 4376 tanti
2734 4324 2984 4379 criminis
3013 4325 3287 4393 insperata
3323 4342 3446 4383 mox

1863 4422 2164 4481 tempestas
2194 4414 2423 4468 invaluit
2450 4431 2463 4475 ;
2496 4431 2657 4483 quam
2689 4415 2896 4484 Spiritu
2928 4425 3123 4471 sancto
3146 4416 3288 4470 docti
3314 4435 3452 4487 qun-

1860 4521 1966 4570 que
1997 4521 2024 4557 a
2061 4507 2250 4560 multis
2279 4508 2437 4561 annis
2471 4505 2709 4560 futuram
2742 4523 2865 4561 esse
2896 4508 3276 4577 praedixerant.
3304 4510 3450 4564 Sane

168 4590 389 4660 praefati
438 4589 651 4643 Domini
691 4588 1006 4653 cardinalis,
1060 4596 1117 4640 ut
1144 4597 1333 4641 sancta
1374 4587 1526 4653 unio,
1563 4602 1758 4641 asseu-

1869 4608 1925 4651 ttt
1949 4597 2248 4652 beatissimi
2301 4598 2480 4653 Patris
2536 4599 2743 4654 Nicolai
2781 4601 2965 4671 primi,
3031 4602 3232 4656 summi
3269 4605 3447 4673 pOIttl~

165 4686 352 4737 tiente
387 4681 717 4750 imperatore
748 4688 1056 4748 senatuque
1088 4678 1158 4747 (si
1195 4694 1299 4730 non
1343 4680 1465 4732 ticta
1502 4677 1627 4743 fuit)
1664 4679 1754 4734 lir-

165 4783 443 4838 tnaretnr,
486 4773 964 4840 celebrareturque
985 4772 1229 4825 secundo
1254 4770 1386 4826 ldus
1412 4770 1753 4838 Decembris,

163 4866 511 4937 Spiridionis
549 4864 796 4935 episcopi
820 4865 998 4918 sancti
1019 4864 1129 4919 die.

240 4959 431 5025 Itaque
454 4972 517 5010 ea
552 4968 771 5026 peracta
790 4996 805 5021 ,
833 4972 955 5011 mox
987 4965 1283 5024 tempestas
1308 4958 1504 5013 Teucri
1533 4961 1752 5024 oborta,

159 5054 367 5107 urbem
391 5049 899 5118 Censtantinopolis
920 5088 935 5113 ,
962 5049 1233 5114 Galatam,
1264 5059 1573 5122 eaeteraque
1596 5054 1754 5123 adja-

157 5148 354 5204 centia
400 5142 599 5212 oppida
640 5142 963 5197 absorbuit:
1003 5154 1062 5197 ut
1103 5144 1328 5197 verbum
1368 5144 1519 5199 Isaia:
1564 5163 1753 5201 verum

158 5240 244 5296 sit
275 5237 555 5292 dicentis:
590 5235 889 5305 Tempestas
939 5237 1190 5292 convulsa
1234 5240 1429 5309 absque
1471 5241 1585 5293 ulla
1632 5258 1757 5294 con-

155 5332 460 5388 solatione.
495 5329 614 5395 Qua
670 5339 997 5400 tempestate
1038 5346 1362 5393 concussus,
1399 5348 1501 5403 ego
1533 5350 1755 5404 quoque

156 5435 372 5494 captus
408 5439 530 5478 sum
559 5441 573 5488 ;
618 5432 672 5477 et
697 5439 794 5491 pro
818 5422 1105 5478 demeritis
1131 5426 1269 5480 meis
1299 5426 1519 5481 vinetus
1548 5443 1755 5483 cmsus-

152 5534 280 5591 que
298 5534 327 5570 a
345 5513 611 5571 Teucris:
640 5531 747 5572 non
773 5516 848 5570 fui
872 5516 1069 5587 dignus
1088 5533 1209 5572 cum
1228 5518 1451 5574 Christo
1471 5518 1756 5574 Salvatore

156 5611 397 5679 conﬁgi.
447 5610 791 5665 Reminiscor
836 5626 990 5680 ergo,
1042 5611 1359 5667 beatissime
1419 5612 1601 5677 Pater,
1630 5629 1753 5668 cum

154 5709 412 5771 primum
440 5706 503 5759 de
526 5705 731 5759 unione
772 5706 911 5759 facta
942 5705 1282 5771 Grecorum,
1318 5708 1495 5760 eidem
1533 5706 1756 5761 Sancti-

157 5799 267 5853 ttti
294 5799 496 5851 Veslrm
516 5798 777 5866 epistolas
799 5798 1061 5854 seriosius
1088 5798 1471 5861 destinassem,
1490 5797 1635 5853 inter
1650 5798 1754 5852 alia

157 5892 413 5949 dixisse:
459 5890 567 5947 Nos
625 5900 842 5963 propter
887 5890 1129 5948 futuram
1165 5891 1355 5949 Teucri
1387 5890 1753 5960 obsidionem,

1861 4691 2468 4755 lleis,exsecrationem
2524 4693 2579 4745 in
2624 4707 2822 4759 pravos
2865 4693 3090 4750 Gnaeos
3142 4712 3238 4763 per
3288 4696 3446 4756 illud,

1866 4782 2112 4854 Urgentis
2144 4785 2196 4837 in
2236 4786 2439 4838 senium
2470 4784 2654 4839 seaculi
2713 4786 3040 4853 corruptela,
3107 4797 3237 4851 ete.,
3302 4804 3445 4857 prm~

1863 4878 2280 4932 termittamus:
2336 4879 2521 4933 tabula
2585 4878 2700 4943 illa,
2765 4893 2929 4947 quam
2993 4878 3159 4945 Leoni
3196 4879 3441 4951 Sapienti

1859 4969 2167 5034 ascribunt,
2202 4972 2344 5039 apud
2398 4972 2803 5026 monasterium
2840 4972 3027 5027 Sancti
3096 4974 3313 5044 Georgii
3372 4977 3449 5030 de

1858 5058 2126 5129 Mangana
2214 5071 2553 5127 constructa,
2608 5071 2827 5117 vetusto
2880 5072 3129 5132 tempore
3185 5066 3238 5119 in
3298 5066 3445 5121 Con»

1859 5151 2215 5220 stantinopoli
2240 5152 2516 5205 occultata
2565 5153 2892 5222 mysterioso
2935 5155 3049 5223 jam
3098 5154 3259 5225 signo
3295 5157 3444 5212 dete«

1858 5256 1969 5309 cta,
2001 5246 2266 5312 iacturam
2301 5245 2664 5300 demonstrat.
2722 5246 2868 5313 Haec,
2901 5246 3065 5303 Pater
3097 5249 3438 5313 beatissime,

1860 5337 2073 5391 cellulis
2098 5338 2359 5391 distincta
2392 5339 2701 5408 quadratis,
2747 5340 3141 5408 imperatorum
3191 5343 3442 5396 ordinem

1860 5428 2380 5497 suecessionemque
2448 5421 2711 5496 poneb'at,
2772 5429 3071 5484 finiendum
3146 5439 3329 5486 tamen
3389 5434 3442 5484 in

1861 5521 1965 5575 hoc
1997 5520 2192 5575 ultimo
2225 5520 2615 5577 Constantino.
2655 5520 2731 5574 lta
2758 5536 2975 5592 quoque
3001 5525 3447 5593 patriarcharum

1859 5612 1966 5665 alia
1996 5612 2048 5665 in
2078 5613 2299 5680 longum
2338 5618 2512 5664 tracta
2541 5610 2730 5666 tabula
2749 5613 2994 5668 ordinem
3029 5614 3437 5681 prmscribebat.

1858 5700 1994 5755 Nam
2033 5700 2123 5755 ille
2145 5700 2342 5768 spiritu
2377 5701 2703 5771 prophetico
2730 5702 3038 5758 illustratus
3071 5712 3149 5759 tot
3205 5704 3438 5759 cellulas

1869 5793 2283 5863 figurandorum
2367 5796 2762 5863 imperatorum
2855 5797 3053 5851 tahuke
3132 5798 3449 5867 inscripsit,

1862 5896 1995 5958 quot
2028 5902 2055 5940 a
2078 5886 2253 5955 primo
2284 5885 2649 5945 Constantino
2680 5888 2899 5960 Magno,
2924 5889 3437 5963 Constantinopolis
