4164 6426
715 397 819 457 927

1920 396 2310 455 LEONARDI
2347 397 2712 456 ClliEN'SlS
3865 395 3950 454 93F

717 507 1022 566 conditore,
1055 522 1226 574 usque
1263 512 1328 559 a-l
1381 509 1626 560 ultimam
1675 510 2049 575 captivitatem
2117 512 2283 561 futuri
2317 516 2359 568 Α
2392 512 2520 564 Inde
2577 515 2703 578 quia
2740 514 2917 580 major
2969 514 3274 574 confracta,
3337 515 3481 579 regis
3538 513 3782 560 animum
3838 511 3950 560 afil-

715 610 894 649 maot.
937 598 994 651 In
1031 601 1147 652 dies
1206 602 1388 666 itaque
1435 603 1643 654 cellula:
1681 605 1781 653 illa:
1839 605 2076 668 repletae,
2123 617 2285 654 unam

719 691 878 743 modo
904 700 959 744 et
983 693 1251 756 ultimam,
1283 693 1337 745 in
1367 710 1470 761 qua
1497 695 1610 755 hic.
1651 695 1751 750 sub
1791 711 1901 762 quo
1927 697 2057 749 urbs
2101 697 2286 762 periit.

723 784 1077 838 collocandos
1133 796 1288 846 erat,
1345 787 1391 839 si
1440 797 1737 840 coronatus
1791 789 2004 850 fuisset,
2063 803 2290 840 vacuam

719 879 1084 936 prriendunt.
1145 875 1431 931 Morsenns
1463 879 1708 945 perinde,
1735 880 1815 931 vir
1851 891 2101 941 sanctus,
2130 879 2292 948 sagit-

722 967 913 1015 taiiam
949 976 1162 1032 gentem
1202 979 1394 1020 contra
1425 968 1951 1037 Constantinopolim
1981 981 2292 1031 venturam,

721 1058 880 1120 t'ttjtls‘
914 1067 1127 1124 portum
1163 1059 1420 1128 inclytum
1464 1072 1705 1128 caperet,
1737 1061 2294 1126 exterminandosque

724 1149 946 1203 Grrws
1013 1151 1228 1204 saeculis
1283 1153 1469 1206 multis
1525 1163 1651 1205 ante
1695 1154 2295 1221 pradixit.'Erytlire:e

723 1243 886 1294 «tam
916 1250 1120 1295 nostra:
1151 1246 1215 1296 de
1236 1241 1549 1297 Craromm
1596 1246 1808 1312 jactura
1853 1247 2174 1299 vaticinium
2207 1249 2294 1300 le-

725 1333 979 1386 contilms
1013 1344 1177 1401 patet.
1212 1335 1460 1390 Joachint
1489 1349 1668 1392 autem
1718 1340 1888 1393 abbas
1937 1356 2057 1392 meo
2088 1339 2298 1406 judicio

727 1428 1510 1496 Constantiniqmlisjacmram
1545 1434 1596 1482 in
1659 1431 1934 1499 Papalista
1987 1431 2293 1492 denuntiat,

727 1535 849 1569 cum
887 1520 1016 1571 dicit
1055 1538 1068 1573 :
1118 1520 1204 1572 i'tz
1249 1523 1361 1580 tibi,
1395 1524 1682 1586 septimm:
1724 1525 1970 1576 mani'us
2003 1523 2284 1583 truncatis,

727 1613 880 1672 quasi
931 1611 1136 1662 auxilio
1169 1612 1447 1666 destituta.
1502 1612 1843 1681 Septicullim
1895 1626 2078 1665 autem
2123 1611 2295 1665 Crtci

727 1702 1060 1754 ὲπταῦοὖνον
1111 1716 1329 1757 vocant.
1405 1704 1601 1774 L'tqttid
1658 1708 1820 1774 igitur
1873 1707 2095 1758 Latinos
2140 1704 2296 1757 dam-

731 1799 896 1847 nant?
925 1798 1033 1850 Cur
1063 1800 1112 1850 in
1151 1816 1245 1853 nos
1270 1802 1597 1852 invi-buntur
1641 1817 1764 1852 curn
1817 1813 1940 1853 vera
1983 1797 2297 1859 scribimus,

729 1901 917 1942 ιιυιιιη
943 1909 1082 1957 quos
1113 1900 1192 1945 tot
1221 1903 1403 1960 aperta
1440 1893 1690 1946 vaticinia
1737 1893 2148 1958 proteSIantur!
2183 1887 2299 1941 Non

731 2000 860 2042 ergo
895 1985 1022 2036 unio
1057 1983 1217 2046 facta,
1251 1986 1344 2038 sed
1384 1985 1513 2037 unio
1571 1984 1714 2043 ficta,
1749 1983 1813 2035 ad
1882 1982 2046 2035 fatale
2114 1980 2303 2033 urbem

733 2079 980 2130 trabebat
1033 2080 1342 2143 excidium;
1426 2094 1536 2147 quo
1597 2078 1835 2132 divinam
1873 2076 2007 2129 iram
2067 2083 2307 2127 matura-

734 2178 840 2219 tam
877 2170 928 2220 in
961 2170 1127 2223 hosce
1183 2170 1301 2224 dies
1333 2173 1544 2224 venisse
1590 2170 1966 2239 cognovimus.
2022 2166 2306 2220 Excitatus

735 2258 917 2328 itaque
951 2261 1001 2312 in
1066 2261 1303 2315 furorem
1362 2261 1522 2325 Deus,
1568 2262 1714 2313 misit
1760 2259 2068 2312 Mabometlt
2127 2275 2304 2326 regem

738 2352 1173 2414 [Htlv'nllaSliltuul
1219 2353 1592 2407 Teucrorum:
1627 2351 2028 2404 adolescentem
2088 2349 2307 2416 quidem

735 2444 1021 2503 audacem,
1051 2445 1424 2506 ambitiosum,
1450 2445 1837 2504 temulentum.
1865 2440 2306 2496 Cluistianorum

738 2535 1023 2599 c-apitalrm
1053 2538 1260 2590 hostem
1293 2553 1305 2589 :
1334 2538 1424 2604 qui
1459 2537 1627 2591 Nonis
1659 2537 1859 2604 Aprilis
1886 2546 2011 2589 ante
2034 2534 2311 2589 Constan-

740 2625 943 2691 Imopul
969 2641 994 2678 s
1032 2636 1402 2694 prospectum,
1447 2643 1570 2681 cum
1608 2627 1872 2680 tercentis
1897 2637 1950 2680 et
1997 2629 2140 2678 ultra
2191 2624 2310 2677 mil-

743 2717 883 2769 libus
905 2726 1267 2785 pugnatorum
1297 2720 1348 2771 in
1372 2735 1505 2786 gyro
1526 2730 1682 2772 terrae
1696 2728 1877 2773 castra
1898 2718 2314 2787 papilionesque

741 2809 982 2860 confixit.
1009 2809 1204 2864 Milites
1221 2811 1421 2878 majore
1445 2809 1982 2878 nunterolequestres,
2001 2823 2311 2879 quanquam

743 2918 931 2954 otnnes
959 2902 1167 2968 pedites
1205 2903 1375 2972 magis
1411 2903 1814 2971 expugnabant.
1859 2901 2006 2956 Inter
2026 2916 2167 2970 quos
2226 2917 2315 2970 pe-

743 2997 885 3050 dites
910 2995 973 3048 ad
1009 2996 1148 3064 regis
1175 2994 1482 3049 custodiam
1520 2995 1763 3063 deputati
1798 2994 2052 3057 audaces,
2093 2993 2186 3061 qui
2245 2991 2316 3045 ab

745 3086 1029 3142 elementis
1072 3087 1363 3141 Christiani
1417 3098 1509 3140 aut
1559 3086 2001 3140 Christianorum
2065 3083 2184 3145 filii,
2232 3096 2318 3136 re-

2393 604 2596 663 cubat,
2663 621 2729 656 ne
2803 605 3026 656 tristitia
3087 605 3139 656 in
3203 615 3351 656 tanto
3423 604 3720 655 certamine
3789 603 3954 654 διῖκτο

2395 706 2566 756 retur,
2631 697 2799 763 jussit
2862 713 2986 750 mox
3049 699 3212 749 aliam
3269 698 3427 757 longe
3493 696 3718 761 majoris
3783 696 3955 746 form:

2393 789 2664 842 conflari:
2725 807 2914 858 quam,
2961 800 3017 844 ut
3073 793 3248 852 aiunt,
3297 791 3572 842 industria
3649 788 3958 841 Caliliasriz

2395 880 2702 932 consularis
2770 879 2999 932 Baronis
3057 882 3217 933 amici
3283 880 3502 936 artifex.
3573 893 3854 944 nunquam
3903 881 3956 927 ad

2396 971 2694 1037 periretum
2753 972 3033 1032 conduxit,
3069 974 3191 1025 aliis
3243 972 3612 1024 meliochbus
3665 972 3958 1022 innumeris

2398 1062 2659 1114 colli-lere
2725 1064 2913 1116 urbem
2970 1065 3240 1116 machinis
3269 1063 3639 1128 undequaque
3694 1063 3962 1114 minaban-

2398 1160 2508 1203 tur.
2575 1152 2812 1220 Sclopis,
2891 1155 3218 1222 spingardis,
3290 1155 3688 1214 zarbathanis,
3753 1153 3962 1210 fundis.

2399 1247 2612 1312 sagittis
2662 1247 2778 1299 dies
2845 1259 3144 1313 noetesqne
3207 1262 3392 1299 muros
3466 1246 3836 1311 hominesque
3879 1259 3962 1296 nn-

2399 1348 2545 1391 str-s
2618 1339 2888 1390 vexabant
2943 1342 3382 1404 mactabantque.
3437 1336 3783 1390 Existimavit
3841 1338 3964 1388 enim

2403 1429 2577 1482 hostis
2621 1430 2964 1484 ChriSIianos
2999 1445 3124 1483 esse
3153 1444 3378 1495 paucos,
3407 1445 3545 1495 quos
3573 1430 3796 1481 assidua
3856 1444 3965 1496 pro-

2404 1529 2575 1573 tratos
2607 1520 2969 1588 fatigatosque
3025 1538 3198 1589 pugna
3247 1524 3433 1574 urbem
3478 1524 3616 1573 tueri
3659 1539 3762 1571 non
3807 1536 3966 1586 posse.

2403 1609 2962 1678 lgnominioseigitnr
2990 1612 3191 1665 factum
3238 1620 3353 1671 est,
3395 1623 3452 1662 ut
3489 1613 3664 1679 primo
3717 1613 3810 1661 ilio
3860 1629 3970 1663 coo-

2406 1718 2624 1768 gressy,
2659 1699 2856 1754 Teucri
2885 1702 3231 1755 obstaculum
3269 1719 3377 1754 non
3421 1703 3749 1754 iuvene-rint.
3809 1705 3876 1752 At
3929 1703 3972 1750 in

2407 1797 2525 1847 dies
2556 1797 2827 1848 dortiores
2849 1796 3021 1848 nostri
3054 1794 3212 1857 facti,
3253 1810 3511 1862 paravere
3565 1805 3756 1846 contra
3811 1796 3973 1845 hostes

2415 1888 2872 1947 machinamenta,
2899 1904 3015 1954 qtu-
3043 1897 3221 1939 tamen
3254 1902 3416 1938 avare
3449 1886 3744 1938 dabantur.
3807 1883 3975 1936 Puivis

2414 1989 2530 2031 erat
2555 1981 2677 2032 nitri
2708 1979 3245 2043 moditus,exiguus,
3270 1980 3372 2030 tela
3404 1979 3649 2031 modica:
3681 1979 3974 2030 bonibarJ-s

2415 2073 2458 2125 si
2493 2073 2743 2136 aderant,
2777 2073 3227 2126 incmnmoditate
3266 2071 3368 2124 loci
3420 2071 3656 2138 primum
3693 2072 3883 2124 hosti-5
3905 2071 3976 2122 of-

2417 2163 2660 2226 fendere,
2684 2165 3027 2217 macrriebus
3054 2163 3332 2230 alveisquc
3351 2173 3546 2222 tectos,
3569 2178 3677 2213 non
3714 2172 3974 2228 po‘eran’.

2418 2255 2553 2308 Nam
2588 2254 2634 2308 si
2666 2271 2788 2323 quae
2819 2269 3037 2323 magna:
3063 2264 3244 2315 erant,
3279 2269 3346 2308 nc
3377 2268 3567 2306 murus
3601 2263 3978 2304 (‘ftﬂUlLérr‘lnf

2420 2362 2625 2415 noster,
2668 2351 3059 2419 quiescebant:
3095 2350 3369 2402 interdum
3397 2349 3450 2400 in
3485 2362 3697 2399 cuneos
3755 2347 3980 2398 hostium

2417 2449 2656 2508 emissae,
2681 2444 3017 2502 etbomines.
3045 2452 3098 2496 et
3125 2444 3359 2496 tentoria
3381 2443 3854 2494 ειιετίιιὶιιειιιειυι.
3882 2439 3982 2491 Non

2417 2539 2566 2592 enim
2599 2539 2654 2592 in
2677 2553 2875 2590 vanum
2907 2537 3271 2604 iaciebantur,
3301 2550 3442 2598 quas
3475 2536 3646 2587 illisas
3683 2534 3875 2586 hostes
3903 2534 3986 2583 de-

2421 2633 2626 2691 clinare
2653 2645 2761 2683 non
2815 2637 3084 2698 poterant.
3112 2629 3298 2695 Itaque
3344 2628 3614 2680 cadebant
3659 2623 3865 2677 Teucri
3905 2625 3984 2675 icti

2423 2725 2590 2778 aneis
2607 2722 2728 2776 telis
2746 2721 3142 2790 lapidibusque.
3161 2718 3602 2772 Vulnerabantur
3620 2721 3857 2772 etnuslri
3877 2736 3888 2770 :
3908 2717 3987 2784 qui

2429 2813 2760 2884 quandoque
2782 2813 2982 2865 vallum
3009 2811 3376 2876 egredientes,
3400 2811 3465 2862 ad
3494 2825 3696 2862 manus
3715 2810 3989 2862 decertan-

2424 2918 2508 2962 tes
2535 2915 2590 2961 et
2633 2907 2956 2960 occidebant
2997 2914 3050 2959 et
3079 2901 3494 2958 occidebantur.
3526 2901 3774 2954 Victoria
3807 2919 3871 2956 ex
3901 2903 3992 2953 hcc

2422 3001 2632 3066 aequius
2673 2997 2956 3068 tyronibus
3001 2996 3223 3056 nostris,
3268 2994 3410 3063 quod
3443 2993 3873 3061 egrediebantur
3901 2995 3992 3045 im-

2424 3089 2627 3160 pavidi,
2653 3104 2815 3158 quam
2841 3087 3067 3142 Teucris
3086 3088 3338 3140 dabatur.
3363 3083 3561 3137 Verum
3583 3087 3844 3153 quoniam
3869 3085 3997 3136 malo

749 3190 985 3234 trorsum
1019 3181 1294 3244 conversi,
1337 3181 1468 3234 dicti
1521 3179 1795 3243 Genizari,
1827 3190 1885 3233 ut
1944 3179 2088 3248 apud
2142 3176 2316 3231 Mace-
2345 3206 2390 3264 ο
2425 3184 2537 3239 fato
2567 3183 2805 3238 Joannes
2854 3180 3074 3249 Longus
3103 3177 3420 3241 Januensis,
3467 3179 3533 3230 de
3560 3177 3994 3232 Justinianoruiu

747 3270 944 3323 donem
1003 3270 1394 3340 Myrmidones,
1465 3271 1622 3340 quasi
1658 3269 1970 3340 quindecim
2008 3270 2200 3324 millia.
2236 3268 2316 3322 Ad

749 3362 967 3415 tertium
1002 3374 1181 3417 autem
1225 3365 1396 3428 diem,
1447 3375 1664 3432 captato
1698 3363 1850 3418 urbis
1875 3364 2005 3424 situ,
2041 3362 2322 3415 machinas

751 3458 1067 3512 innumeras
1086 3459 1487 3526 craticulasque
1511 3475 1574 3512 ex
1611 3457 1861 3528 virgultis
1911 3455 2324 3522 viminibusque

753 3559 1036 3604 contextus
1065 3551 1507 3604 circummuralis
1541 3551 1739 3602 vallum
1791 3547 1992 3616 quibus
2023 3555 2326 3615 pugnantes

757 3652 1094 3710 trgerentur,
1125 3641 1348 3696 fossatis
1393 3641 1654 3695 admovit.
1715 3638 1935 3694 Initium
1982 3635 2326 3692 confusionis

757 3733 856 3784 boc
877 3745 1122 3786 nostrum
1158 3733 1279 3796 fuit,
1308 3733 1479 3802 utqui
1526 3734 1647 3788 telis
1711 3733 2202 3800 machinarumque
2247 3729 2327 3783 la-

757 3825 973 3892 pidibus
1026 3826 1179 3894 juxta
1217 3826 1404 3880 datum
1457 3826 1704 3878 ordinem
1769 3824 1985 3878 eminus
2030 3819 2328 3890 repellendi

755 3930 935 3986 erant,
969 3921 1233 3989 neglectis
1280 3919 1532 3988 singulis,
1568 3921 1821 3974 cominus
1862 3919 2173 3987 proximare
2212 3933 2332 3987 per-

760 4016 1046 4068 miserunt.
1074 4012 1305 4068 Tantum
1335 4029 1526 4068 eorum
1554 4013 1806 4068 ordinem
1848 4012 2185 4068 instruendis
2213 4028 2330 4065 ma-

756 4105 958 4167 chinis,
1007 4113 1212 4158 tantam
1275 4104 1783 4173 promptitudinem,
1829 4114 2032 4158 tantam
2089 4105 2332 4158 acierum

760 4197 1411 4268 providentianrquidam
1446 4209 1539 4253 aut
1573 4197 1779 4267 Scipio,
1807 4207 1901 4252 aut
1943 4197 2203 4258 Annibal,
2241 4205 2336 4251 aut

763 4291 1008 4344 moderni
1040 4291 1164 4345 belli
1190 4293 1356 4346 duces
1385 4291 1640 4344 admirati
1673 4290 1927 4348 fuissent.
1959 4289 2065 4344 Sed
2086 4291 2210 4358 quis
2237 4291 2337 4344 ob-

761 4401 936 4448 sccro,
974 4385 1405 4440 circumvallavit
1431 4383 1794 4452 urbemiqui,
1831 4385 1934 4439 nisi
1961 4384 2146 4452 perfidi
2179 4385 2337 4438 Chri-

760 4476 923 4530 stiani
947 4477 1253 4531 instruxere
1276 4475 1401 4529 Tem
1424 4477 1544 4530 ros!
1575 4475 1749 4528 Testis
1777 4489 1922 4537 sum,
1959 4475 2101 4544 quod
2131 4473 2335 4534 (ἓνκαὶ,

761 4570 906 4640 quod
937 4570 1136 4632 Latini,
1171 4569 1314 4639 quod
1347 4567 1625 4630 Germani,
1672 4570 1988 4633 Pannones,
2019 4566 2230 4628 Boetes,
2270 4582 2334 4620 ex

763 4667 1006 4719 omnium
1024 4662 1458 4718 Christianorum
1486 4661 1798 4729 regionibus
1820 4660 2046 4714 Teucris
2068 4657 2338 4712 commisti

763 4772 926 4824 Opera
950 4770 1135 4809 eorum
1158 4755 1421 4822 fidemque
1441 4754 1750 4807 didicerunt
1770 4755 1889 4821 :qui
1907 4752 2196 4804 immanius
2219 4751 2339 4804 tidei

761 4850 1091 4904 Christiana:
1118 4847 1272 4902 obliti
1317 4848 1510 4900 urbem
1548 4847 1957 4913 expuguahant.
1996 4842 2040 4898 Ο
2065 4845 2216 4914 impii
2246 4843 2339 4910 qui

763 4943 1042 4996 (.hristum
1072 4941 1385 5010 abuegastis
1411 4942 1423 4993 l
1459 4956 1491 4992 ο
1514 4940 1774 4993 satellites
1808 4938 2158 5001 Antichristi,
2188 4938 2345 4991 dam-

767 5032 877 5083 nati
903 5029 1295 5098 grhcnualibus
1320 5030 1579 5084 flammis!
1611 5041 1827 5099 tempus
1851 5031 1953 5083 hoc
1973 5039 2211 5082 vestrum
2234 5035 2339 5084 est.

767 5123 1010 5192 Satagite
1037 5138 1236 5190 augere
1261 5122 1412 5176 vobis
1435 5138 1646 5191 ρωιιειε,
1679 5138 1818 5192 quas
1848 5123 2008 5182 luatis
2039 5132 2291 5177 aeternas.

839 5217 1166 5270 llorribilem
1190 5216 1414 5284 perinde
1434 5215 1808 5274 bombardam,
1834 5229 2146 5283 quanquam
2167 5216 2345 5283 major

767 5311 895 5373 alia,
919 5325 1041 5377 qua:
1082 5307 1362 5363 confracta
1397 5307 1517 5372 fuit,
1554 5323 1716 5376 quam
1755 5306 1840 5360 vix
1873 5306 2034 5360 boum
2070 5306 2345 5375 quinqua-

768 5404 919 5470 ginta
945 5410 1162 5454 centum
1189 5401 1318 5469 juga
1346 5401 1634 5458 vehebant.
1664 5400 1729 5451 ad
1757 5408 1965 5468 partem
1998 5398 2142 5451 illaut
2164 5411 2346 5450 muro-

768 5511 889 5549 rum
931 5493 1288 5560 simplicium,
1321 5508 1442 5562 quze
1475 5508 1576 5546 nec
1607 5491 1850 5553 fossatis,
1893 5506 1990 5544 nec
2020 5488 2344 5542 antemurali

773 5587 1076 5651 tutabatur,
1109 5585 1448 5655 Calegariam
1495 5585 1722 5647 dictam,
1755 5584 2002 5653 ﬁgentes,
2037 5581 2219 5650 lapide
2251 5579 2345 5648 qui

771 5682 964 5746 talmis
983 5679 1235 5734 undecim
1265 5693 1328 5734 ex
1352 5680 1488 5732 meis
1519 5678 1758 5732 ambibat
1783 5677 1836 5730 in
1865 5691 2017 5746 gyro,
2049 5692 2114 5730 ex
2141 5689 2205 5727 ea
2231 5688 2350 5726 mu-

770 5790 892 5826 tum
923 5773 1304 5828 conterebant.
1327 5772 1458 5826 Erat
1481 5781 1658 5824 tamen
1684 5785 1874 5822 murus
1898 5768 2141 5834 perlatus
2165 5765 2349 5821 fortis-

771 5880 898 5934 que,
952 5863 1041 5933 qui
1095 5873 1273 5920 tamen
1325 5863 1590 5919 machina:
1639 5869 1744 5916 tam
1793 5858 2039 5917 horribili
2096 5857 2345 5916 ccdcbat.

2423 3274 2678 3345 prosapia
2705 3275 2942 3337 ,duabus
2980 3289 3105 3327 cum
3139 3272 3367 3326 navibus
3407 3271 3523 3326 suis
3546 3273 3793 3340 magnis,
3833 3283 3885 3324 et
3920 3287 3999 3324 ar-

2427 3367 2590 3421 matis
2614 3367 2835 3420 circiter
2856 3363 3272 3434 quadringentis
3297 3379 3446 3417 mare
3464 3362 3842 3424 decursitans,
3874 3362 3998 3416 forte

2424 3459 2675 3520 veniens,
2709 3458 2980 3525 stipendio
3013 3457 3285 3524 ascriptus
3329 3456 3698 3523 imperatoris,
3753 3455 3997 3508 duc-atqu

2429 3549 2634 3618 militia:
2661 3549 2928 3612 obtinuit;
2951 3558 3173 3604 strenue
3191 3548 3478 3603 defensare
3502 3548 3697 3601 urbem
3726 3549 3899 3606 visus.
3921 3563 3999 3599 re-

2427 3641 2695 3712 parationi
2713 3641 3090 3696 demolitornm
3105 3656 3384 3696 murorum
3403 3641 3720 3711 vigilantius
3739 3639 4005 3693 incumbe-

2429 3735 2520 3789 bat
2553 3752 2566 3786 :
2609 3735 2800 3790 Teucri
2833 3735 3075 3788 animum
3133 3735 3385 3803 viresque
3415 3733 3673 3787 deludere
3703 3732 4003 3785 videbatur.

2431 3827 2566 3881 Nam
2621 3837 2830 3896 quanto
2882 3827 3058 3882 hostis
3115 3827 3259 3882 mole
3291 3827 3529 3895 ingentis
3577 3826 3779 3894 lapidis
3828 3839 4006 3878 muros

2429 3917 2930 3982 contereliat,tanto
2955 3916 3041 3971 hic
3057 3917 3359 3970 animosius
3376 3915 3691 3975 sarmentis,
3717 3918 3906 3978 humo,
3926 3929 4008 3964 ra-

2435 4006 2623 4074 sisque
2651 4007 2878 4061 vinariis
2901 4007 3370 4075 intercompositis
3401 4007 3716 4074 reparabat.
3780 4004 3900 4070 Qua
3945 4006 4007 4057 de

2436 4115 2495 4154 re
2520 4097 2768 4154 Teucrus
2816 4099 3064 4162 delusus,
3096 4099 3360 4167 cogitavit
3402 4114 3507 4152 non
3567 4098 3901 4151 cessandum
3944 4097 4007 4150 ab

2437 4191 2641 4246 ictibus
2673 4189 3085 4254 machinarum;
3135 4189 3228 4244 sed
3280 4189 3492 4243 fortiori
3530 4201 3689 4254 cura,
3738 4190 4009 4241 subterra-

2441 4285 2556 4338 neis
2589 4284 2738 4338 cavis
2768 4283 2938 4336 furari
2977 4283 3187 4336 urbem.
3232 4281 3561 4335 )linerarum
3585 4280 3856 4344 fossores,
3880 4295 4011 4348 quos

2439 4394 2503 4432 ex
2568 4392 2710 4432 novo
2775 4376 2934 4430 brolo
3010 4377 3349 4429 conduxerat
3412 4373 3700 4440 magistros
3756 4373 4010 4426 accersiri

2440 4469 2624 4538 jussit.
2657 4467 2847 4536 Lignis
2871 4467 3360 4535 instruirietitisque
3379 4464 3621 4519 advectis
3643 4464 3832 4518 solerti
3858 4478 4010 4525 cura,

2447 4565 2522 4619 uti
2559 4564 2904 4632 imperatum,
2937 4569 3118 4615 actum
3167 4569 3357 4623 est,ut
3413 4574 3536 4611 tnox
3592 4572 3685 4625 per
3729 4557 4014 4610 cuniculos

2449 4663 2729 4710 tentarent
2760 4655 3110 4707 fundamenta
3138 4651 3413 4705 suffodere
3445 4660 3848 4719 penetrareque
3901 4664 4015 4701 oin—

2445 4748 2702 4802 nifarium
2741 4747 2892 4801 urbis
2925 4760 3162 4798 murum.
3206 4745 3421 4794 Atcum
3474 4757 3502 4793 a
3561 4740 3932 4795 fundamentis
3967 4740 4016 4805 (υ

2445 4855 2558 4893 rem
2591 4839 2892 4893 mirabilem
2921 4838 2959 4903 !)
2996 4835 3230 4905 primum
3253 4834 3364 4902 jam
3395 4833 3590 4887 vallum
3613 4844 3662 4885 et
3681 4833 4018 4885 antemurale

2445 4931 2700 4986 mirando
2786 4944 2908 4982 cum
2996 4925 3216 4981 silentio
3293 4927 3720 4987 subcavassent;
3790 4921 4017 4977 Joannis

2445 5023 2666 5078 Grande
2701 5020 2973 5085 Alemani,
3007 5019 3278 5089 ingeniosi
3312 5019 3521 5082 militis,
3559 5033 3735 5071 rerum
3805 5017 4010 5070 bellica-

2449 5131 2570 5170 rum
2604 5112 2936 5174 doctissimi,
2979 5126 3142 5178 quem
3169 5108 3414 5164 Joannes
3437 5108 3778 5163 Justinianus
3825 5110 4002 5162 militia

2449 5208 2557 5260 dux
2590 5203 3360 5268 centurionemconduxerat,
3417 5201 3681 5256 industria
3706 5210 3758 5254 et
3824 5205 4014 5272 sagaci-

2451 5311 2559 5354 tate
2592 5313 2731 5365 opus
2760 5298 3034 5352 detectum
3092 5305 3175 5350 est
3208 5312 3222 5348 :
3253 5295 3773 5362 exploratorumque
3835 5296 3890 5348 id
3944 5296 4014 5348 li:-

2451 5403 2656 5448 matum
2678 5391 2962 5451 relatione,
2996 5389 3207 5442 animos
3239 5388 3484 5442 omnium
3507 5386 3826 5441 commovit.
3864 5387 4016 5442 Grati

2451 5503 2575 5541 cum
2610 5485 2809 5540 dudum
2841 5481 3184 5543 Barsicham,
3231 5481 3434 5543 Ammi,
3495 5477 3842 5547 Amoratque
3885 5480 4018 5551 geni-

2453 5587 2626 5632 torem
2663 5576 2846 5644 hujus,
2885 5573 3129 5644 pristinis
3162 5573 3335 5627 bellis.
3359 5573 3563 5626 frustra
3623 5571 3926 5628 laborasse
3980 5573 4018 5626 in

2455 5671 2697 5725 cavanda
2722 5670 2854 5722 urbe
2880 5669 3290 5736 cognovissent,
3348 5665 3685 5734 impossibile
3736 5657 3844 5730 per
3898 5668 4020 5720 hunc

2456 5763 2572 5818 ﬁeri
2607 5778 2765 5833 posse
2788 5761 3158 5816 affirmabant.
3178 5758 3421 5825 Quorum
3457 5757 3639 5823 Opinio
3665 5773 3727 5812 ex
3761 5758 3905 5813 facti
3927 5759 4021 5814 evi-

2457 5853 2642 5910 dcntia
2665 5853 2896 5910 confusa
2937 5860 3043 5908 cst.
3093 5850 3280 5922 Itaque
3311 5847 3609 5921 penetralia
3667 5847 3784 5904 hac
3837 5849 4020 5904 nostsis
