4164 6426
709 382 806 443 931

1934 386 2324 449 [ΕΟΝΛΒῘΠ
2370 387 2731 447 CillENSlS

3876 382 3972 448 932

709 506 787 555 ιιι,
825 514 1045 553 necesse
1109 501 1209 555 fuit
1238 516 1300 553 ex
1336 502 1531 569 postis.
1564 510 1619 554 ιιι
1653 502 1956 555 maritimos
1989 504 2299 557 custodire-
2330 507 2373 562 Α
2409 502 2618 562 bardis,
2643 498 2837 566 satagit
2866 494 3017 549 omtti
3051 495 3293 548 acnitate
3326 496 3555 548 artificis
3592 510 3761 547 naves
3791 496 3967 547 intrin-

710 605 834 645 mus
861 608 1068 657 muros,
1096 594 1415 648 deminuere
1452 596 1674 650 milites.
1717 595 1953 650 Proinde
2002 596 2104 650 hoc
2134 597 2289 659 inge-

713 684 805 738 nio
835 700 942 739 non
983 696 1281 741 contentus
1308 686 1574 751 Teucrus,
1606 688 1749 742 aliud
1784 704 2028 757 quoque,
2054 705 2165 759 quo
2188 704 2290 743 nos

710 786 941 830 terreret
977 778 1535 845 magis,~construxit,
1566 790 1780 849 pontem
1808 780 2061 834 videlicet
2100 781 2290 849 longi-

713 868 926 922 tudinis
970 869 1271 922 stadiorum
1319 871 1542 924 circiter
1593 871 1839 937 triginta,
1898 887 1962 924 ex
2001 872 2115 941 ripa
2166 872 2288 926 urbi

710 962 982 1027 opposita,
1018 963 1183 1015 maris
1215 964 1307 1031 qui
1338 963 1518 1015 sinum
1560 964 1857 1028 scinderet,
1886 966 2032 1018 vasis
2063 966 2289 1018 vinariis

710 1052 1003 1119 colligatis.
1031 1052 1134 1107 sub
1154 1054 1506 1114 constructis.
1552 1054 1895 1124 conﬁxisqne
1959 1056 2144 1126 lignis,
2178 1071 2288 1125 quo

710 1144 983 1198 exercitus
1007 1146 1343 1207 decurreret.
1369 1147 1434 1198 ad
1464 1161 1677 1200 murum
1712 1163 1900 1215 prope,
1932 1147 2087 1215 Juxta
2135 1148 2288 1205 urbis

711 1238 894 1288 fanum
928 1253 942 1288 :
976 1237 1218 1291 imitatus
1272 1235 1474 1293 Xerxis
1534 1239 1855 1307 potentiam,
1916 1239 2011 1309 qui
2045 1257 2110 1295 ex
2155 1242 2287 1295 Asia

709 1329 760 1379 in
816 1328 1102 1383 Thraciam
1154 1328 1440 1399 Bosphoro
1498 1332 1803 1385 exercitum
1853 1333 2117 1388 traduxit.
2166 1334 2285 1388 Non

708 1420 952 1471 restabat
986 1434 1118 1487 ergo
1157 1420 1259 1474 nisi
1292 1421 1510 1474 navium
1570 1432 1886 1492 eatenazqne
1941 1423 2285 1480 diametralis

708 1510 888 1572 Initio,
908 1525 1030 1578 qua!
1050 1512 1338 1565 transitum
1361 1512 1737 1583 ingressumve
1753 1516 1912 1569 classi
1937 1515 2282 1583 prohibebat.

780 1600 989 1655 Interea
1022 1618 1085 1655 ex
1118 1602 1255 1657 Chio
1300 1606 1351 1657 iu
1403 1615 1652 1659 nostrum
1686 1607 1995 1661 subsidium
2035 1618 2146 1661 tres
2177 1606 2284 1662 Ge-

708 1706 946 1745 nuenses
977 1694 1166 1754 armis.
1192 1695 1456 1749 militibus
1480 1694 1862 1763 frumentoque
1883 1699 2167 1754 conducta
2190 1715 2285 1751 na-

708 1798 801 1835 ves
831 1796 845 1833 :
882 1796 1044 1835 unam
1100 1782 1468 1854 imperatoris,
1504 1801 1625 1856 quat
1656 1802 1722 1841 ex
1777 1788 1962 1843 Sicilia
2007 1789 2282 1845 frumento

2397 605 2524 658 gere
2549 607 2563 643 :
2591 589 2838 642 referens
2854 586 3211 650 Perensibns,
3246 589 3525 655 quoniam,
3568 588 3646 642 uti
3701 590 3967 649 dixerant,

2394 687 2694 755 piratarum
2716 695 2899 744 erant.
2926 698 3065 752 quos
3097 682 3399 751 imperator
3432 681 3804 741 conduxerat,
3845 696 3965 733 con-

2392 789 2476 833 tra
2501 793 2594 833 eas
2620 792 2783 848 agere
2804 777 2961 837 velle,
2980 791 3102 845 quae
3130 775 3479 828 inimicorum
3504 790 3731 828 suorum
3771 782 3969 828 esseut.

2391 872 2581 941 Itaque
2615 869 2833 935 πίνει,
2857 869 2947 924 cui
2976 867 3216 938 provisio
3276 878 3470 935 negata
3502 867 3623 929 fuit,
3656 883 3723 922 ex
3774 868 3969 920 nostris

2390 966 2457 1017 ad
2488 962 2733 1018 Teucros
2771 962 3051 1023 reductus,
3082 970 3294 1031 quanto
3326 960 3549 1030 ingenio
3574 960 3776 1029 potuit,
3817 974 3969 1011 nares

2390 1054 2641 1126 frangere
2670 1055 2924 1109 studuit:
2966 1053 3265 1123 nescioqne
3327 1068 3439 1121 quo
3511 1053 3623 1106 fato
3694 1050 3967 1105 resultans

2388 1146 2705 1203 bombardze
2736 1162 2765 1200 a
2804 1146 2943 1201 colle
2977 1145 3138 1215 lapis.
3198 1145 3539 1199 centurionis
3576 1160 3795 1203 navem,
3839 1144 3970 1195 forte

2388 1244 2459 1293 ob
2488 1239 2721 1302 crimen,
2748 1254 2856 1293 uno
2887 1238 2997 1292 ictu
3026 1237 3284 1292 confodit
3315 1255 3332 1294 :
3362 1253 3485 1307 qua:
3525 1236 3804 1305 extemplo
3832 1251 3967 1288 mer-

2386 1332 2540 1386 cibus
2569 1339 2785 1395 onusta,
2823 1330 3049 1385 fundum
3074 1345 3249 1384 mersa
3312 1331 3489 1399 petiit,
3517 1328 3818 1383 maximum
3866 1328 3967 1377 dis-

2388 1425 2593 1480 crimen
2650 1424 2868 1493 quidem
2930 1421 3197 1477 inferens.
3253 1421 3375 1487 Quo
3415 1436 3545 1477 casn
3617 1420 3847 1489 reliquae
3908 1433 3967 1469 ne

2387 1515 2804 1584 confringantur
2827 1529 2982 1568 muro
3003 1511 3208 1568 Galatae
3234 1522 3491 1582 protectze
3514 1512 3746 1566 luerent.
3775 1509 3940 1563 Mirati
3957 1536 3969 1548 -

2387 1608 2512 1661 dum
2527 1607 2743 1677 quidem
2774 1606 3166 1674 Deijudicinm,
3199 1616 3260 1660 ut
3292 1605 3551 1659 immissis
3571 1605 3965 1673 quinquaginta

2386 1709 2441 1753 et
2464 1709 2684 1753 centum
2720 1713 2889 1768 prope
2918 1697 3215 1766 lapidibus,
3247 1696 3445 1767 quibus
3473 1695 3767 1765 perforata:
3795 1694 3971 1746 multa:

2385 1788 2590 1844 Galatas
2616 1790 2836 1853 domus,
2860 1790 3005 1843 inter
3039 1788 3264 1859 triginta
3292 1787 3554 1841 mulieres
3579 1787 3966 1856 conglobatas,

708 1884 902 1927 onusta
931 1874 1249 1941 advenerat,
1271 1879 1524 1933 comitem
1552 1880 1822 1937 ducebant
1848 1900 1865 1937 :
1899 1898 2038 1951 quas
2061 1890 2119 1936 ut
2154 1898 2280 1937 mox
2316 1853 2357 1910 Β
2386 1897 2494 1936 una
2517 1882 2633 1936 sola
2663 1882 2880 1951 optima:
2911 1880 3068 1935 fama:
3091 1882 3412 1947 interempta
3449 1879 3571 1933 fuit.

709 1967 917 2021 vicinas
944 1969 1064 2022 urbi
1100 1970 1312 2035 classis,
1335 1987 1455 2041 quas
1474 1974 1797 2036 excubabat.
1820 1976 2095 2046 applicare
2114 1978 2286 2031 vidis-

709 2070 791 2113 set
828 2080 842 2116 :
877 2063 1087 2117 concite
1120 2065 1489 2133 strepentibus
1542 2068 1835 2139 tympanis,
1896 2069 2151 2141 tnhisqne
2197 2086 2288 2127 so-

712 2155 989 2217 nantibus.
1024 2155 1357 2212 intuentibus
1389 2160 1544 2214 nobis
1573 2160 1817 2224 obvadit,
1869 2161 2083 2232 fingens
2116 2162 2287 2234 impc-

712 2248 907 2301 ratoris
934 2262 1125 2301 navem
1156 2264 1470 2319 expugnare
1520 2252 1678 2308 velle.
1727 2252 2066 2310 Teucrorum
2096 2273 2186 2312 rex
2219 2274 2285 2313 ex

710 2340 848 2393 colle
872 2340 1117 2405 Perensi,
1172 2341 1407 2399 fortuna
1455 2354 1784 2414 exspectans
1837 2359 2120 2411 eventum,
2163 2366 2289 2421 pro-

712 2434 894 2501 spicit.
925 2433 1087 2488 Fiunt
1114 2446 1243 2491 tunc
1270 2437 1409 2492 celsi
1438 2438 1738 2504 clamores;
1775 2440 2028 2497 triremes
2054 2442 2289 2511 majores

715 2526 944 2579 navibus
967 2527 1193 2593 hazrent;
1220 2529 1803 2600 tentantimperialcm,
1848 2541 1905 2587 et
1943 2542 2239 2602 protectam
2259 2548 2289 2588 a

714 2621 918 2675 nostris
941 2622 1205 2677 audacius
1228 2622 1489 2678 invadunt
1516 2640 1531 2689 ;
1552 2633 1829 2679 certamen
1850 2626 2042 2681 ineunt
2067 2643 2081 2691 ;
2107 2626 2288 2681 locum

717 2713 987 2768 machinis
1004 2715 1263 2771 adhibent
1284 2733 1300 2781 ;
1318 2717 1792 2788 sagittasjaciunt.
1814 2718 1907 2773 Sic
1935 2732 2093 2774 atrox
2113 2735 2291 2791 pugna

713 2808 1097 2863 committitur.
1115 2809 1294 2864 Naves
1311 2809 1564 2863 Mauritio
1579 2809 1869 2865 Genuense
1893 2810 2101 2866 Catano
2114 2810 2292 2881 impe-

712 2908 868 2952 rante
884 2915 947 2953 ex
967 2899 1193 2955 adverso
1210 2912 1534 2971 repugnant.
1554 2901 1633 2957 lhi
1653 2901 1961 2957 Dominicus
1975 2903 2041 2957 de
2060 2903 2204 2958 Nova
2215 2905 2293 2959 ria

711 3000 764 3045 et
796 2990 1033 3059 Baptista
1071 2994 1138 3047 de
1159 2993 1482 3057 Felliczano,
1504 2992 1771 3047 Balanerii
1807 2999 2020 3061 patroni
2041 2993 2297 3051 Genuen-

714 3097 805 3135 ses
831 3084 1003 3136 ardue
1026 3098 1267 3151 pugnam
1290 3094 1728 3152 prosequuntur.
1757 3083 2087 3138 Balistarutn
2116 3083 2297 3139 horri-

723 3174 912 3226 hiliutn
938 3176 1170 3228 missilia
1192 3174 1515 3242 jaciuntur;
1546 3190 1725 3243 exque
1749 3176 1971 3231 coronis
2002 3178 2295 3233 navalibus

715 3268 859 3321 intra
887 3266 1225 3323 Teucrorum
1252 3270 1591 3323 commislam
1616 3252 1848 3323 classem
1875 3268 2069 3324 infiniti
2088 3270 2295 3339 iapides

714 3361 1097 3414 demittuntur.
1136 3359 1347 3415 Tuetnr
1380 3376 1438 3415 se
1473 3362 1692 3430 egregie
1717 3362 2066 3431 imperatoris
2094 3363 2248 3417 navis
2276 3381 2292 3430 ;

714 3456 985 3509 succurrit
1013 3454 1337 3509 Flectanella
1366 3462 1669 3523 patronus;
1719 3455 2028 3535 borpbarda:
2063 3464 2298 3526 perstre-

714 3556 885 3613 punt;
936 3546 991 3599 fit
1026 3545 1268 3599 ululatus
1297 3545 1348 3599 in
1385 3547 1585 3600 coelum
1614 3562 1629 3609 ;
1662 3546 2084 3616 confringnutur
2115 3548 2296 3618 galea-

714 3656 831 3693 rum
864 3638 994 3693 remi
1032 3655 1046 3702 ;
1080 3638 1273 3693 Teucri
1300 3638 1417 3693 sine
1465 3639 1790 3694 remissione
1812 3640 2150 3695 sanciantur.
2180 3637 2292 3695 Rex

712 3732 803 3799 qui
827 3747 889 3785 ex
907 3730 1044 3785 colle
1066 3730 1467 3800 circumspicit,
1492 3733 1637 3800 quod
1662 3731 1856 3785 classis
1881 3731 2017 3800 perit
2039 3730 2294 3800 blasphe-

714 3832 824 3876 mat
863 3839 877 3884 ;
912 3830 1067 3892 urget
1110 3836 1312 3888 equum
1346 3822 1397 3875 in
1424 3821 1642 3887 salum;
1670 3823 1993 3877 vestimenta
2046 3838 2169 3876 cum
2204 3822 2290 3875 fn-

714 3931 835 3968 rorc
864 3916 1214 3977 conscindit;
1250 3913 1615 3982 ingemiscunt
1642 3914 1856 3983 pagani,
1887 3923 1942 3969 et
1964 3924 2112 3970 totus
2135 3931 2291 3969 excr-

713 4008 854 4060 citus
885 4006 1196 4060 alllictatur.
1257 4004 1399 4071 Quid
1437 4006 1624 4059 ultra?
1687 4005 1894 4061 Bellum
1951 4018 2289 4071 recensctur,

713 4099 1002 4153 invalescit
1034 4113 1214 4167 pugna
1244 4114 1260 4163 ;
1290 4110 1347 4151 et
1376 4098 1541 4152 tantis
1588 4097 1816 4153 classem
1849 4099 1971 4154 telis
1994 4099 2292 4168 lapidibus-

712 4208 817 4260 que
850 4191 1111 4252 obrtutnt,
1164 4199 1242 4243 tot
1304 4188 1543 4245 Teucros
1600 4191 1880 4254 occidunt.
1912 4202 1970 4245 ιιι
2022 4193 2291 4247 declinato

714 4295 885 4338 marte
916 4285 982 4337 ad
1007 4285 1160 4337 littus
1181 4299 1427 4339 renteare
1461 4301 1570 4338 non
1602 4286 1831 4355 possint.
1864 4284 2284 4353 Exploratornm

710 4385 764 4428 et
788 4374 1141 4443 profngornm
1175 4376 1351 4427 relatu
1390 4373 1703 4435 didicimus.
1733 4373 1879 4443 quod
1913 4375 2101 4429 decem
2157 4390 2287 4444 pro-

712 4482 775 4534 pe
804 4464 970 4518 millia
1001 4464 1360 4528 ceciderunt;
1388 4464 1479 4517 alii
1512 4464 1691 4531 gladio
1717 4464 2005 4532 perempti,
2040 4472 2094 4517 et
2122 4465 2286 4534 sagit-

2460 1968 2628 2028 Erant
2652 1972 2876 2042 perinde
2907 1974 2960 2027 itt
2993 1980 3153 2041 portu
3190 1972 3445 2026 triremes
3484 1970 3833 2024 mercatoria:
3860 1976 3967 2022 tres

2390 2062 2611 2120 Venetae
2638 2064 2873 2132 duaeque
2890 2062 3060 2132 agiles
3090 2062 3143 2115 in
3170 2072 3385 2131 portum
3415 2061 3482 2115 ad
3504 2061 3735 2115 tutelam
3754 2076 3965 2115 earum-

2390 2159 2514 2212 dem
2540 2157 2837 2226 designatce
2870 2175 2884 2211 :
2915 2171 3056 2225 quas
3089 2170 3289 2223 magno
3317 2170 3441 2207 cum
3471 2154 3697 2207 hortatu
3736 2153 3968 2222 impera—

2391 2258 2481 2304 tor
2512 2251 2631 2303 auri
2668 2254 2721 2303 in
2759 2264 2979 2304 menses
3018 2265 3189 2320 prope
3236 2264 3331 2302 sex
3369 2263 3470 2317 pro
3519 2248 3760 2301 tuitione
3817 2247 3967 2300 urbis

2389 2353 2599 2399 restare
2624 2343 2855 2409 fecerat;
2878 2358 3021 2413 quat,
3045 2357 3233 2411 pacem
3256 2357 3381 2395 eum
3399 2343 3608 2395 Teucro
3626 2340 3973 2396 simulantes.

2391 2426 2634 2491 nonnisi
2698 2436 3013 2491 clanculum
3075 2434 3408 2502 praestabant
3463 2432 3673 2489 Gmcis
3735 2432 3972 2503 patroci-

2393 2528 2569 2583 nium.
2601 2526 2805 2583 Verum
2833 2541 2958 2579 cum
3010 2527 3214 2580 notnlte
3246 2526 3385 2595 fuga:
3406 2525 3735 2596 aliquandiu
3787 2539 3972 2579 earnm

2392 2621 2719 2692 patuissent,
2739 2631 2852 2674 tum
2866 2618 3011 2689 quod
3032 2632 3241 2675 merces
3258 2634 3325 2673 ex
3344 2618 3529 2673 fundis
3546 2618 3975 2687 supellectilem-

2393 2728 2502 2783 que
2534 2714 2923 2775 traducebant,
2952 2721 3133 2768 actum
3169 2720 3272 2775 est,
3310 2720 3370 2765 ut
3424 2712 3574 2767 nullo
3622 2722 3789 2782 pacto
3830 2708 3976 2781 quod

2392 2784 2652 2874 populum
2705 2804 3042 2869 turbassent,
3072 2804 3442 2875 prohibitione
3466 2804 3824 2873 imperatoris
3858 2816 3978 2870 qua

2395 2897 2685 2952 restabant
2743 2896 3224 2963 traducerentur;
3284 2896 3533 2966 quinimo
3595 2897 3883 2951 dconusta:
3926 2895 3978 2947 in

2396 3001 2599 3047 terram
2632 2998 3072 3060 reportarentur.
3111 2991 3220 3047 lies
3275 2992 3391 3046 ham
3439 2990 3665 3045 Venetis
3726 2991 3980 3059 indigna-

2397 3081 2562 3136 tionis
2582 3081 2824 3137 fomitem
2864 3081 3197 3135 ministravit
3230 3099 3245 3146 ;
3273 3092 3465 3149 utpote
3490 3083 3639 3153 quod
3699 3084 3979 3140 libertate.

2399 3173 2703 3244 privilegiis
2741 3188 2841 3243 pro
2915 3174 3129 3227 honore
3158 3172 3390 3228 dominii
3430 3188 3625 3228 eorum
3655 3174 3861 3235 nactis,
3891 3190 3981 3227 vt»

2399 3266 2696 3323 recundius
2731 3268 3107 3335 privarentur.
3141 3265 3247 3321 Sed
3270 3266 3476 3323 sedatis
3507 3268 3742 3337 posthac
3773 3267 3978 3320 animis

2401 3376 2503 3416 suo
2533 3361 2764 3415 arbitrio
2805 3360 3006 3424 relicti,
3038 3360 3315 3429 spondent
3347 3360 3539 3415 Veneti
3576 3360 3726 3413 oumi
3783 3360 3892 3413 Ιῑιιε
3920 3370 3974 3411 et

2398 3453 2583 3506 studio
2612 3452 2678 3505 ad
2708 3452 2868 3505 finem
2902 3466 3078 3521 usque
3113 3450 3237 3505 belli
3268 3450 3408 3505 tueri
3446 3450 3659 3504 urbem.

2472 3547 2540 3596 At
2594 3543 2823 3613 posthac
2852 3543 3001 3597 inter
3037 3541 3274 3598 Venetos
3319 3549 3374 3595 et
3421 3542 3743 3597 Genuenses
3769 3541 3978 3595 Galatzr

2396 3637 2593 3691 oborta
2653 3636 2945 3695 dissensio.
2988 3646 3075 3692 est
3130 3654 3143 3690 :
3211 3638 3358 3706 quod
3408 3636 3546 3691 alter
3619 3635 3772 3689 alteri
3837 3634 3980 3703 fuga"

2395 3728 2764 3799 suspicionem
2798 3728 3223 3798 exprobrassent
3255 3745 3268 3780 :
3306 3726 3680 3783 asscrentibus
3707 3726 3933 3781 Venetis
3958 3764 3975 3789 ,

2400 3829 2459 3873 ut
2494 3821 2723 3873 tollatur
2756 3820 3018 3888 suspicio,
3053 3821 3200 3890 quod
3225 3834 3257 3875 e
3320 3820 3552 3873 navibus
3597 3820 3712 3872 suis
3774 3821 3979 3887 guber-

2397 3916 2588 3972 nacula
2617 3917 2962 3986 carbasaqne
2995 3916 3140 3984 apud
3170 3915 3710 3985 Constantinopolim
3730 3915 3783 3967 in
3813 3914 3977 3967 salvo

2394 4010 2695 4079 deponant.
2725 4008 2997 4077 lndignati
3032 4007 3353 4064 Genuenses
3383 4026 3397 4063 :
3432 4008 3500 4063 Et
3530 4009 3576 4063 si
3615 4021 3808 4077 pacem
3871 4007 3977 4073 (in-

2393 4102 2608 4173 quinnt)
2639 4103 2889 4157 consulto
2908 4104 3074 4157 etiam
3101 4104 3466 4173 imperatoris,
3492 4117 3591 4172 pro
3618 4103 3798 4157 salute
3823 4101 3977 4155 Cra--

2392 4209 2603 4257 eorum,
2637 4208 2757 4262 qua:
2809 4195 3117 4249 communis
3144 4203 3251 4259 est,
3297 4194 3477 4263 aliqua
3510 4194 3674 4263 proba
3709 4194 3973 4247 dissimu-

2392 4286 2593 4339 latione
2650 4294 3037 4355 supportatnus
3072 4301 3197 4340 cum
3251 4283 3488 4349 Teucro,
3539 4285 3680 4339 absit
3748 4294 3971 4340 tantum

2393 4375 2629 4440 facinus,
2671 4386 2734 4431 ut.
2766 4375 2960 4430 Peram
3006 4385 3120 4430 toto
3161 4379 3295 4431 orbe
3345 4377 3796 4446 pulcherrimam,
3838 4394 3971 4431 uso.

2392 4481 2504 4532 res,
2543 4466 2767 4530 liberos,
2799 4468 3205 4536 thesaurosque
3234 4468 3555 4522 deseramus
3583 4482 3745 4536 qnam
3787 4484 3968 4536 usth

710 4569 803 4623 tts,
834 4565 887 4610 et
918 4555 1210 4617 machinis,
1240 4555 1328 4607 alii
1357 4553 1598 4608 confossi
1660 4556 1998 4617 vulneribus.
2053 4556 2281 4611 flebilem
2312 4572 2365 4631 ι)
2392 4561 2459 4612 ad
2484 4558 2775 4629 sanguinis
2804 4557 3129 4613 effusionem
3147 4556 3439 4613 defensare
3458 4558 3831 4628 disponimus.
3859 4558 3971 4613 Gn-

711 4651 1012 4705 exercitum
1066 4646 1447 4701 reddiderunt.
1494 4647 1805 4717 Erantque
1834 4649 2154 4702 invaserunt
2188 4665 2285 4703 na-

709 4758 802 4795 ves
836 4743 977 4794 inter
1041 4740 1293 4793 triremes
1348 4749 1403 4792 et
1442 4738 1675 4792 biremes
1735 4739 1963 4794 circiter
2011 4738 2281 4795 ducentae.

710 4832 948 4887 Confusa
1012 4840 1141 4884 tunc
1175 4830 1319 4898 regis
1348 4830 1572 4883 ambitio
1598 4839 1703 4893 est,
1746 4829 2003 4899 parvique
2061 4844 2281 4901 reputa-

714 4936 763 4978 ta
793 4924 1030 4994 potentia
1063 4922 1210 4991 quod
1252 4929 1329 4974 tot
1362 4922 1613 4973 triremes
1665 4934 1854 4973 navem
1891 4920 2080 4974 saltem
2121 4937 2281 4976 unam

715 5033 821 5069 non
846 5014 1111 5083 ceperint.
1140 5009 1315 5064 Naves
1337 5025 1466 5079 ergo
1497 5008 1631 5076 (Deo
1652 5011 1845 5080 gratia)
1867 5025 1971 5064 non
1997 5011 2285 5075 ima-{nec

715 5123 823 5159 uno
877 5104 1070 5159 saltem
1110 5103 1329 5156 homine
1388 5101 1643 5170 perdito,
1695 5103 1902 5171 aliquot
1943 5112 2120 5156 tamen
2172 5106 2288 5156 vul-

716 5200 1134 5259 neratis,uoctu
1191 5195 1355 5246 salva:
1394 5209 1516 5246 cum
1537 5193 1882 5263 iucunditate
1938 5205 2151 5261 portum
2205 5196 2287 5247 in-

716 5299 880 5344 trant.
948 5290 1059 5343 Rex
1093 5297 1283 5340 contra
1346 5286 1538 5340 classis
1569 5286 1882 5354 prmfectum
1948 5286 2284 5356 Baltltoglum

714 5385 915 5453 oppido
942 5383 1253 5448 indignatus
1278 5419 1294 5445 ,
1331 5378 1585 5449 precibus
1622 5377 1895 5431 Bai-onum
1919 5389 2205 5434 t'concessa
2239 5380 2285 5435 ei

716 5492 845 5536 \tta,
876 5473 1199 5529 sententiam
1238 5472 1382 5535 tulit,
1416 5472 1561 5541 quod
1593 5470 1769 5524 Oﬂit‘iO
1815 5477 1869 5522 ct
1900 5472 2054 5525 bonis
2104 5472 2286 5525 omni-

716 5573 817 5623 bus
842 5568 1163 5636 privaretur.
1192 5564 1461 5633 (ZOgitavit
1524 5566 1706 5633 itaque
1742 5564 1869 5617 odio
1934 5579 2201 5619 accensus
2235 5565 2286 5618 in

717 5674 882 5712 naves
910 5673 975 5711 ex
1004 5656 1137 5710 colle
1170 5652 1397 5717 Galatae,
1426 5651 1674 5707 orientali
1710 5653 1886 5721 plaga,
1918 5652 2001 5705 vel
2032 5669 2124 5704 eas
2155 5653 2291 5721 lapi-

713 5753 875 5805 dibus
899 5747 1271 5801 tnachiuartun
1290 5745 1543 5806 obruere,
1600 5745 1681 5797 vcl
1708 5762 1736 5797 ιι
1764 5752 1957 5797 catena
1995 5746 2285 5812 depelli-re.

720 5842 1008 5913 I‘isposilis
1081 5841 1259 5911 itaque
1317 5850 1365 5894 ει
1436 5855 1497 5895 ex
1568 5839 1684 5907 ripa
1755 5837 2076 5890 occidentali
2134 5839 2285 5892 botn~

2393 4649 2692 4719 bernacnla
2729 4649 3081 4718 carbasaqne
3113 4656 3425 4704 nostrarum
3476 4649 3720 4710 navium,
3754 4665 3830 4703 ne
3858 4652 3969 4703 exi-

2387 4757 2494 4812 guo
2530 4741 2707 4812 pretio
2740 4741 2984 4812 inclytus
3005 4740 3210 4796 Genua:
3239 4741 3412 4797 decor
3446 4740 3588 4809 apud
3613 4755 3716 4795 vos
3738 4742 3839 4801 sit,
3860 4758 3963 4794 non

2389 4834 2442 4886 in
2478 4834 2654 4887 aliena
2685 4841 2974 4902 potestate,
3001 4832 3097 4887 sed
3130 4834 3181 4885 in
3214 4839 3402 4886 nostra
3428 4832 3791 4889 servabimus.
3822 4830 3967 4885 Nun-

2386 4942 2547 4996 quam
2574 4926 2711 4997 l'ttga:
2737 4926 2956 4981 licentia
2977 4925 3338 4990 nobisdatnr,
3370 4926 3417 4981 si
3443 4941 3529 4980 res
3552 4935 3781 4979 nostras
3815 4927 3958 4979 arbi-

2390 5019 2495 5072 trio
2528 5030 2721 5073 nostro
2754 5033 3059 5073 servamus.
3096 5017 3291 5071 Pacata
3320 5018 3547 5087 posthac
3571 5026 3773 5071 cuncta
3820 5026 3957 5075 sunt,

2389 5110 2674 5179 agentibus
2700 5108 2923 5164 Venetis
2950 5110 3016 5162 de
3036 5110 3350 5163 triremibus
3374 5110 3514 5171 suis,
3536 5109 3612 5162 uti
3645 5109 3955 5161 voluissent.

2457 5203 2748 5256 Crescente
2772 5203 3114 5272 postmodum
3157 5203 3435 5270 angustia,
3452 5201 3768 5255 consultum
3793 5216 3903 5265 est,
3926 5221 3954 5254 5t

2391 5310 2501 5365 quo
2533 5296 2695 5350 modo
2723 5295 3068 5349 intromissas
3097 5294 3334 5347 hostium
3392 5293 3565 5349 iustas
3595 5310 3757 5348 urere
3804 5308 3957 5350 nos"!

2390 5398 2616 5456 pnsscnt
2643 5406 2656 5441 :
2688 5387 3055 5456 clanculoqne
3106 5403 3208 5439 una
3235 5386 3451 5440 dierum
3477 5396 3603 5439 ante
3634 5387 3823 5439 lucem
3849 5388 3957 5440 dua-

2393 5480 2494 5533 bus
2535 5480 2766 5532 navibus
2797 5495 2895 5548 per
2930 5481 3195 5533 Joannem
3217 5477 3588 5532 .lustiniauum
3610 5478 3955 5544 capitatieom

2391 5571 2698 5639 dispositis,
2730 5586 2853 5624 cum
2882 5572 3091 5639 aliquot
3118 5570 3421 5624 biremibus
3452 5569 3519 5622 ad
3542 5571 3718 5638 ripam
3760 5574 3955 5625 vehen—

2394 5663 2500 5724 dis,
2536 5672 2725 5731 parato
2749 5662 2871 5716 foco
2899 5674 2951 5717 et
2979 5663 3247 5717 machinis
3282 5682 3295 5716 :
3328 5663 3383 5715 fit
3413 5662 3672 5716 detractis
3703 5666 3952 5719 navibus.

2396 5755 2524 5807 dato
2550 5754 2765 5814 ordine.
2800 5763 2858 5807 ut
2893 5755 3100 5826 cymba:
3127 5764 3307 5818 ret-tae,
3354 5772 3489 5825 quas
3536 5755 3803 5811 barbotas
3837 5757 3951 5809 diti

2401 5848 2895 5916 mus,biremesque
2926 5858 3285 5919 sequerentur
3334 5863 3347 5899 :
3390 5849 3487 5903 hoc
3525 5849 3644 5902 ideo
3682 5860 3735 5901 ut
3799 5848 3954 5902 inuni-
