4164 6426
160 397 256 460 933

1255 397 1350 455 DE
1384 395 1997 455 EXPUGNATIONE
2042 396 2334 454 (Il‘OlJS.

3294 408 3407 471 93/5

160 519 219 564 ta:
236 510 410 566 saccis
451 510 571 562 lana
611 508 787 578 plenis
817 522 1006 571 naves,
1041 508 1192 575 prius
1223 525 1285 563 ex
1324 509 1595 563 machinis
1630 524 1723 562 ac-
1756 514 1797 569 Α
1830 510 2163 563 excedebant
2199 527 2213 562 :
2263 509 2475 576 reliqui,
2508 510 2623 564 sive
2647 511 2991 573 chnenses.
3033 514 3146 569 sive
3194 518 3407 581 Veneti,

156 604 653 673 ciperentlapidum
708 604 871 655 ictus.

223 699 283 749 At
306 694 544 749 Jacobus
571 695 777 756 Cocha,
801 696 883 747 vir
909 692 1170 757 Venetus,
1192 704 1459 746 armatam
1487 709 1551 748 ex
1579 707 1716 746 nau-

160 790 220 841 tis
242 788 550 842 triremium
574 786 906 840 Venetarum
930 786 1268 853 imperialem
1302 787 1564 840 biremem
1593 786 1720 854 jux-

160 893 206 934 ta
236 882 485 934 ordinem
518 882 727 942 datum,
757 880 943 949 gloria:
981 895 1031 937 et
1056 882 1285 935 honoris
1318 880 1539 942 avidus,
1575 880 1723 932 laxa-

156 975 219 1025 tis
262 973 450 1035 remis,
501 972 920 1039 prmvenientem
997 974 1319 1035 convertit;
1369 987 1603 1039 moxque
1663 980 1721 1024 ut

155 1066 217 1116 ah
242 1067 487 1118 hostibus
506 1064 748 1117 cernitur
766 1064 891 1132 (heu
915 1065 927 1116 l
954 1079 1169 1133 gravem
1195 1063 1461 1130 sortem!)
1501 1078 1531 1116 e
1566 1062 1719 1115 bOm-

156 1157 318 1209 barda
340 1155 514 1223 lapide
538 1154 717 1207 medio
735 1165 1049 1224 penetratur
1074 1170 1088 1206 :
1119 1169 1242 1208 cum
1269 1154 1522 1207 on'mibus
1545 1168 1722 1206 arma-

152 1250 218 1300 tis
244 1264 462 1313 :equore
484 1246 708 1300 biremis
736 1247 1084 1301 absorbetur.
1122 1246 1239 1300 Heu
1268 1249 1279 1298 !
1315 1247 1475 1298 Pater
1514 1244 1717 1298 beatis-

150 1342 301 1397 sime,
349 1354 511 1407 grave
546 1337 843 1391 discrimen
880 1346 939 1390 ιιι
983 1353 1092 1391 uno
1151 1337 1262 1390 ictu
1302 1335 1537 1403 Neptuni
1568 1335 1721 1387 furor

155 1430 501 1481 immerserit.
532 1428 745 1481 Etenim
777 1419 863 1482 res
885 1429 997 1481 [nec
1017 1429 1233 1481 detecta
1270 1427 1548 1494 relataque
1578 1426 1722 1479 Teu-

148 1524 409 1591 crtsagit,
430 1523 631 1575 utdnm
667 1520 837 1574 nostri
871 1529 1155 1590 percutere
1178 1519 1538 1587 voluerc,ipsi
1570 1518 1721 1585 prius

155 1615 399 1683 pert-ossi
454 1614 589 1668 sint.
635 1612 740 1667 Sed
760 1614 891 1681 quid
920 1614 1119 1677 dicam,
1170 1612 1486 1666 beatissime
1526 1612 1724 1665 Pater?

142 1712 495 1761 Aecusarcne
551 1708 854 1775 quempiam
898 1706 1071 1761 licet?
1127 1706 1402 1760 silendum
1452 1704 1584 1757 tnihi
1615 1713 1722 1758 est.

143 1801 249 1863 Qui
283 1813 449 1853 casus
467 1814 597 1853 acer
616 1799 744 1851 bum
780 1799 989 1852 luctum
1021 1800 1221 1853 nostris
1249 1799 1438 1863 dedit;
1472 1812 1527 1851 et
1575 1797 1720 1850 unde

1832 616 1956 654 cum
1996 601 2082 656 Itis
2110 603 2203 670 qni
2232 617 2296 654 ex
2341 602 2471 654 Pera
2506 603 2646 654 clam
2678 604 2743 657 ad
2780 605 3096 671 przesidium
3161 624 3412 663 accesse-

1845 701 1994 752 rant.
2026 694 2110 745 vix
2146 708 2419 746 summam
2478 694 2639 746 trium
2687 696 3251 764 Iltliiitlm-alqnaballl.
3304 704 3409 757 Sed

1830 785 1961 853 quid
1990 786 2201 852 agimus
2222 787 2273 838 in
2301 800 2393 838 ore
2425 786 2638 839 leonis?
2668 788 2794 855 qu'd
2827 790 3117 843 formicain
3148 807 3240 844 ore
3261 798 3369 845 ursi
3390 798 3412 847 ’ἶ

1831 878 1959 946 quid
1987 894 2129 931 unus
2152 886 2344 931 contra
2372 880 2518 931 mille
2550 879 2573 931 ?
2605 878 2813 933 Etenim
2846 877 3015 935 nostri
3061 886 3146 936 vix
3222 886 3406 939 urbem

1832 979 1998 1039 ponto
2027 980 2280 1038 terraque
2302 970 2583 1024 obsessam
2629 973 3222 1044 circurnvallatatnque,
3250 992 3408 1045 quam

1829 1061 2130 1115 octodecim
2192 1063 2442 1116 milliaria
2480 1062 2942 1132 complectuntur,
2993 1070 3334 1123 muniebant.

1905 1154 2031 1216 Sed,
2068 1169 2100 1205 o
2136 1153 2447 1208 Graecorum
2477 1156 2833 1224 impietatem,
2871 1174 2901 1209 o
2936 1162 3124 1227 patria:
3165 1163 3411 1230 prodito-

1833 1259 1940 1307 res,
1971 1261 2002 1295 o
2031 1260 2225 1297 avaros
2264 1247 2275 1298 !
2300 1262 2436 1314 quos
2454 1263 2575 1301 cum
2606 1262 2982 1315 saepenumero
3009 1254 3262 1321 lat-rymis
3282 1270 3410 1323 pere

1832 1334 1985 1387 fusus
2010 1336 2169 1403 inops
2201 1335 2498 1404 imperator
2524 1349 2771 1408 rogasset
2798 1350 2964 1409 utpro
2993 1332 3258 1397 militibus
3281 1363 3407 1397 eon-

1829 1426 2094 1481 ducendis
2120 1428 2403 1496 pecuniam
2436 1440 2769 1490 mutuarent.
2792 1434 3049 1501 jurabant
3079 1450 3137 1488 se
3194 1436 3405 1504 inopes.

1830 1517 2244 1586 exhaustosque
2298 1520 2528 1587 penuria
2586 1530 2918 1588 temporum.
2990 1541 3130 1591 quos
3178 1531 3408 1595 posthac

1832 1611 2135 1664 ditissimos
2152 1611 2325 1665 hostis
2354 1612 2582 1667 invenit.
2602 1615 2644 1665 Δ
2676 1616 2861 1682 paucis
2879 1618 3234 1671 nihilominus
3256 1636 3375 1688 quae
3393 1650 3405 1658 -

1831 1704 1957 1755 dam
1995 1707 2246 1759 ultronea
2280 1704 2490 1759 oblatio
2523 1703 2666 1757 facta
2691 1715 2795 1761 est.
2845 1706 3153 1762 Cardinalis
3224 1710 3405 1763 hercle

1832 1812 1995 1850 omne
2023 1797 2260 1850 studium
2292 1796 2540 1851 adhibuit
2564 1797 2617 1852 in
2641 1796 2861 1852 ferenda
2883 1815 3007 1869 ope.
3040 1805 3092 1855 in
3121 1803 3403 1858 firmandis

141 1898 419 1954 exierunt,
457 1904 626 1944 naves
646 1906 767 1944 eum
792 1890 1122 1945 confusione
1154 1891 1404 1944 retraxit.
1460 1887 1539 1944 Ex
1568 1906 1718 1943 mer—
1750 1927 1794 1987 Β
1831 1890 2077 1942 turribus
2103 1898 2158 1943 et
2194 1904 2374 1942 muro.

140 1984 220 2037 sis
262 1984 389 2037 inde
414 1990 842 2051 supernatantes
865 1984 1089 2051 quidam
1113 1984 1178 2036 ad
1216 1982 1372 2037 littus
1420 1987 1714 2053 capiuntur

139 2078 211 2129 ab
244 2076 514 2140 hostibus,
554 2089 695 2143 quos
721 2075 920 2143 impius
952 2092 1045 2129 rex
1082 2085 1210 2131 ante
1234 2077 1426 2131 oculos
1490 2090 1715 2130 nosnos

140 2170 206 2221 in
240 2169 483 2221 crastino
512 2168 768 2221 decollari
790 2168 977 2236 jussit.
1012 2167 1192 2223 Nostri
1224 2170 1554 2232 exacerbati,
1576 2183 1716 2236 quos

140 2262 420 2314 habebant
448 2260 690 2328 captivos
719 2260 775 2312 in
805 2274 1049 2324 carcere,
1069 2258 1317 2314 Teucros
1348 2258 1414 2313 ad
1450 2274 1633 2313 muros
1662 2259 1714 2311 in

134 2369 370 2407 suorum
397 2362 687 2421 prospectu
711 2351 1006 2406 immanius
1041 2354 1323 2407 trucidant
1358 2369 1373 2417 ;
1400 2353 1592 2423 sicque
1617 2352 1719 2404 im.

135 2447 319 2513 pietas
352 2445 673 2499 crudelitate
704 2447 988 2500 commista
1014 2448 1213 2499 bellum
1241 2447 1482 2501 atrocius
1522 2446 1670 2500 fecit.

218 2538 513 2594 Simulavit
559 2543 787 2606 posthac
824 2535 1065 2593 Teucrus
1090 2554 1279 2608 pacem
1317 2540 1496 2595 facere
1546 2540 1717 2603 velle;

134 2631 594 2701 exploratoribus
624 2631 1134 2687 fictcreferentibus
1190 2635 1516 2701 pmnituisse
1573 2651 1719 2700 eum,

130 2723 295 2791 quod
325 2738 574 2789 gnerram
598 2724 755 2793 quasi
776 2724 1088 2778 stimulatus
1115 2726 1184 2777 ab
1208 2721 1719 2794 Ungarisintentas-

131 2828 226 2871 set
264 2818 612 2886 :statuitque
650 2818 1089 2871 caduceatorem.
1128 2819 1233 2871 Sed
1274 2817 1388 2872 luce
1446 2834 1533 2873 res
1596 2835 1725 2873 cen-

127 2912 269 2962 ﬁcta
297 2909 498 2978 patuit:
524 2909 651 2976 quia
668 2925 767 2963 nec
793 2909 1041 2963 demoliri
1075 2912 1334 2979 Oppidum
1359 2911 1506 2979 quod
1530 2914 1579 2965 in
1600 2912 1726 2966 Pro-

129 3000 375 3068 pontide
402 3001 620 3063 struxit,
655 3016 752 3054 nec
790 3012 1103 3056 reStaurare
1136 3019 1259 3071 qua:
1290 3012 1549 3067 vastarat,
1605 3020 1725 3073 per-

128 3091 424 3146 mittebat.
491 3089 761 3159 Quodqnc
793 3093 963 3159 magis
994 3092 1246 3160 angebat,
1286 3094 1566 3147 inlidentia
1605 3105 1724 3146 erat

126 3180 371 3244 Teucri,
397 3180 889 3249 quijusjuramlnm
912 3180 1193 3251 foedusque
1225 3198 1497 3251 nunquam
1540 3199 1723 3237 scrva-

1892 1979 2032 2046 Qnid
2062 1989 2239 2034 autem
2279 1984 2580 2051 imperator
2613 1986 2900 2053 perplexius
2948 1995 3095 2055 agat,
3152 1987 3400 2056 ignorat;

1819 2074 2056 2128 consulit
2086 2075 2357 2139 barones;
2396 2078 2635 2131 suadent
2665 2094 2772 2132 non
2808 2080 3084 2133 molesmri
3118 2083 3259 2135 cives
3310 2098 3404 2134 an-

1821 2165 1999 2233 gustia
2042 2166 2306 2233 temporis
2335 2183 2350 2231 ;
2379 2168 2475 2220 sed
2510 2170 2895 2223 recnrrcndum
2926 2172 3010 2234 atL
3053 2190 3229 2227 saera.
3289 2176 3401 2227 Au-

1821 2254 1948 2308 ferri
1979 2256 2139 2325 igitur
2163 2267 2214 2310 et
2229 2256 2454 2313 conflari
2476 2258 2647 2327 jussit
2671 2276 2733 2313 ex
2765 2262 2938 2316 sacris
2964 2264 3179 2333 templis
3212 2279 3409 2318 saneta

1823 2346 1916 2401 Dei
1949 2342 2102 2409 vasa,
2142 2348 2303 2403 sicuti
2338 2348 2611 2405 Roxnauos
2654 2367 2753 2421 pro
2782 2356 3112 2409 necessitate
3140 2358 3400 2424 temporis.

1822 2440 2017 2495 fecisse
2050 2440 2495 2511 legimus,exque
2524 2445 2604 2497 eis
2626 2446 2920 2511 pecuniam
2958 2447 3230 2516 insigniri,
3254 2451 3398 2503 dario

1823 2548 1928 2601 que
1957 2533 2245 2598 militibus,
2287 2534 2590 2590 fossoribus
2642 2540 3245 2608 constructoribnsqne,
3306 2544 3398 2612 qui

1826 2640 1936 2677 rem
1956 2639 2135 2687 sitam,
2160 2641 2267 2679 non
2288 2627 2557 2696 publicam
2578 2631 2938 2689 attendentes.
2967 2633 3068 2685 nisi
3088 2648 3152 2686 ex
3176 2634 3400 2688 denario

1825 2717 2228 2779 convenissent,
2262 2720 2326 2771 ad
2350 2734 2488 2787 opus
2516 2719 2594 2775 ire
2619 2722 2963 2778 recusabant.
3004 2725 3269 2794 Angustia
3305 2726 3400 2793 igi-

1827 2817 1913 2861 tur
1947 2808 2178 2863 aﬂlictus
2208 2810 2525 2877 imperator,
2566 2811 2845 2878 dispositis
2887 2812 2943 2866 in
2978 2817 3398 2883 prolmgnaculis

1826 2900 2113 2964 militibus,
2136 2901 2310 2970 quoad
2338 2904 2532 2968 potuit,
2556 2904 2896 2958 antemurale
2915 2906 3092 2958 solum
3115 2908 3263 2961 urbis
3288 2909 3399 2961 val-

1829 2992 2048 3059 lumque
2071 3002 2154 3046 sat
2182 2993 2463 3045 videbatur
2500 2996 2663 3048 tutari
2704 3010 2886 3063 posse.
2938 2996 3143 3050 Bellum
3189 3000 3395 3068 itaque,

1830 3089 2099 3155 paucitate
2116 3104 2333 3140 suorum
2362 3088 2632 3152 diffidens,
2666 3089 2859 3143 tolerat
2888 3100 2977 3145 :et
3002 3107 3153 3160 spem
3177 3108 3392 3148 omnem

1831 3184 1883 3236 in
1909 3183 2120 3237 Joanne
2162 3185 2471 3239 Justiuiano
2512 3186 2763 3255 praefecto
2800 3190 3063 3258 reposuit.
3105 3190 3245 3245 Bene
3279 3195 3396 3261 qui—

122 3283 253 3326 rat.
294 3272 404 3331 Cur
435 3273 597 3341 igitur
628 3288 816 3341 pacem
846 3274 1042 3341 qmerit
1101 3275 1357 3330 immanis
1419 3286 1473 3329 et
1527 3276 1724 3331 infidus
1749 3278 1795 3339 C
1830 3277 1950 3331 dem
1974 3279 2017 3332 si
2048 3276 2153 3332 fata
2174 3280 2591 3334 secundasscut.
2617 3278 2779 3335 Juxta
2809 3298 2937 3350 ergo
2958 3299 3016 3337 se
3037 3284 3226 3338 eodem
3249 3286 3395 3354 capi-

119 3362 326 3416 bestis
347 3361 369 3413 ἱ)
394 3360 808 3426 Percunctatus,
834 3377 896 3415 ex
927 3378 1074 3416 more
1104 3378 1227 3418 esse
1253 3364 1518 3432 intellexi,
1546 3376 1599 3419 ut
1629 3382 1727 3419 an-

123 3463 374 3522 tequam
409 3462 685 3507 certamen
723 3454 974 3521 generale
1004 3457 1376 3519 committant,
1416 3459 1603 3511 hostes
1631 3474 1728 3528 op-

117 3548 299 3598 tione
319 3544 468 3611 pacis
499 3546 780 3613 petendos,
811 3562 896 3607 ne,
923 3560 984 3598 ea
1014 3548 1400 3615 prmtermissa,
1425 3550 1591 3603 Deum
1620 3564 1725 3604 non

110 3638 470 3707 propitiant,
494 3638 586 3692 sed
620 3638 815 3690 irzzttltn
847 3639 899 3691 in
927 3649 1077 3692 tanto
1108 3650 1278 3693 marte
1306 3643 1592 3695 sentirent.
1622 3641 1727 3697 lla-

106 3744 252 3798 que
285 3729 624 3784 delusionem
658 3730 777 3797 ejus
813 3731 1190 3798 praescientes,
1223 3732 1458 3786 salutem
1484 3744 1725 3788 nostram

107 3822 260 3875 Deo
286 3820 712 3883 commisimus;
762 3822 879 3874 dies
933 3833 1150 3877 nostros
1198 3822 1609 3881 dinumerantes
1674 3828 1727 3879 in

103 3910 521 3964 amaritudine
547 3911 751 3975 cordis,
780 3921 833 3965 et
856 3913 1217 3977 plenitudine.
1260 3916 1481 3980 litaniis,
1516 3917 1727 3972 sacrifi-

101 4005 255 4062 cio,
288 4003 473 4063 thure,
509 4016 663 4069 prece
687 4001 1009 4069 placandum
1036 4000 1204 4056 Deum
1232 4005 1667 4073 praedicabamus
1712 4021 1726 4056 :

87 4092 355 4162 jejunio
384 4091 681 4143 indiximus
730 4090 997 4159 imperare
1029 4092 1252 4155 nostris,
1296 4103 1352 4145 ut
1386 4097 1538 4148 solus
1585 4093 1730 4149 Deus

95 4197 398 4256 pugnare
432 4198 530 4251 pro
560 4183 717 4237 nobis
746 4182 1089 4250 dignaretur.
1124 4183 1227 4237 Sed
1258 4185 1388 4249 quid
1426 4187 1727 4254 proderunt

94 4280 259 4331 Deo
296 4275 481 4328 missa:
503 4290 711 4343 preces,
745 4272 791 4329 si
823 4290 885 4328 ex
906 4277 1070 4329 corde
1093 4290 1200 4329 non
1225 4288 1371 4339 sunt,
1406 4279 1449 4330 si
1510 4278 1727 4346 polluta:

91 4366 646 4422 manushabentur
678 4367 759 4430 ;si
785 4367 948 4434 impia
993 4376 1049 4420 et
1099 4366 1267 4419 infida
1312 4368 1475 4421 corda
1519 4369 1733 4422 consis-

86 4478 167 4519 tn
184 4478 235 4515 η
252 4472 275 4512 ι
296 4476 313 4524 ;
338 4459 656 4527 iniquitates
682 4460 824 4511 enim
848 4468 1049 4512 nostra:
1073 4459 1377 4513 diviserunt
1395 4461 1533 4514 inter
1553 4476 1653 4515 nos
1676 4474 1731 4519 et

90 4559 201 4609 Dc
216 4570 330 4608 um
368 4568 383 4617 ;
423 4550 656 4605 Sabbata
684 4562 891 4613 nostra,
923 4550 1189 4614 kalend-.13,
1220 4552 1531 4612 incensum.
1561 4558 1726 4608 sarri-

80 4651 273 4705 licia
303 4648 360 4699 in
391 4645 843 4698 abominationem
882 4660 1032 4697 versa
1057 4653 1187 4695 sunt
1219 4659 1235 4709 ;
1270 4652 1321 4696 et
1348 4661 1506 4712 quem
1536 4648 1719 4714 propi.

74 4745 289 4796 tium
319 4735 676 4804 sperabamus
709 4736 904 4788 habere
925 4732 1116 4799 Deum,
1146 4735 1434 4789 habuimus
1454 4739 1725 4792 scelerum

66 4837 474 4886 nostrorum
510 4825 765 4878 ultorem.

182 4916 393 4974 Pauci
423 4915 712 4969 admodum
741 4926 793 4971 et
828 4918 1029 4985 majore
1057 4934 1286 4972 numero
1310 4935 1372 4972 ex
1398 4919 1600 4973 Cra-eis
1629 4910 1726 4971 im-

56 5013 350 5070 belles,
384 5017 557 5073 scuto,
601 5008 809 5072 lancea,
850 5024 1003 5071 arcu,
1057 5010 1256 5077 gladio,
1309 5022 1500 5063 natura
1547 5013 1729 5079 potius

52 5117 315 5176 quam
349 5108 467 5152 arte
490 5100 797 5152 militabant
830 5116 845 5164 ;
889 5102 1125 5168 majores
1153 5103 1330 5170 galea,
1365 5103 1611 5165 thorace,
1650 5103 1727 5155 lo-

51 5202 284 5255 rica,
334 5190 534 5259 gladio,
569 5192 752 5243 lancea
792 5208 805 5247 :
841 5193 1061 5260 quidam
1095 5193 1571 5248 inarcuctbalista
1592 5197 1728 5249 doc-

46 5295 349 5345 tiores.
384 5285 475 5337 sed
510 5285 1188 5353 propugnaculisimpares
1214 5301 1442 5338 numero
1468 5288 1725 5355 agebant,

37 5373 337 5453 quoad
404 5374 679 5425 sciverant
730 5383 782 5425 et
846 5383 1114 5441 poterant.
1190 5376 1464 5431 Cadebant
1522 5378 1725 5444 'l'euei,

37 5473 199 5544 qui
268 5466 548 5517 audacius
576 5466 939 5518 adhaerebant.
973 5466 1076 5521 Sed
1103 5469 1229 5537 quid
1251 5471 1296 5524 si
1320 5482 1535 5524 centum
1569 5473 1622 5524 in
1645 5473 1731 5527 die

31 5558 507 5622 ((-cielissent,
536 5557 801 5610 iututmcri
829 5558 901 5609 illi
936 5569 1142 5626 quanto
1165 5564 1381 5623 cadere,
1440 5571 1589 5615 tanto
1642 5580 1730 5618 re-

28 5676 135 5714 su
157 5662 387 5719 rgere
417 5647 597 5714 plures
628 5648 985 5701 videbantur?
1018 5650 1071 5702 Si
1099 5668 1335 5721 unusex
1366 5656 1564 5709 neatris
1590 5657 1730 5709 ceri-

19 5748 351 5804 “isset,
383 5747 495 5788 tum
532 5739 798 5807 prmcipua
834 5742 1094 5795 cordatus
1128 5744 1228 5804 vir,
1262 5754 1482 5797 centum
1551 5748 1730 5813 perdi-

17 5844 287 5899 dissc
327 5825 589 5881 ﬂebazutis
618 5847 630 5893 ;
660 5827 831 5882 Grani
864 5832 926 5884 ad
961 5849 1052 5888 sex
1088 5835 1251 5888 millia
1279 5837 1601 5889 bellaturum
1623 5857 1725 5892 :zzvn

1831 3382 1989 3424 taneo
2005 3387 2127 3426 cum
2150 3376 2404 3427 trecentis
2426 3374 2890 3428 counnilitoitibus
2908 3376 3284 3431 Genuensibus
3306 3397 3397 3447 lm-

1831 3466 1957 3528 sito,
1982 3467 2278 3533 splendidis
2307 3466 2692 3534 refulgentibus
2721 3469 2909 3531 armis,
2931 3470 3154 3524 delectis
3174 3474 3393 3539 quidem

1830 3558 2166 3626 coadjunctis
2192 3558 2393 3613 Grrecis
2421 3562 2628 3627 aliquot
2657 3562 2914 3627 strenuis,
2937 3561 3084 3615 circa
3107 3564 3249 3616 illam
3279 3580 3398 3633 par-

1832 3659 1935 3704 tem
1973 3666 2252 3703 murormn
2274 3650 2456 3705 Sancti
2481 3650 2708 3705 Romani
2744 3666 3140 3722 reparaturum,
3164 3656 3252 3708 ubi
3280 3675 3394 3709 ma-

1831 3744 1913 3810 gis
1952 3744 2175 3810 urgebat
2201 3759 2399 3812 pugna,
2437 3745 2731 3811 imperator
2756 3748 2922 3799 Stetit.
2965 3746 3249 3802 Manritius
3276 3751 3401 3803 inde

1830 3835 2137 3897 Catanzens,
2160 3834 2244 3886 vir
2262 3835 2460 3888 nobilis
2483 3834 2789 3889 Genuensis
2812 3837 3096 3903 pri-fectus
3119 3841 3257 3893 inter
3278 3855 3401 3910 pur-

1831 3935 1936 3979 tam
1957 3925 2131 3994 Pighi,
2163 3925 2211 3977 id
2247 3934 2329 3979 est
2363 3924 2549 3993 fontis,
2577 3944 2749 3995 usque
2775 3930 2838 3981 ad
2868 3930 3125 3994 Auream,
3152 3948 3273 3984 eum
3295 3934 3397 3985 dn-

1830 4018 2005 4070 centis
2024 4016 2337 4083 lialistariis,
2361 4020 2665 4074 commistis
2688 4020 2851 4073 etiam
2876 4020 3101 4075 Gfﬂlt'iS.
3122 4032 3311 4077 contra
3335 4025 3400 4078 li-

1831 4124 2026 4175 gneum
2050 4120 2313 4173 castrum,
2359 4111 2589 4179 pellibus
2616 4111 2777 4165 boum
2826 4121 3135 4166 eonteetum
3174 4119 3397 4185 opposi-

1832 4210 1945 4253 tum
1983 4212 2239 4255 accurate
2265 4202 2525 4255 decertat.
2553 4203 2752 4256 Paulus
2772 4204 3008 4267 Troilus,
3035 4208 3305 4261 Antonius
3332 4210 3401 4261 de

1832 4290 2147 4346 Boehiardis
2168 4292 2380 4353 fratres.
2409 4296 2605 4349 inloco
2623 4295 2792 4348 arduo
2817 4294 3111 4360 Miliandri,
3132 4313 3240 4366 quo
3266 4300 3393 4352 urbs

1833 4386 2119 4447 titubabat,
2147 4402 2253 4439 aere
2286 4386 2503 4455 proprio
2534 4396 2588 4440 et
2644 4388 2837 4450 armis,
2885 4404 3093 4441 summa
3139 4405 3259 4443 eum
3321 4392 3399 4442 \i-

1830 4476 2076 4544 gilantia,
2118 4487 2279 4530 noctu
2312 4478 2507 4548 dieque
2526 4488 2580 4532 et
2628 4479 2938 4548 spingardis
2999 4481 3315 4547 horrendis,
3348 4497 3401 4537 et

1836 4568 2050 4620 balistis
2105 4570 2312 4621 torneis
2377 4571 2608 4623 viriliter
2657 4586 2888 4641 pugnam
2949 4574 3268 4627 sustinent:
3307 4576 3398 4641 qui

1833 4666 1979 4710 tanta
2011 4661 2377 4722 animositate,
2415 4677 2558 4715 nunc
2586 4663 2771 4729 pedes,
2814 4679 2956 4716 nunc
2981 4680 3167 4732 equus.
3217 4666 3401 4718 defen-

1832 4749 1987 4811 dunt,
2038 4762 2097 4803 ut
2156 4749 2366 4805 Horatii
2407 4752 2629 4807 Coclitis
2692 4756 2835 4809 vires
2886 4758 3117 4824 repulsis
3151 4758 3400 4810 hostibus

1829 4857 2041 4910 requare
2075 4844 2413 4897 viderentur.
2472 4843 2603 4896 Nam
2650 4862 2748 4898 nec
2782 4847 2916 4898 nutri
2954 4847 3108 4899 fracti
3174 4865 3404 4901 concus-

1830 4933 2004 4993 sione,
2026 4948 2124 4986 ncc
2147 4934 2517 4987 machinarum
2544 4936 2757 4990 turbine
2792 4938 2983 5003 territi,
3002 4938 3121 4992 teth
3140 4957 3262 4993 nam
3298 4944 3361 4995 si.
3388 4944 3400 4995 i

1833 5025 2144 5075 memoriam
2170 5025 2462 5077 vindicant.

1901 5111 2221 5167 Theodorus
2254 5116 2587 5181 (lharistino,
2627 5134 2810 5181 senex,
2839 5121 2929 5173 sed
2963 5122 3217 5176 robustus
3255 5124 3401 5177 Grae-

1830 5220 1945 5266 cus,
2020 5205 2070 5257 in
2131 5222 2258 5260 areu
2308 5208 2685 5274 doctissimus,
2756 5211 3203 5282 Tlteophiiusque
3248 5215 3398 5269 Grat-

1830 5309 1947 5356 CIIS,
2006 5297 2204 5350 nobilis
2258 5297 2595 5370 Palmologtts
2650 5303 2845 5354 litteris
2903 5306 3183 5365 eruditus,
3241 5309 3401 5358 amlm

1832 5386 2111 5448 catholici,
2170 5403 2292 5442 cum
2354 5389 2563 5446 Joanne
2618 5394 2879 5447 Alemano
2926 5396 3232 5465 ingenioso,
3257 5397 3403 5451 Cati-

1831 5489 2049 5540 gaream
2083 5491 2403 5532 concussam
2468 5497 2717 5551 reparant
2740 5496 3152 5556 proteguotqne.
3197 5489 3401 5541 Coma.

1834 5581 2017 5630 renns,
2061 5568 2202 5623 inter
2234 5570 2466 5627 Venetos
2489 5576 2844 5641 clarissimus,
2872 5579 3189 5647 capitaneus
3209 5583 3349 5634 Auro
3370 5600 3399 5634 e

1834 5668 2001 5724 poi-ne
2034 5662 2417 5729 etadjaeentes
2440 5677 2614 5720 turres
2649 5684 2823 5735 usque
2863 5685 3011 5722 oram
3050 5672 3237 5732 maris,
3270 5674 3402 5725 viri-

1834 5750 1956 5799 liter
2016 5753 2230 5815 pondus
2279 5756 2580 5823 sustinens,
2636 5760 2823 5813 hostes
2880 5762 3175 5831 impugnat.
3232 5762 3403 5818 Cranii

1838 5840 2065 5909 perinde
2101 5843 2216 5909 alii,
2264 5851 2691 5905 suisniistrilmti
2731 5856 3181 5923 prejiugnaenlis,
3215 5860 3389 5913 aciem
