4164 6426
673 329 778 391 935

1881 309 2274 372 LEONARDI
2317 301 2688 368 CIIIENSIS

3822 286 3939 350 936

675 455 846 502 mare,
876 444 1184 500 terramque
1215 430 1268 484 in
1301 429 1451 482 urbis
1484 442 1673 498 gyrum
1743 428 2237 496 proscquelntntur.
2273 431 2313 481 A
2343 421 2488 474 lebat
2520 414 2773 483 injurias.
2818 409 3030 463 Interea
3087 405 3407 474 capitaneus
3451 401 3724 472 generalis
3760 399 3939 456 Joan—

678 528 864 581 l‘alatii
901 523 1195 593 imperialis
1246 535 1376 574 cura
1445 518 1771 587 llicronymo
1817 515 2044 570 Minotto
2081 514 2254 568 Vene-

677 629 856 672 torunt
881 617 1027 671 bailo
1053 611 1342 668 commissa
1376 620 1480 666 est.

743 707 1069 770 Cardinalis,
1095 719 1123 757 a
1147 703 1377 758 consilio
1397 715 1672 773 nunquam
1700 698 1919 763 absens,
1947 696 2131 751 Sancti
2163 694 2260 746 De-

683 801 859 854 metrii
883 803 1158 869 regionem
1183 796 1248 850 ad
1270 809 1417 847 mare
1444 792 1800 849 defensabat;
1830 788 2256 844 Cathalannrum

683 895 877 949 consul
906 891 1097 945 turrim
1138 897 1264 942 ante
1286 885 1731 954 liippodromiutn
1765 880 2048 934 tutabatur
2079 894 2094 941 ;
2140 891 2261 930 ver-

684 1003 780 1041 sus
811 983 1128 1037 orientalem
1156 982 1387 1050 plagam.
1435 976 1696 1031 Chirluca
1741 975 1807 1027 ad
1847 987 2038 1026 curam
2073 976 2260 1038 portus

690 1079 968 1143 totiusque
1001 1075 1283 1127 maritimze
1314 1069 1554 1139 regionis
1581 1065 1901 1136 invigiiahat
1924 1067 1987 1116 ad
2006 1061 2256 1116 deferen-

687 1172 815 1223 dum
850 1166 1186 1237 praesidium.
1221 1163 1585 1230 Hieronymus
1625 1160 1906 1218 ltalianns,
1937 1152 2260 1208 Leonardus

684 1263 752 1316 de
809 1260 1108 1328 Langasco,
1141 1253 1470 1317 Genuensis,
1496 1267 1619 1306 cum
1672 1251 1858 1304 multis
1889 1247 2056 1301 sociis
2098 1245 2264 1315 Xylo-

689 1364 895 1420 portam
922 1358 976 1402 et
1008 1358 1187 1401 turres
1218 1360 1359 1415 quas
1385 1342 1688 1397 Aveniades
1727 1348 1944 1405 vocant,
2003 1336 2264 1407 impensis

687 1442 983 1495 eardinalis
1015 1448 1295 1508 reparatas
1316 1437 1659 1506 spectabant.

761 1534 1036 1588 Flamines
1073 1531 1441 1598 monachique
1474 1545 1642 1597 supra
1680 1542 1870 1582 muros
1901 1525 2264 1594 undequaque

693 1627 942 1682 collocati
969 1640 1064 1689 pro
1089 1626 1261 1677 salute
1279 1623 1466 1691 patria:
1487 1619 1848 1675 excubabant.
1891 1615 2109 1672 Gabriel
2145 1615 2268 1668 Tri-

697 1718 1215 1772 visanussubtilium
1237 1715 1511 1784 galearum
1541 1711 1833 1781 praefectus
1862 1709 2059 1764 nobilis
2084 1708 2262 1761 Vene-

2360 527 2452 566 nes
2477 510 2845 566 Justinianus,
2880 503 3047 556 totius
3077 498 3311 552 fortuna}
3338 498 3680 559 observator,
3709 502 3767 546 ut
3801 509 3943 562 pra:-

2361 603 2538 659 sensit
2569 616 2633 655 ex
2670 594 3107 668 proclamatione
3129 591 3405 644 Teucrum
3439 599 3639 658 praesto
3675 588 3940 641 daturum

2360 707 2660 755 certamen,
2679 693 2870 761 agebat
2893 686 3174 741 confestim
3195 697 3501 744 murorum,
3525 695 3666 750 quos
3684 679 3945 732 machina

2360 786 2716 844 contriverat,
2749 777 3150 848 reparationem
3186 791 3200 828 :
3233 772 3542 844 petivitque
3571 771 3676 825 sibi
3715 785 3743 822 a
3780 769 3948 823 Chir-

2361 883 2488 935 luca
2507 894 2699 946 magno
2715 877 2858 930 duce
2881 869 3158 926 consulari
3178 881 3498 923 communes
3521 865 3958 932 urbisbombar-

2363 973 2482 1033 das,
2506 986 2643 1039 quas
2667 977 2854 1023 contra
2883 965 3072 1019 hostes
3098 961 3356 1031 adigeret.
3379 959 3529 1024 Quas
3559 973 3684 1012 cum
3706 959 3953 1025 superbe

2364 1065 2730 1132 denegasset:
2764 1059 2898 1125 Quis
2931 1071 3016 1110 me
3039 1053 3398 1125 (capitaneus
3430 1051 3669 1119 inquit),
3703 1065 3736 1102 ο
3763 1051 3955 1118 prodi-

2367 1169 2471 1222 tor,
2502 1164 2668 1219 tenet,
2712 1161 2772 1206 ut
2810 1150 2989 1221 gladio
3031 1161 3138 1202 non
3183 1145 3476 1198 occumbas
3521 1143 3683 1197 meo?
3721 1142 3845 1210 Qua
3876 1144 3956 1210 ig-

2364 1249 2606 1304 nominia
2655 1244 2987 1313 indignatus,
3035 1249 3147 1293 tum
3221 1237 3366 1306 quod
3403 1234 3609 1289 Latinis
3657 1236 3706 1289 ei
3755 1249 3956 1303 expro-

2365 1344 2596 1402 brasset,
2637 1335 2920 1391 remissius
2948 1341 3137 1402 postea
3191 1329 3267 1383 rei
3299 1328 3502 1382 bellica:
3551 1327 3956 1396 providentiam

2366 1434 2536 1506 gessit
2570 1449 2582 1483 :
2620 1428 2904 1494 Grazeique
2943 1424 3051 1492 j-rm
3093 1420 3363 1475 secretius
3398 1419 3542 1486 quod
3578 1418 3792 1471 Latinis
3847 1417 3960 1471 sal-

2368 1525 2550 1580 t‘andze
2581 1520 2733 1576 urbis
2759 1516 2931 1587 gloria
2953 1513 3135 1567 dedita
3159 1518 3324 1571 esset,
3355 1510 3544 1563 odiose
3573 1509 3858 1563 ferebant.
3890 1509 3961 1559 A't

2369 1620 2712 1687 capitaneus,
2735 1608 2965 1665 Joannis
2981 1604 3226 1660 Mauricii
3246 1602 3484 1657 Catanaai
3509 1602 3962 1671 prmfecti,.loan-

2377 1711 2464 1765 nis
2502 1708 2569 1762 de
2599 1705 2822 1766 Capeto,
2857 1699 3010 1753 Pauli
3047 1695 3370 1760 Bochiardi,
3400 1694 3629 1748 Joannis
3661 1693 3730 1746 de
3756 1689 3966 1744 Forna-

699 1823 806 1874 tus,
837 1783 1272 1864 cordalissimea
1308 1806 1442 1859 turri
1485 1804 1616 1858 Faui
1637 1819 1810 1873 usque
1830 1802 1897 1856 ad
1925 1800 2264 1869 Imperialem
2298 1783 2341 1840 3
2372 1801 2490 1864 riis,
2518 1795 2741 1850 Thomas
2763 1794 2831 1848 de
2845 1787 3154 1851 Salvalicis,
3177 1785 3416 1847 Lodixii,
3440 1784 3967 1848 GatilusiiJoann’s

699 1912 912 1972 portam
947 1912 1069 1954 ante
1089 1900 1267 1953 sinuin
1287 1913 1410 1952 cum
1439 1897 1856 1966 quadringentis
1874 1892 2095 1949 Venetis
2112 1906 2270 1957 egre-

699 1995 799 2061 giis
845 1991 1174 2045 decertabat.
1231 1987 1558 2042 Grossarum
1620 2001 1750 2040 vero
1802 1987 2077 2053 galearum
2133 1995 2273 2050 prac-

704 2084 879 2133 lectus
909 2078 1155 2135 Andreas
1185 2076 1375 2140 Diedo,
1402 2092 1522 2130 cum
1549 2074 1794 2144 reliquis.
1821 2075 2070 2128 triremes
2094 2071 2276 2140 potius

705 2172 956 2241 pavidus,
990 2186 1152 2240 quam
1190 2181 1422 2238 portam,
1455 2169 1820 2223 custodiebat.
1845 2167 2023 2221 Naves
2051 2163 2276 2235 perinde

707 2275 930 2318 armata:
976 2262 1442 2333 buccinisjugiter
1472 2270 1528 2316 et
1555 2262 1858 2316 ululatibus
1875 2261 2100 2315 Martem
2135 2258 2275 2312 iuvi-

709 2357 915 2408 tabant.
954 2353 1260 2407 Demetrius
1302 2367 1459 2406 socer
1509 2351 1866 2422 f’alzeologus,
1915 2348 2282 2415 Nicolausque

708 2447 921 2503 Gudelli
967 2460 1153 2515 gener,
1201 2444 1559 2515 prmsidcntes
1608 2453 1664 2496 ut
1712 2444 2010 2498 decurrant
2051 2441 2280 2504 urbem,

709 2557 832 2595 cum
867 2540 1137 2609 plerisque
1175 2537 1400 2590 armatis
1444 2537 1497 2589 in
1538 2550 1856 2590 succursum
1900 2542 2276 2588 reservantur.

782 2633 987 2686 Taliter
1008 2644 1135 2699 ergo
1153 2629 1569 2699 pugnatoribus,
1589 2627 1703 2682 sive
1726 2627 1984 2689 ducibus,
2006 2625 2122 2680 sive
2157 2627 2291 2678 tiro-

714 2722 876 2776 nibus
890 2722 1177 2784 ordinatis,
1197 2719 1612 2790 exspectabatur
1630 2719 1908 2772 constituti
1932 2717 2117 2772 Martis
2133 2729 2294 2785 gene-

715 2815 847 2868 ralis
865 2814 1104 2868 insultus
1123 2830 1135 2866 :
1156 2828 1264 2883 quo
1288 2826 1665 2881 saepenumero
1686 2811 1862 2864 territi
1880 2809 2054 2865 Grteci
2086 2819 2292 2878 postes.

719 2923 864 2960 nunc
896 2906 1041 2975 agris
1064 2921 1209 2959 nunc
1244 2904 1416 2959 vineis
1441 2904 1713 2968 colendis,
1743 2917 1887 2956 nunc
1923 2901 2296 2972 voluptatibus

719 3000 905 3064 laxati,
926 3015 1005 3057 ,ει
1035 2997 1302 3052 industria
1331 2997 1703 3050 declinabant.
1735 2994 2041 3064 Fingebam
2075 2994 2296 3062 quidem

722 3094 798 3146 rei
826 3091 1112 3145 familiaris
1141 3105 1354 3150 curam,
1383 3088 1546 3143 etiam
1578 3086 1672 3168 qui
1707 3101 1899 3156 graves
1939 3086 2297 3140 videbantur:

723 3183 812 3234 alii
841 3181 1079 3250 inopiam
1101 3179 1463 3242 accusabant,
1498 3190 1604 3245 qua
1637 3175 1704 3230 ad
1731 3191 1871 3247 opus
1903 3175 2148 3231 lucrandi
2184 3191 2303 3245 gra—

729 3278 799 3328 tia
832 3275 1188 3343 cogebantur.
1222 3270 1370 3337 Quos
1412 3283 1536 3324 cum
1584 3268 1838 3324 absentes
1889 3267 2301 3338 corripuissem,

727 3367 1028 3436 periculum
1064 3380 1170 3418 non
1213 3364 1373 3417 modo
1407 3377 1594 3426 suum,
1624 3361 1720 3416 sed
1755 3362 2000 3416 omnium
2036 3359 2306 3414 Christia-

731 3474 920 3510 norum
967 3457 1209 3526 allegans
1235 3495 1250 3519 ,
1303 3455 1708 3525 respondebant
1745 3469 1760 3506 :
1800 3452 1942 3518 Quid
1993 3452 2149 3505 nobis
2181 3466 2303 3506 cum

727 3558 924 3610 castro,
948 3546 990 3599 si
1020 3547 1300 3614 penuriam
1332 3545 1564 3599 sustinet
1591 3545 1784 3600 domus
1811 3554 1994 3599 nostra
2014 3543 2036 3595 ?
2059 3545 2130 3596 ita
2161 3542 2305 3612 quod

731 3654 922 3705 magna
972 3639 1050 3690 vis
1097 3647 1214 3689 erat
1255 3637 1547 3691 reducendi
1581 3651 1674 3690 eos
1705 3636 1770 3690 ad
1802 3636 1943 3689 mttri
1979 3636 2307 3690 custodiam.

731 3730 810 3785 Ob
853 3734 974 3796 hoc,
1014 3730 1342 3799 paucitatem
1375 3731 1562 3784 hostes
1599 3738 1881 3798 captantes
1914 3729 2268 3799 pugnantium
2291 3766 2306 3790 ,

733 3825 968 3875 audaces
1006 3822 1155 3886 facti,
1187 3821 1409 3875 uncinis
1440 3837 1590 3884 vasa,
1642 3838 1762 3891 quae
1797 3823 1849 3875 in
1883 3821 2311 3892 propugnaculis

739 3924 1041 3982 posuerant
1092 3915 1306 3978 nostri,
1376 3913 1636 3968 demolito
1707 3931 1864 3968 muro
1931 3915 2310 3968 detrahebant.

736 4007 1076 4074 Quandoque
1111 4006 1298 4059 itidem
1348 4006 1576 4075 lapidem
1629 4007 1906 4074 ingentem
1947 4005 2091 4058 vallo
2121 4021 2186 4058 ex
2229 4021 2313 4059 re-

737 4101 878 4152 saltu
909 4100 1209 4167 collapsum
1233 4138 1248 4162 ,
1281 4114 1439 4166 quem
1482 4113 1677 4167 magna
1711 4100 1800 4151 illa
1825 4099 2119 4153 bombarda
2155 4113 2314 4151 muro

741 4193 1023 4260 iniecerat,
1103 4206 1225 4245 cum
1287 4192 1487 4245 rubore
1563 4200 1777 4256 nostro,
1828 4206 1948 4244 cum
2030 4190 2312 4244 retiaculis

739 4295 890 4337 extra
921 4282 1152 4348 ducunt,
1207 4284 1690 4352 reprojiciuntque.
1733 4282 1838 4336 Sed
1895 4282 1982 4336 ubi
2035 4283 2315 4346 custodes,

744 4373 832 4424 ubi
865 4371 1062 4424 milites
1108 4381 1440 4439 evagantes,
1493 4370 1584 4424 ubi
1618 4370 1843 4439 lapides,
1888 4378 1945 4423 ut
1993 4369 2318 4438 prohibeant

2373 1892 2597 1962 Illyrici,
2621 1888 2962 1954 aliorumque
2984 1880 3345 1934 Asiaticorum
3369 1877 3682 1932 Gra‘corum
3709 1875 3966 1930 consultu

2374 1989 2520 2041 acies
2582 1982 3026 2048 monimentaque
3074 1975 3289 2032 refecit.
3342 1972 3516 2040 Cujus
3561 1969 3964 2042 providentiam

2376 2079 2622 2133 Teucrus
2653 2074 3077 2130 commendans:
3109 2070 3282 2137 Quam
3318 2066 3535 2128 vellem,
3566 2065 3771 2132 iuqttit,
3807 2079 3967 2132 penes

2381 2189 2466 2226 me
2492 2171 2803 2240 praefectum
2827 2168 2977 2221 illum
3001 2163 3269 2218 Joannem
3304 2158 3686 2214 honorandum
3714 2158 3727 2210 !
3763 2157 3968 2220 Magnis

2385 2264 2564 2319 hercle
2632 2261 2792 2315 donis
2854 2271 3099 2327 auroque
3147 2255 3319 2310 multo
3397 2267 3756 2319 corrumpere
3822 2249 3966 2302 illum

2384 2355 2625 2412 studuit:
2649 2353 2807 2421 cujus
2838 2349 3111 2404 inﬂectere
3127 2347 3370 2400 animum
3398 2358 3678 2412 nunquam
3718 2343 3916 2412 potuit.

2459 2447 2703 2516 Operosa
2762 2456 2942 2498 autem
3006 2438 3321 2510 protegendi
3378 2438 3578 2490 vallum
3630 2447 3683 2489 et
3726 2446 3974 2490 autenm-

2388 2543 2505 2597 rale
2562 2537 2765 2593 nostris
2844 2535 2946 2589 fuit
3017 2548 3183 2597 cura;
3253 2531 3400 2600 quod
3463 2543 3653 2583 contra
3727 2531 3965 2581 animum

2394 2648 2572 2688 meum
2638 2642 2856 2697 semper
2930 2625 3053 2687 fuit,
3131 2626 3223 2692 qui
3296 2621 3625 2680 suadebant.
3696 2622 3751 2672 ln
3835 2619 3971 2672 refu-

2395 2729 2541 2793 gium
2594 2737 2782 2777 muros
2809 2720 2950 2774 altos
2980 2718 3191 2786 primos
3231 2731 3338 2768 non
3388 2715 3764 2768 deserendus:
3795 2712 3884 2780 qui
3931 2728 3969 2763 Si

2397 2817 2470 2871 ob
2522 2815 2729 2869 imbres
2756 2810 3251 2881 negligentiamth
3302 2806 3384 2859 vel
3412 2806 3594 2868 scissi,
3634 2806 3717 2857 vel
3749 2806 3975 2856 inermes

2401 2907 2830 2979 prepugnaculis
2853 2913 3061 2966 essent,
3102 2918 3130 2956 a
3177 2900 3449 2971 principio
3475 2905 3602 2952 dum
3636 2899 3970 2967 propositum

2402 3014 2610 3071 guerraa
2655 2996 2973 3060 intervenit,
3024 2994 3268 3062 reparari
3312 2995 3611 3061 potuissent
3641 3033 3655 3054 ,
3699 2991 3974 3058 reparandi

2405 3090 2863 3159 custodiendique
2897 3097 3097 3142 erant:
3136 3087 3229 3155 qui
3265 3102 3372 3139 non
3397 3086 3624 3147 deserti,
3667 3084 3974 3150 przrsidini-i

2407 3186 2525 3239 urbi
2553 3183 2748 3238 salutis
2777 3181 3172 3236 contulissent.
3206 3181 3274 3232 At
3309 3179 3439 3248 quid
3476 3178 3690 3232 dicam?
3727 3192 3978 3246 arguam-

2406 3294 2476 3333 ne
2502 3276 2839 3347 principem,
2877 3290 3038 3345 quem
3087 3289 3302 3342 semper
3337 3275 3613 3341 praecipuo
3642 3273 3853 3324 honore
3892 3284 3978 3321 ve.

2407 3378 2635 3424 neratus
2669 3383 2793 3421 sum
2832 3384 2846 3420 ε
2890 3366 3050 3434 cujus
3090 3364 3251 3418 fidem
3285 3379 3411 3432 erga
3450 3363 3756 3416 Romanam
3798 3362 3979 3415 Eccle-

2409 3463 2546 3517 siam
2590 3459 2860 3521 intellexi,
2898 3459 3004 3512 nisi
3037 3458 3500 3526 pusillanimitate
3537 3457 3888 3517 vinceretur;
3921 3470 3980 3506 an

2411 3555 2592 3624 potius
2642 3567 2739 3608 eos
2798 3552 2891 3620 qui
2931 3566 2998 3604 ex
3052 3550 3239 3604 officio
3286 3563 3472 3603 muros
3506 3548 3734 3603 relicere
3775 3547 3990 3601 debuis-

2410 3646 2564 3700 sent?
2599 3644 2644 3698 Ο
2673 3659 2907 3713 quorum
2942 3643 3139 3697 animae.
3168 3643 3306 3695 forte
3331 3641 3684 3701 damnantur,
3729 3639 3989 3693 Μςιηυειις

2411 3737 2625 3807 Giagari
2688 3735 2894 3790 dudum
2936 3736 3136 3803 inopis,
3193 3742 3246 3785 et
3301 3732 3564 3802 NeOphyti
3604 3732 3989 3785 llieromonaci

2413 3829 2636 3895 Rhodii,
2668 3829 2713 3883 si
2747 3829 2921 3881 audeo
2945 3828 3150 3891 dicere,
3182 3825 3522 3894 prtedonum,
3559 3839 3667 3876 non
3699 3837 3991 3876 conserva-

2414 3932 2593 3975 torum
2627 3920 2960 3990 reipublicae,
2993 3919 3194 3987 quibus
3232 3919 3402 3970 veluti
3449 3915 3771 3985 reipublicae
3802 3916 3996 3967 tutori-

2415 4017 2536 4076 bus,
2573 4023 2666 4066 aut
2696 4028 2760 4068 ex
2810 4013 2950 4066 aviis
2981 4011 3375 4078 intestatisque
3411 4010 3551 4062 bona
3587 4009 3803 4069 relicta,
3833 4009 3998 4061 muris

2416 4108 2618 4163 ascribi
2676 4106 2990 4172 debebant,
3023 4103 3251 4173 privatis
3299 4102 3482 4171 potius
3530 4101 3854 4155 commodis
3904 4101 4001 4153 im-

2416 4200 2743 4271 pendebant.
2774 4197 2989 4250 Primus
3040 4197 3233 4266 viginti
3293 4209 3462 4263 prope
3497 4193 3729 4248 millium
3774 4195 4004 4247 florens-

2419 4310 2539 4348 rum
2601 4307 2791 4346 servus
2844 4290 3178 4360 proditionis
3232 4290 3555 4351 monachus,
3589 4302 3732 4356 quos
3779 4287 4004 4357 posthac

2420 4385 2737 4440 reconditos
2771 4399 2909 4436 urna
2945 4381 3293 4452 septuaginta
3327 4380 3559 4434 millium
3603 4395 3801 4448 gazam
3852 4381 4007 4434 relin-

742 4465 824 4517 Vel
877 4463 1176 4533 repellant?
1216 4466 1255 4515 Ο
1297 4477 1458 4532 quam
1507 4462 1708 4515 malum
1765 4462 2117 4532 praesagiuml
2170 4461 2296 4525 Quit

2420 4485 2596 4546 quunt
2641 4474 2896 4529 Teucris.
2950 4473 3163 4527 Idcirco
3194 4473 3326 4528 urbs
3352 4473 3662 4543 praedonum
3701 4472 3924 4526 incuria
3963 4473 4006 4522 in

743 4558 866 4620 erit,
910 4557 1166 4624 inquam,
1218 4556 1433 4624 quando
1481 4556 1628 4608 velut
1672 4564 1887 4608 torrens
1932 4553 2110 4622 Tigris
2145 4555 2316 4607 irruet

745 4651 1055 4704 citi-rcitus?
1088 4649 1233 4704 Ordo
1265 4649 1488 4718 perinde
1521 4663 1586 4701 ex
1639 4647 1743 4700 hoc
1772 4649 1934 4701 datus
1957 4657 2039 4700 est
2071 4654 2128 4698 ut
2158 4645 2315 4714 panis

750 4763 841 4814 per
869 4743 1104 4796 familias
1137 4759 1289 4810 mque
1320 4741 1738 4794 distribueretur
1772 4759 1784 4793 :
1816 4756 1880 4794 ne
1909 4738 2053 4791 illius
2085 4738 2315 4792 curandi

749 4839 945 4906 gratia,
980 4837 1054 4890 uti
1085 4851 1142 4890 se
1169 4835 1519 4897 est-usabant,
1560 4849 1589 4886 a
1621 4844 1804 4888 castro
1837 4831 2191 4897 recederent;
2225 4846 2320 4885 ne-

749 4947 855 5000 que
892 4930 1089 4982 famem
1124 4927 1302 4996 potius
1335 4927 1588 4996 pepulus,
1633 4940 1793 4993 quam
1837 4925 2100 4993 gladium,
2156 4939 2322 4992 expa-

753 5033 994 5077 resccret
1030 5039 1042 5074 :
1080 5035 1243 5090 quam
1295 5019 1516 5088 quidam
1564 5017 1861 5070 humanum
1892 5019 2213 5084 sanguinem
2243 5017 2320 5072 si-

754 5118 972 5179 tientes,
1019 5113 1102 5166 vel
1157 5111 1431 5165 occultato
1483 5109 1794 5172 frumento,
1823 5109 1906 5162 vel
1942 5117 2102 5162 aucto
2140 5111 2318 5178 pretio

756 5205 1180 5280 praetendebant.
1231 5203 1337 5257 Sed
1388 5204 1501 5256 haec
1544 5203 1800 5272 iniquitas
1842 5216 1947 5254 non
2004 5200 2106 5254 fuit
2159 5216 2324 5254 causa

758 5304 908 5366 ntali,
953 5298 1046 5354 sed
1094 5297 1303 5352 ordinis
1355 5295 1624 5352 confusio.
1681 5293 1956 5348 Severitas
2005 5310 2033 5347 a
2083 5294 2327 5365 principe

755 5400 976 5454 aberat;
1018 5408 1117 5446 nec
1159 5391 1642 5458 compescebantur
1698 5389 1921 5443 verbere
1969 5399 2064 5441 aut
2124 5389 2327 5456 gladio,

756 5488 851 5558 qui
918 5483 1289 5553 neglexissent
1343 5481 1732 5533 obedientiam.
1794 5480 2004 5533 Idcirco
2054 5479 2326 5548 quispiam

757 5578 874 5633 suis
922 5573 1250 5629 efferebatur
1298 5569 1692 5639 voluptatibus,
1741 5569 2232 5637 blandimentisquc
2263 5585 2330 5622 ex

760 5681 955 5722 natura
998 5662 1385 5719 demulcebant
1419 5662 1616 5715 iratum
1663 5660 2012 5730 imperatoris
2053 5662 2329 5724 animum;

756 5758 1244 5828 delususimprobc
1279 5771 1307 5810 a
1340 5756 1478 5820 suis,
1514 5754 1686 5808 bonus
1717 5755 1806 5809 illc
1834 5754 2183 5810 diSsimularc
2213 5769 2330 5809 ma-

2417 4577 2568 4622 tanta
2609 4574 2933 4635 tempestate
2980 4565 3162 4633 periit.
3199 4567 3266 4617 At
3305 4579 3428 4618 cum
3462 4564 3647 4616 omnia
3688 4561 4006 4616 Graecorum

2415 4659 2600 4728 inepta
2633 4673 2798 4726 opera
2852 4657 3325 4726 reprehendantur
3352 4698 3367 4722 ,
3426 4673 3536 4712 non
3585 4659 3792 4711 mirum
3831 4659 3877 4713 si
3920 4660 4010 4711 hoc

2419 4751 2634 4804 illustre
2687 4750 2895 4803 sanctis
2935 4749 3364 4816 imperatoribus
3409 4749 3733 4802 institutum
3765 4790 3782 4812 ,
3848 4750 4010 4802 moui

2421 4851 2664 4898 mentum
2738 4840 3014 4909 egregium
3072 4840 3265 4908 reique
3325 4839 3558 4908 publica
3612 4847 4003 4896 tutamentuw.

2425 4951 2550 4991 esca
2575 4933 2932 5004 prmdonibus
2955 4931 3058 4985 fuit
3082 4949 3097 4997 ;
3125 4947 3290 5000 quam
3316 4942 3505 5001 postea
3527 4945 3654 4985 sero
3681 4931 3731 4984 si
3765 4946 4012 5000 reparare

2430 5027 2742 5089 voluerunt,
2779 5021 2888 5077 duo
2924 5023 3238 5084 defuerunt,
3276 5036 3350 5076 aes
3384 5031 3440 5075 et
3477 5029 3743 5091 tempus;
3780 5039 3907 5093 qua:
3939 5039 4015 5091 po-

2430 5126 2648 5178 terant,
2707 5117 2752 5171 si
2789 5130 3045 5184 guerram
3097 5115 3499 5177 intendebant,
3550 5116 3932 5184 opportunius
3974 5123 4014 5163 cl

2430 5208 2799 5279 importunius
2847 5218 3200 5275 extorquere.
3245 5206 3353 5261 Sed
3395 5207 3582 5260 innata
3639 5221 3759 5259 non
3821 5208 4015 5261 sinebat

2428 5299 2956 5368 procrastinationis
3002 5299 3231 5367 ineptia.
3291 5298 3520 5352 Omnem
3571 5312 3707 5366 ergo
3771 5315 3928 5368 spem
3976 5299 4015 5347 ia

2431 5393 2656 5448 fossatis
2704 5401 2758 5446 et
2806 5391 3133 5445 antemurali
3166 5401 3514 5459 posuerunt:
3554 5391 3770 5459 quibus
3817 5392 4016 5444 tandem

2434 5486 2686 5555 perditis,
2714 5484 2778 5538 ad
2804 5484 3131 5539 altissimunt
3155 5483 3433 5538 desertum
3455 5498 3668 5536 murum
3699 5493 3996 5553 coangustzi

2435 5578 2528 5640 tis,
2569 5577 2830 5632 habilitas
2889 5591 2997 5628 non
3062 5574 3187 5627 fuit.
3243 5573 3574 5628 Prudentius
3613 5569 3871 5638 Hebraei,
3924 5573 4018 5642 qui,

2438 5669 2647 5738 perdito
2674 5682 2779 5720 uno
2799 5684 2976 5728 muro.
3000 5667 3200 5720 deinde
3230 5665 3297 5718 ad
3318 5665 3641 5725 secundum,
3681 5675 3814 5718 tum
3831 5668 3898 5718 ad
3929 5675 4015 5716 ter-

2438 5761 2575 5813 tium
2615 5774 2674 5812 se
2709 5759 3083 5825 contulerunt,
3139 5757 3339 5826 quibus
3372 5754 3531 5808 annis
3557 5763 3816 5822 quatuor
3847 5753 4018 5825 Vespi-
