4164 6426
270 366 369 434 931

1369 369 1461 425 DE
1496 365 2096 426 EXPUGNATIONE
2140 366 2421 426 Cl’DLIS.

3419 363 3522 426 938

275 488 408 541 siani
446 498 609 558 atque
667 487 771 542 Titi
813 487 1158 543 obsidionem
1210 486 1473 538 tulerunt.
1526 482 1641 537 Vox
1703 482 1845 535 inter
1876 487 1918 539 A
1951 482 2289 545 exercitum;
2353 482 2566 545 Peram,
2639 498 2705 538 ue
2753 482 3055 538 subsidium
3104 480 3353 535 hostibus
3392 494 3524 530 ron-

276 580 389 634 haec
438 594 502 634 ex
554 582 753 636 castris
802 582 1208 649 exploratorum
1256 578 1426 631 relatu
1462 577 1540 635 fit,
1573 576 1719 645 quod
1754 575 1848 628 tri-

276 688 452 726 remes
481 688 754 740 navesque
778 674 989 742 aliquot
1010 673 1063 726 in
1096 671 1399 725 subsidium
1437 669 1505 724 ab
1543 668 1697 722 Italia
1727 667 1850 720 mit-

277 776 523 819 terentur
553 807 567 828 ,
625 776 678 821 et
722 765 964 821 Joannes
1016 764 1337 819 Pannonum
1385 762 1493 816 dux
1554 760 1847 824 exercitus,

275 858 506 912 Blancus
556 858 716 927 vulgo
770 865 1153 927 nuncupatus,
1199 857 1263 910 ad
1317 855 1619 909 Danubium
1656 863 1849 907 contra

279 951 517 1007 Turcum
545 969 947 1022 congressurus
982 953 1363 1016 adventasset;
1398 969 1505 1021 qua
1543 950 1849 1005 concitatus

275 1027 550 1101 exercitus
585 1046 945 1100 discinditur.
995 1044 1126 1109 Cur,
1166 1043 1463 1113 inquiunt,
1513 1051 1661 1096 tanta
1702 1054 1848 1093 mora

274 1141 612 1208 periclitatur
635 1138 954 1194 exercitus?
976 1138 1199 1192 Frustra
1224 1144 1413 1191 contra
1440 1150 1625 1188 muros
1646 1148 1851 1204 pugna-

274 1233 409 1296 turi,
440 1234 713 1287 adrersus
739 1247 917 1301 regem
943 1229 1139 1284 Teucri
1162 1231 1419 1284 clamant.
1445 1228 1656 1281 Etenim
1678 1242 1849 1294 quan-

273 1339 438 1392 quam
474 1323 746 1376 maximus
781 1337 1047 1377 numerus
1075 1330 1240 1383 esset,
1277 1334 1589 1390 quanquam
1624 1318 1846 1372 infinitis

279 1415 500 1483 sagittis
563 1414 973 1468 machinassent
1022 1412 1240 1474 urbem,
1296 1420 1479 1480 utpote
1537 1409 1603 1463 ad
1658 1425 1845 1464 muros

276 1506 613 1561 invadendos
646 1506 846 1571 timidi,
876 1508 1155 1569 vecordes,
1192 1505 1471 1558 victoriam
1505 1500 1842 1557 difﬁdebant.

345 1596 673 1651 Calilbascia
696 1598 868 1661 enim,
898 1596 1042 1666 regis
1071 1595 1336 1650 vetustior
1362 1594 1667 1649 censularis
1691 1594 1844 1658 baro,

275 1684 575 1757 gravitate,
601 1689 836 1743 consilio
885 1702 1178 1755 rerumque
1227 1686 1842 1755 bellicarumexperien-

276 1778 349 1832 tia
379 1779 610 1848 pollens,
644 1778 979 1834 Christianis
1007 1777 1219 1843 favens,
1250 1776 1360 1846 regi
1390 1790 1607 1845 semper
1634 1775 1849 1831 dissua-

274 1882 444 1935 serat,
483 1885 550 1925 ne
606 1871 795 1925 urbem
852 1868 1355 1937 ConstantinOpolis
1392 1867 1697 1922 rnolestaret
1730 1886 1741 1920 :
1783 1882 1848 1921 eo

274 1965 422 2033 quod
446 1963 767 2018 fortitudine
788 1963 945 2027 situs,
974 1978 1154 2017 rerum
1180 1962 1459 2017 fertilitate
1486 1960 1846 2030 providentia-

275 2072 383 2123 que
415 2066 651 2109 nontam
686 2055 1021 2121 Graecorum,
1056 2070 1217 2124 quam
1256 2054 1576 2109 Latinorum
1614 2054 1843 2121 munita,

276 2148 716 2215 inexpugnabilis
775 2157 930 2210 erat,
987 2162 1107 2216 quae
1164 2161 1495 2215 proavorum
1562 2155 1847 2217 patrisque

276 2255 508 2307 guerras
559 2240 717 2294 annis
772 2240 958 2295 nrultis
1005 2239 1311 2303 tolerasset,
1366 2240 1619 2310 quodque
1668 2240 1844 2310 pejus,

274 2332 403 2399 quia
457 2330 579 2399 ejus
630 2330 829 2400 injuria
882 2330 1121 2386 lacessiti
1171 2336 1362 2386 omnes
1407 2332 1845 2387 Christianorum

279 2436 451 2489 reges,
503 2421 911 2491 principesque,
954 2423 1019 2476 ad
1067 2423 1315 2477 eamdem
1373 2424 1632 2477 tuendam
1685 2421 1848 2479 facile

276 2525 728 2580 provocarentur.
752 2513 832 2566 Tu
862 2529 993 2583 ergo
1025 2524 1119 2567 rex
1152 2513 1372 2583 (inquit)
1402 2528 1587 2583 pacem
1610 2515 1677 2569 da
1707 2516 1844 2580 tuis;

278 2606 389 2659 noli
416 2606 733 2661 Genuenses
758 2603 1102 2673 Veneresque
1132 2605 1359 2669 vicinos,
1387 2607 1477 2674 qui
1506 2607 1612 2661 tuis
1636 2622 1849 2676 semper

278 2697 602 2767 proderunt,
640 2699 824 2753 hostes
864 2697 962 2751 tibi
999 2698 1261 2764 reddere,
1298 2699 1543 2768 iramque
1581 2699 1849 2755 Christia-

278 2803 474 2841 norum
506 2787 770 2841 adversus
813 2798 1029 2858 gentem
1073 2796 1220 2841 tuam
1255 2804 1574 2856 provocare.
1617 2789 1849 2846 Maxima

275 2888 363 2933 est
396 2881 632 2947 potentia
669 2889 755 2933 tua
784 2896 798 2932 :
832 2895 996 2949 quam
1036 2896 1168 2951 pace
1201 2880 1461 2948 majorem
1490 2882 1650 2948 facis,
1685 2899 1846 2952 quam

275 2982 499 3040 guerra.
543 2966 696 3021 Finis
729 2968 872 3022 etrirn
904 2968 1029 3022 belli
1075 2969 1261 3024 varius
1295 2980 1374 3024 est
1420 2989 1434 3024 :
1471 2985 1630 3039 quem
1661 2971 1849 3024 adrer-

281 3062 421 3118 sitas
455 3074 830 3127 saepenumero
865 3060 1056 3131 magis,
1090 3075 1252 3128 quam
1298 3064 1627 3130 prosperitas
1676 3065 1849 3117 conri-

1952 572 2109 637 ferat,
2144 575 2530 631 circumvalla:
2589 588 2641 630 ct
2690 592 2810 647 quae
2863 576 2927 631 ad
2966 573 3213 629 militiam
3254 581 3523 642 spectant,

1952 666 2099 720 οηιηί
2143 684 2262 721 cum
2293 669 2613 723 maturitate
2634 669 2883 738 dispone.

2021 759 2206 829 ltaqrre
2249 775 2305 815 ut
2334 761 2659 816 Calilbascia
2710 763 2893 816 senior
2926 759 3236 816 consularis
3282 750 3525 825 compla-

1952 850 2141 904 cuisse
2175 852 2284 920 regi
2322 851 2524 921 Zagani
2577 852 2915 907 aenrulatoris
2956 852 3038 906 sui
3093 849 3381 905 consilium
3438 846 3528 899 in-

1952 940 2179 1006 tellexit,
2208 943 2607 1016 definitumque
2660 961 2784 1001 esse
2820 954 3125 1008 certamen,
3173 942 3313 996 clam
3351 941 3527 994 inter-

1954 1034 2161 1087 nuntiis
2228 1035 2521 1089 admodum
2567 1037 2865 1101 lidissimis,
2900 1045 2956 1090 ut
2993 1035 3225 1098 amicus,
3288 1032 3525 1100 imperas

1954 1124 2056 1178 tori
2092 1136 2284 1180 cuncta
2316 1127 2640 1181 denuntiat:
2696 1130 3058 1197 hortaturque
3108 1136 3167 1181 ut
3204 1140 3311 1179 non
3360 1136 3524 1192 expa-

1958 1224 2137 1269 vescat
2169 1218 2613 1274 temulentissimi
2679 1219 3050 1275 adolescentis
3080 1216 3347 1272 insaniam
3376 1231 3389 1268 :
3421 1228 3523 1267 nec

1954 1313 2140 1364 terreri
2169 1312 2329 1366 minis
2350 1328 2537 1368 eorum
2567 1315 2657 1384 qui
2688 1315 2861 1384 magis
2914 1314 3227 1367 timuissent
3255 1327 3268 1362 :
3303 1323 3402 1361 nec.
3435 1309 3521 1359 in-

1951 1398 2193 1454 ductiore
2250 1403 2599 1458 multitudine
2659 1404 3037 1460 commoveri:
3097 1400 3355 1455 custodes
3414 1397 3524 1451 sint

1956 1491 2143 1561 νῖείιοε
2168 1503 2222 1547 ει
2260 1510 2497 1564 pugnam
2531 1504 2949 1565 perseverantes
2983 1501 3323 1564 exspectent.
3391 1489 3523 1544 Fre-

1953 1594 2179 1650 quentes
2227 1587 2373 1639 enim
2424 1587 2664 1656 epistula)
2721 1589 2785 1643 ad
2842 1589 3227 1658 imperatorem
3264 1602 3329 1640 ex
3358 1584 3527 1639 Calil-

1954 1676 2134 1733 bascia
2169 1678 2550 1746 portabantur.
2608 1681 2752 1749 Ergo
2786 1681 3182 1749 proclamaluru
3217 1688 3300 1733 est
3333 1677 3386 1730 in
3428 1692 3523 1729 ca-

1953 1768 2083 1823 stris
2112 1769 2311 1835 edicto,
2353 1782 2409 1824 ut
2447 1781 2645 1841 quarto
2676 1771 2935 1826 Kalendis
2974 1771 3121 1835 Maii,
3158 1771 3244 1825 die
3275 1768 3525 1823 videlicet

1880 1838 1919 1892 Β
1950 1859 2161 1925 Martis,
2204 1862 2421 1929 prrevris
2466 1838 2680 1917 vdiebus
2733 1862 2931 1926 tribus,
2990 1862 3190 1931 quibus
3233 1860 3523 1915 luminaria

1952 1950 2060 2006 Deo
2094 1952 2422 2018 accendant,
2476 1953 2643 2010 Deum
2692 1956 2965 2018 invocent,
3022 1955 3230 2024 integra
3287 1952 3372 2007 die
3403 1951 3526 2004 abs-

1952 2044 2177 2109 tineant,
2232 2047 2403 2114 parati
2460 2047 2569 2101 sint
2624 2063 2814 2102 omnes
2872 2048 2936 2101 ad
2992 2047 3294 2117 praelium:
3343 2045 3522 2099 daturi

1951 2134 2283 2193 Christianis
2310 2139 2563 2207 generale
2589 2153 2862 2194 certamen
2890 2158 2903 2204 ;
2964 2140 3336 2206 altissimaque
3391 2151 3525 2191 voca:

1952 2231 2213 2296 praeconis
2260 2231 2540 2286 voluntate
2595 2234 2737 2301 regis
2797 2234 2982 2286 urbem
3042 2233 3223 2285 triduo
3281 2232 3345 2284 ad
3402 2245 3522 2283 sae.

1951 2339 2073 2376 cum
2141 2339 2263 2378 esse
2332 2326 2683 2381 bellatoribus
2746 2328 3026 2381 donatam.
3109 2324 3376 2395 Juratque
3430 2340 3521 2377 rex

1952 2429 2044 2482 per
2101 2416 2460 2471 immortalem
2526 2417 2733 2482 Deum,
2797 2434 3001 2487 perque
3058 2428 3296 2489 quatuor
3355 2417 3518 2471 millia

1952 2506 2377 2575 prophetarum,
2454 2524 2547 2576 per
2617 2508 3031 2577 Mahometum,
3110 2527 3204 2583 per
3278 2510 3516 2563 animam

1952 2598 2157 2666 patris,
2225 2615 2321 2669 per
2384 2601 2620 2665 liberos,
2676 2618 2880 2671 perque
2937 2619 3123 2658 ensem
3182 2618 3290 2673 quo
3351 2603 3522 2669 cingi—

1953 2701 2061 2757 tur,
2120 2707 2336 2745 omnem
2369 2693 2871 2763 depopulationem,
2929 2711 3199 2766 omneque
3241 2696 3521 2749 hominum

1955 2788 2241 2856 utriusque
2289 2804 2453 2843 sexus
2507 2805 2708 2858 genus,
2749 2806 3075 2859 omnemque
3128 2793 3329 2859 pariter
3371 2790 3523 2843 urbis

1953 2877 2269 2931 thesaurum
2329 2891 2494 2948 atque
2542 2879 2923 2947 substantiam,
2958 2882 3127 2935 libere
3174 2880 3524 2935 bellatoribus

1952 2960 2243 3035 donatam;
2302 2973 2561 3043 nulloque
2600 2982 2779 3042 pacto,
2830 2988 2947 3041 qua:
2998 2974 3165 3041 jurat,
3205 2973 3428 3027 violare.
3481 2972 3524 3025 Ο

1954 3064 1997 3115 si
2033 3063 2339 3118 audivisses
2377 3080 2538 3119 voces
2571 3066 2637 3119 ad
2663 3068 2860 3120 cmlurn
2895 3065 3069 3120 elatas
3093 3065 3297 3137 (Illala,
3335 3065 3522 3130 lliula,

279 3163 450 3208 tatur.
493 3155 743 3223 Zaganus
784 3152 1000 3220 junior,
1036 3154 1308 3208 secundus
1342 3156 1648 3211 consularis
1696 3157 1846 3221 baro,
1878 3189 1919 3245 ε
1958 3153 2223 3207 Mrs/tome:
2262 3156 2586 3223 Russolalla,
2613 3160 2811 3212 scilicet
2850 3160 2987 3228 quod
3024 3159 3165 3215 Deus
3205 3171 3281 3216 est
3317 3171 3365 3217 ct
3392 3179 3524 3215 sem-

274 3244 722 3300 Christianorum
774 3244 968 3309 hostis,
1021 3252 1135 3298 tum
1187 3247 1457 3316 praecipue
1514 3248 1851 3304 Calilbascite

276 3336 605 3397 :cnrulator,
661 3336 951 3389 maximam
1012 3351 1133 3390 esse
1189 3340 1334 3406 regis
1391 3338 1476 3393 sui
1529 3342 1848 3407 potentiam,

276 3425 568 3480 adversum
619 3441 781 3494 quem
837 3427 984 3480 nulla
1033 3443 1165 3497 gens
1212 3430 1404 3498 possit,
1457 3432 1627 3485 suasit
1662 3443 1851 3487 contra

275 3518 500 3575 Graecos
553 3534 826 3588 guerram,
883 3521 1182 3589 potentiam
1244 3522 1493 3593 exiguam
1544 3524 1848 3581 habentes:

280 3626 518 3678 quorum
574 3610 784 3664 ma‘niis
843 3610 1113 3666 machinis
1157 3612 1478 3668 collidendis
1540 3616 1637 3683 ipsi
1694 3632 1852 3685 pares

276 3708 487 3764 essent,
512 3699 683 3753 Grmci
710 3716 741 3754 e
766 3710 954 3754 contra
983 3702 1128 3755 nulla
1160 3703 1547 3758 numerositate
1576 3708 1850 3765 exercitus

277 3790 550 3857 pollerent
602 3799 656 3842 et
705 3790 911 3843 diutina
948 3790 1258 3858 fatigatione
1304 3792 1415 3861 jam
1453 3792 1611 3848 fracti
1642 3809 1847 3864 essent,

277 3883 375 3950 qui
429 3897 526 3936 rrec
576 3897 642 3935 ex
705 3882 853 3936 Italis
895 3892 1276 3951 exspectarent
1336 3886 1673 3954 praesidium,
1715 3888 1849 3944 faci-

277 3976 406 4028 liter
440 3974 805 4043 expugnandi.
864 3974 973 4028 Nec
1013 3989 1142 4028 voce
1185 3974 1276 4028 illa
1322 3975 1664 4032 Calilbascia:
1699 3995 1852 4034 revo-

278 4067 509 4117 candum
544 4080 664 4118 esse
696 4065 837 4133 regis
871 4064 1140 4127 animum,
1166 4081 1286 4134 quae
1329 4068 1559 4123 conficta
1617 4070 1847 4125 fuisset:

275 4156 595 4210 Genuenses
624 4156 805 4219 scissi,
843 4155 1036 4211 Veneti
1066 4160 1309 4227 Oppressi
1341 4161 1408 4213 ab
1463 4160 1602 4214 duce
1646 4162 1850 4216 Medio-

276 4247 412 4311 lani,
468 4249 674 4301 nullum
750 4250 926 4303 daturi
979 4260 1105 4304 sunt
1172 4252 1504 4319 pra-sidium.
1561 4254 1849 4308 Thuracan

275 4340 578 4392 Thracialis
607 4340 811 4394 militia:
841 4341 1093 4411 princeps
1118 4382 1132 4406 ,
1174 4344 1517 4399 Calilbasciae
1566 4362 1848 4401 commen-

273 4432 411 4485 dare
452 4433 789 4500 propositum
849 4448 953 4486 non
984 4435 1215 4497 audens,
1252 4435 1317 4487 ad
1350 4450 1602 4503 guerraru
1664 4453 1846 4508 regem

1955 3264 2046 3316 per
2100 3248 2220 3311 erit,
2272 3260 2319 3302 ει
2379 3250 2706 3304 [ila/tornatur
2764 3264 2839 3305 est
2900 3270 3079 3307 servus
3126 3254 3304 3324 ejus),
3362 3256 3525 3309 vehe-

1956 3348 2166 3394 menter
2212 3342 2612 3410 obstupuisses.
2669 3344 2866 3412 Sicque
2913 3344 3117 3399 factum
3166 3359 3293 3401 est:
3345 3348 3524 3402 triduo

1956 3432 2249 3491 luminaria
2285 3434 2391 3487 Deo
2416 3436 2759 3501 accendunt,
2790 3438 3042 3507 jcjuuant
3076 3439 3162 3493 die
3194 3440 3323 3492 nihil
3352 3455 3523 3506 usque

1954 3525 2019 3579 ad
2050 3533 2263 3580 noctem
2291 3537 2618 3606 gustantes:
2668 3530 2900 3585 invicem
2964 3533 3391 3601 congaudentes,
3445 3533 3511 3585 irr-

1955 3619 2126 3673 vicem
2158 3620 2531 3683 convivantes,
2600 3637 2659 3676 se
2702 3624 2850 3692 ipsos
2885 3625 3042 3694 quasi
3075 3624 3141 3678 ad
3175 3625 3377 3678 inferos
3436 3624 3524 3679 die

1954 3711 2272 3767 certaminis
2292 3710 2515 3777 abituri,
2546 3715 2749 3770 osculis
2789 3716 3110 3770 resalutant.
3148 3715 3255 3771 Nos
3312 3726 3518 3771 tantam

1956 3801 2270 3871 religionem
2302 3805 2577 3871 admirati,
2611 3806 2778 3859 Deum
2820 3807 3226 3876 propitiatorem
3286 3808 3523 3878 profusis

1954 3893 2607 3964 lacrymisprecabamur,
2636 3913 2819 3953 sacras
2876 3900 3162 3969 imagines,
3220 3903 3523 3970 processio-

1954 3987 2168 4050 traliter,
2199 3990 2537 4055 cornpuncti,
2580 4004 2673 4057 per
2717 3991 2919 4043 vallum
2959 3992 3259 4062 urbemque
3294 3993 3523 4047 transfe-

1954 4088 2154 4141 rentes,
2193 4079 2355 4133 nttdis
2385 4081 2615 4148 pedibus
2646 4082 2933 4136 mulierum
2958 4085 3309 4155 virorumque
3348 4089 3523 4142 turbis

1952 4172 2415 4237 consequentibus
2486 4176 2919 4244 deprecabantur
2977 4195 3100 4234 eum
3185 4182 3523 4249 ptenitudine

1952 4261 2132 4315 cordis
2186 4278 2252 4316 ne
2306 4265 2679 4320 haered'tatem
2746 4285 2900 4323 suam
2952 4269 3213 4326 Dominus
3272 4274 3521 4328 demoliri

1954 4353 2309 4417 permitteret,
2342 4367 2396 4408 ct
2434 4360 2577 4425 quod
2623 4361 2938 4429 dignaretur
3000 4365 3249 4421 fidelibus
3306 4368 3420 4421 suis
3462 4369 3517 4422 in

1955 4450 2106 4495 tanto
2160 4448 2463 4501 certamine
2528 4452 2805 4519 porrigere
2888 4454 3156 4522 dextram,
3224 4460 3312 4525 qui
3369 4461 3519 4515 solus

272 4522 561 4576 animavit.
589 4520 885 4575 Eunuchus
934 4525 1126 4578 tertius
1180 4525 1489 4580 consularis
1536 4527 1666 4581 baro
1703 4528 1847 4583 dicta
1884 4528 1923 4582 D
1954 4529 2115 4596 Deus,
2151 4543 2202 4587 et
2256 4552 2360 4589 non
2420 4539 2559 4593 alius
2586 4556 2685 4609 pro
2739 4542 3065 4602 Christianis
3127 4520 3371 4619 pugnare
3424 4569 3520 4622 po-

272 4611 591 4665 coulirrnat.
621 4608 877 4665 Juniorcs
910 4610 1075 4681 igitur
1107 4614 1229 4666 belli
1265 4614 1432 4669 duces
1460 4616 1551 4669 :‘0
1588 4632 1703 4679 rex,
1766 4617 1847 4670 iu-

271 4707 502 4774 quiunt,
552 4707 676 4774 quis
721 4717 1027 4774 peremptor
1082 4708 1398 4776 gentilitatis
1450 4720 1654 4763 nostrae
1697 4712 1848 4764 timi-

271 4798 505 4853 ditatem
534 4796 693 4849 nobis
729 4796 969 4851 incutit?
1008 4796 1173 4852 Decet
1230 4800 1646 4855 invictissimum
1701 4805 1853 4871 prin-

271 4891 458 4958 cipem
495 4896 744 4942 nostrum
778 4904 864 4943 res
893 4905 1116 4960 magnas
1144 4903 1199 4947 et
1229 4895 1471 4961 cogitare
1492 4906 1547 4948 ct
1606 4900 1848 4965 aggredi,

272 4991 335 5033 ct
367 4993 751 5047 quemcunque
787 4988 1043 5032 eventum
1105 4984 1493 5053 permagniﬁce
1527 4988 1687 5039 ferre.
1749 4988 1851 5041 Za-

269 5085 459 5140 gauus
500 5069 724 5137 proinde
763 5078 820 5123 ut
864 5071 1000 5124 vidit
1051 5073 1451 5127 multitudinem
1488 5078 1624 5129 bene
1660 5078 1847 5147 dispo-

273 5162 449 5215 sitam
476 5175 489 5211 :
516 5160 613 5223 Da,
645 5160 838 5228 inquit,
873 5161 1097 5228 bellum,
1143 5178 1270 5229 rex;
1307 5165 1564 5233 quoniam
1618 5170 1720 5221 diis
1776 5172 1854 5224 fa-

275 5252 561 5315 ventibus,
595 5252 821 5304 victoria
862 5253 1084 5323 gloriam
1117 5260 1493 5324 consequeris.
1544 5259 1640 5313 liis
1674 5262 1853 5332 itaque

270 5342 468 5397 verbis
496 5342 791 5396 animosior
843 5342 1018 5395 factus
1054 5360 1144 5398 rex
1190 5363 1202 5395 :
1266 5346 1586 5415 Fortunam,
1654 5353 1849 5422 inquit,

270 5446 498 5489 tentare
533 5434 741 5488 licebit.
772 5436 854 5487 An
903 5434 1214 5491 Macedonis
1244 5442 1484 5506 potentia
1526 5458 1643 5495 mea
1676 5446 1850 5498 maior

265 5526 415 5586 fuit,
450 5526 535 5577 cui
563 5525 711 5579 orbis
750 5527 961 5580 minore
992 5540 1117 5579 cum
1170 5532 1414 5583 exercitu
1456 5535 1635 5599 parrrit
1668 5534 1688 5585 ?
1717 5536 1851 5599 Quis

265 5628 380 5675 aut
432 5617 642 5687 genitor
684 5634 858 5683 meus,
891 5630 986 5672 aut
1036 5635 1192 5687 avus,
1255 5633 1346 5675 aut
1390 5639 1649 5693 proavus,
1706 5638 1851 5681 tanta

266 5720 575 5783 potestate,
621 5711 785 5765 tantis
841 5712 1132 5777 machinis,
1201 5723 1257 5766 ut
1301 5731 1423 5783 ego,
1480 5718 1666 5770 urbem
1716 5720 1854 5775 hanc

259 5801 602 5875 oppressit?
630 5803 935 5867 Constituo,
967 5807 1199 5868 Zagane,
1225 5807 1365 5861 diem
1407 5809 1550 5877 belli,
1590 5829 1854 5881 compone

526 5896 794 5957 ParttOL.
844 5903 956 5961 Gtt.
1012 5902 1203 5961 CL!X.

1955 4634 2071 4677 teris
2106 4638 2210 4681 est.
2246 4628 2431 4698 Itaque
2466 4645 2707 4688 nostram
2758 4653 2908 4706 spem
2951 4650 3116 4694 totam
3166 4645 3217 4696 in
3274 4644 3381 4699 Deo
3427 4663 3520 4716 po-

1953 4728 2164 4780 nentes,
2226 4724 2588 4777 constitutum
2654 4731 2967 4785 certaminis
3034 4734 3176 4787 diem
3227 4738 3517 4792 confortati

1954 4812 2257 4875 νίδοιυεὶιιε
2316 4820 2805 4883 exspectabamus:
2863 4834 3081 4891 propter
3131 4829 3271 4893 quod
3329 4831 3517 4885 ascitis

1954 4914 2166 4966 senatu,
2196 4905 2509 4973 barouibus,
2563 4909 2685 4963 belli
2741 4917 3042 4981 capitaucis
3100 4926 3153 4971 et
3191 4922 3517 4975 commilito-

1954 4992 2112 5045 nibus
2142 4995 2210 5046 ab
2240 4996 2569 5064 imperatore
2609 5002 2902 5063 univorsis.
2938 5021 3118 5061 sermo
3143 5010 3264 5063 talis
3300 5011 3517 5065 habitus

1952 5096 2074 5137 est:
2108 5084 2398 5153 Quoniam,
2435 5091 2533 5142 viri
2567 5094 2799 5155 nobiles,
2830 5098 3035 5152 militiae
3063 5101 3303 5156 illustres
3329 5106 3515 5157 duces.

1954 5192 2161 5244 vosque
2229 5183 2626 5239 commilitones
2704 5187 3179 5258 Christianissirni,
3225 5197 3517 5265 appropin-

1958 5278 2213 5335 quantem
2255 5275 2569 5329 certaminis
2617 5277 2805 5331 horam
2859 5281 3253 5349 conspicimus,
3316 5289 3515 5341 consti-

1956 5366 2183 5417 tuendos
2209 5367 2433 5420 voshoc
2465 5368 2665 5424 inloco
2708 5376 2985 5441 preposui,
3027 5387 3083 5428 ut
3142 5380 3297 5445 plane
3348 5382 3518 5449 siqui-

1955 5454 2074 5506 dem
2112 5456 2427 5523 intelligatis
2449 5463 2810 5515 constantiam
2837 5476 3072 5520 vestram
3100 5471 3270 5538 magis
3298 5487 3360 5525 ac
3399 5491 3514 5525 nra-

1957 5547 2036 5612 εἰς
2059 5546 2403 5616 (irritandam,
2432 5564 2617 5620 utpote
2640 5555 2729 5623 qui
2758 5556 2994 5625 gloriose
3018 5576 3228 5631 sctrrper'
3257 5568 3461 5617 advers:
3489 5584 3514 5620 s

1958 5638 2141 5690 hostes
2168 5639 2369 5699 Christi
2406 5642 2727 5709 dimicastis,
2778 5647 2887 5714 jam
2948 5652 3174 5717 patriam
3219 5655 3515 5722 urbemque

1958 5736 2067 5778 toto
2089 5727 2218 5780 urbe
2244 5733 2599 5802 perinclytam
2627 5756 2785 5804 qrranr
2815 5743 3009 5795 infidus
3034 5743 3357 5815 irrvidusque
3379 5746 3518 5800 'l‘en-

1958 5833 2004 5870 cr
2024 5835 2081 5871 trs
2108 5820 2244 5876 duos
2274 5829 2741 5898 etquinquaginta
2768 5834 2880 5887 dies
2905 5842 3302 5907 coanguslari',
3334 5854 3518 5897 \cstrrs

3019 5930 3091 5991 30
