4164 6426
249 409 348 476 9H

1341 413 1435 472 DE
1486 411 2089 475 EXPUGNATIONE
2121 417 2405 476 CPOIJS.

3404 414 3510 481 θαι

250 513 360 578 ίιιιρ
387 521 531 590 pleni
554 522 909 577 conclamant
936 522 1246 588 victoriam,
1275 523 1454 593 gladio
1475 533 1737 594 pugnant,
1765 531 1818 574 ct
1854 525 1892 579 Δ
1929 528 2286 580 reverentiam
2321 541 2495 596 neque
2531 525 2734 579 sanetis
2761 526 3088 596 imaginibus
3111 527 3332 591 habent,
3373 533 3503 600 quin

249 609 430 680 quoad
451 617 707 680 possunt,
727 612 874 665 omni
905 627 1028 666 cum
1053 613 1256 668 virtute
1280 622 1501 668 nostros
1528 616 1609 670 vel
1637 623 1819 668 exoter-

251 704 482 770 minare,
513 705 596 760 vel
619 706 890 775 subjicere
921 706 1245 762 moliuntur.
1280 706 1582 777 Imperator
1609 708 1820 774 infeli'c,

251 809 311 850 ut
345 797 480 852 vidit
524 802 873 870 capitaneum
928 802 1276 872 desperatum
1311 821 1324 856 :
1376 802 1492 857 iteu
1541 818 1628 857 me
1662 803 1824 856 mise-

253 891 404 944 rum!
435 891 633 959 inquit,
665 894 876 963 peritae
898 894 1027 949 urbs
1050 894 1073 947 ?
1099 892 1146 949 0
1170 893 1561 950 infortunatam
1584 897 1818 952 sortem!

252 982 407 1044 siste,
432 997 646 1052 precor,
681 986 984 1056 capitanee.
1011 986 1146 1041 Nam
1182 997 1271 1041 tua
1298 986 1424 1056 fuga
1462 989 1600 1044 alios
1634 987 1825 1043 incitat

251 1080 318 1130 ad
345 1076 682 1147 fugiendum.
707 1078 821 1133 Non
843 1088 928 1134 est
952 1081 1184 1134 mortale
1207 1079 1427 1144 vulnus,
1453 1091 1641 1150 patere
1669 1080 1825 1136 dolo-

250 1186 388 1236 rem,
422 1179 478 1224 et
524 1172 660 1227 siste
697 1171 955 1239 viriliter,
993 1181 1054 1228 ut
1091 1174 1456 1245 spopondisti.
1497 1176 1566 1229 At
1597 1174 1688 1228 ille
1733 1187 1826 1228 sa-

251 1264 404 1324 lutis.
458 1264 664 1333 gloriae,
725 1265 923 1336 suique
965 1267 1192 1334 oblitus,
1252 1269 1329 1322 uti
1383 1267 1546 1323 altam
1605 1268 1824 1338 quidem

254 1357 431 1424 primo
466 1358 1002 1428 magnanimitatem,
1031 1361 1103 1415 ita
1137 1361 1369 1431 posthac
1406 1360 1828 1432 pusillanimita-

251 1462 357 1501 rem
390 1450 650 1504 ostendit.
709 1451 904 1506 Debuit
928 1452 1098 1518 enim,
1125 1454 1170 1507 si
1209 1462 1422 1523 poterat
1452 1454 1697 1508 vulneris
1723 1453 1824 1507 do-

249 1541 420 1595 lorem
448 1540 697 1608 sufferre,
731 1559 837 1599 non
864 1544 1140 1611 recedere,
1168 1545 1211 1599 si
1242 1544 1318 1598 vir
1342 1555 1460 1600 erat
1485 1560 1500 1612 ;
1525 1545 1607 1600 vel
1630 1545 1824 1600 saltem

249 1636 438 1700 alium,
473 1638 565 1704 qui
599 1638 717 1692 loco
747 1639 832 1694 sui
871 1640 1138 1707 stetisset,
1171 1642 1487 1710 subrogare.

321 1726 666 1799 Franguntur
690 1745 756 1786 ex
786 1731 888 1787 hoc
913 1734 1156 1787 omnium
1185 1734 1615 1788 commilitonum
1638 1735 1824 1799 animi,

252 1817 578 1874 hebetantur
633 1823 798 1888 vires,
854 1832 909 1878 et
952 1826 1295 1894 capitaueum
1373 1827 1691 1894 fugientem,
1763 1847 1825 1879 ne

251 1921 501 1980 pereant,
551 1914 936 1984 insequuntur.
983 1916 1055 1970 Da
1117 1918 1402 1981 clientulo,
1444 1920 1620 1989 inquit
1673 1923 1824 1990 capi-

247 2011 464 2064 laneus.
484 2006 687 2060 clavem
716 2018 903 2078 portae,
922 2025 1084 2078 quam
1108 2026 1229 2065 mox
1251 2022 1543 2067 reseratam
1573 2025 1823 2085 satagunt.

248 2090 599 2170 magna‘cum
633 2106 1052 2172 compressione
1087 2106 1344 2161 transire.
1378 2106 1639 2163 Rcscrata
1671 2121 1822 2178 porta

247 2191 386 2263 fugit
407 2195 722 2263 capitancus
747 2196 961 2262 Pcram,
985 2198 1077 2268 qui
1113 2208 1299 2268 postea
1326 2201 1516 2256 Chium
1540 2204 1821 2272 navigans,

245 2301 312 2338 ex
344 2288 561 2342 vulnere
619 2289 702 2343 vel
751 2290 971 2346 tristitia
1003 2293 1297 2363 inglorium
1347 2297 1637 2349 transitum
1671 2296 1820 2350 fecit.

247 2375 554 2445 Imperator
615 2379 860 2447 insuper,
919 2397 987 2436 ne
1039 2383 1109 2437 ab
1152 2383 1400 2440 hostibus
1443 2387 1693 2455 capiatur
1730 2403 1742 2438 :
1781 2389 1824 2438 0

244 2469 542 2538 quispiam,
570 2473 766 2541 inquit,
798 2475 984 2530 valens
1007 2484 1128 2546 ty,ro
1151 2484 1368 2546 prOpter
1394 2477 1586 2541 Deum,
1614 2493 1681 2532 ne
1712 2495 1825 2530 nta-

243 2562 419 2630 jestas
453 2565 618 2618 vafris
645 2567 776 2620 viris
805 2570 1145 2633 succumbat,
1180 2586 1301 2623 meo
1326 2571 1504 2639 gladio
1539 2587 1623 2624 me
1651 2582 1822 2626 trans-

249 2654 402 2723 figat.
437 2655 578 2711 Inter
602 2661 716 2712 haec
746 2657 1084 2729 Theophilus
1117 2659 1475 2731 Pal-.cologus,
1512 2664 1595 2717 vir
1625 2667 1820 2718 catho-

249 2747 426 2802 licus:
450 2747 565 2802 Jatn
591 2751 795 2818 perdita
817 2753 970 2817 urbe,
993 2771 1098 2816 tne,
1124 2756 1318 2823 inquit,
1343 2757 1518 2810 vivere
1537 2774 1642 2810 non
1669 2759 1818 2823 licet;

247 2835 702 2910 Teucrorumque
732 2846 940 2911 pondus
965 2847 1284 2914 aliquandiu
1317 2850 1616 2913 sustinens,
1651 2861 1702 2904 et
1732 2855 1818 2905 de-

246 2944 492 2997 certans,
534 2937 710 2989 securi
757 2936 1102 2993 discinditur.
1148 2941 1223 2994 ita
1267 2941 1542 2998 Iohannes
1595 2946 1824 2999 Sclavus

251 3025 524 3095 Illyricus,
556 3028 718 3082 veluti
748 3028 1008 3086 Hercules
1029 3048 1087 3086 se
1111 3049 1412 3102 Opponens,
1444 3037 1643 3090 multos
1675 3040 1823 3104 prius

249 3127 479 3181 mactat,
515 3121 708 3176 deinde
730 3123 907 3192 gladio
934 3124 1104 3180 tinivit
1131 3128 1295 3180 vitam
1326 3129 1528 3182 hostili.
1579 3131 1648 3185 Se
1682 3131 1822 3184 invi-

1930 621 2112 687 potius
2145 621 2532 681 exterminant,
2580 621 2770 674 oculos
2813 629 3129 674 sanctowm
3173 620 3504 685 suﬂodiant,

1928 722 2242 768 sanctorum
2297 725 2518 782 quoque
2577 711 2844 782 reliquias
2892 712 2975 767 vel
3029 711 3368 774 dilacerant,
3419 713 3504 766 vel

1926 805 2250 875 dispergunt
2277 804 2562 874 sacrilegae
2592 818 2828 868 manus;
2865 817 2990 858 mox
3027 811 3219 858 sancta
3252 801 3348 856 Dei
3380 816 3509 856 vasa

1930 909 2215 971 usurpant,
2238 904 2522 966 argentum
2548 910 2859 965 aurumque
2892 905 3000 951 tam
3029 902 3346 951 sanctarum
3372 893 3508 948 ima-

1929 993 2113 1061 ginum
2137 1030 2152 1055 ,
2204 1005 2367 1058 quam
2399 1005 2656 1044 vasorum
2703 1003 2986 1042 sacrorum
3011 1029 3027 1054 ,
3067 987 3304 1043 sacculis
3337 985 3505 1042 infer-

1929 1085 2100 1139 ciunt.
2150 1082 2241 1137 Fit
2282 1084 2490 1138 clamor
2531 1094 2586 1138 et
2623 1083 2867 1137 ululatus
2911 1083 2978 1137 ad
3035 1082 3275 1149 cmlum;
3322 1080 3497 1135 omnis

1931 1191 2118 1238 sexus,
2162 1176 2326 1230 homo
2379 1178 2577 1242 omnis,
2627 1188 2788 1228 omne
2819 1188 3038 1240 aurum,
3072 1186 3236 1228 omne
3263 1188 3362 1237 res,
3388 1187 3504 1226 om-

1931 1270 2016 1322 nis
2039 1267 2306 1336 supellex,
2337 1267 2624 1336 omnisque
2661 1266 2816 1322 urbis
2843 1266 3156 1322 substantia
3189 1267 3244 1320 in
3268 1266 3504 1336 pmdam

1931 1360 2179 1414 vertitur.
2212 1358 2511 1415 Securibus
2539 1360 2739 1414 scn'nia
2766 1358 3062 1424 scindunt;
3091 1355 3295 1412 'fundos
3321 1355 3508 1426 perfo-

1933 1456 2088 1506 diunt
2124 1468 2222 1522 pro
2253 1453 2548 1515 thesauris;
2579 1453 2672 1521 qui
2704 1453 2840 1506 tanti
2877 1453 3322 1522 reperiuntur,ct
3353 1452 3503 1509 novi.

1931 1559 1984 1599 rt
2015 1557 2244 1610 veteres,
2281 1556 2338 1600 ut
2381 1547 2528 1600 nulla
2579 1548 2649 1600 sit
2692 1549 2818 1600 urbs
2867 1561 2897 1600 a
2939 1545 3140 1602 saeculo
3188 1561 3309 1614 qum
3342 1545 3506 1597 tantis

1934 1637 2136 1701 abluat,
2186 1649 2241 1692 et
2286 1638 2338 1692 hi
2377 1654 2570 1694 omnes
2609 1639 2916 1694 absconditi
2968 1639 3021 1692 in
3079 1655 3274 1693 manus
3316 1653 3506 1695 eorum

1935 1739 2314 1798 pervenerunt.
2352 1730 2594 1786 OGrreci
2647 1731 2758 1799 jam
2819 1731 3007 1786 miseri
3034 1742 3088 1785 et
3142 1731 3504 1786 miserabiles.

1934 1825 2025 1892 qui
2049 1823 2284 1892 inOpiam
2341 1825 2640 1891 lingebatis,
2663 1839 2787 1879 ecce
2811 1823 2922 1893 jam
2954 1825 3006 1878 in
3032 1825 3207 1879 lucem
3236 1835 3494 1877 venerunt

1932 1916 2195 1981 thesauri,
2231 1931 2369 1985 quos
2397 1931 2494 1985 pro
2527 1915 2679 1971 urbis
2711 1916 2958 1971 subsidio
2986 1917 3318 1986 denegastis.
3379 1914 3502 1969 Τω-

1928 2008 2036 2063 duo
2063 2008 2228 2076 igitur
2265 2009 2316 2062 in
2355 2007 2587 2077 przedam
2621 2006 2910 2063 decursam
2946 2009 3222 2062 civitatem
3260 2007 3504 2077 depopu-

1929 2105 2200 2172 latamque
2231 2104 2374 2174 regis
2412 2100 2752 2156 Teucrorum
2781 2102 2973 2156 diliotti
3005 2102 3169 2156 dicati
3209 2102 3501 2155 admodum

1930 2198 2263 2266 relinquunt.
2293 2195 2619 2250 Traducitur
2650 2196 2714 2249 ad
2784 2195 3083 2266 papilioaes
3138 2196 3316 2251 omnis
3376 2195 3504 2253 sub-

1928 2293 2128 2348 stantia
2151 2292 2424 2360 etprmda,
2456 2290 2727 2359 vinctique
2746 2304 2935 2343 omnes
2971 2289 3037 2343 ad
3071 2291 3348 2359 sexaginta
3385 2289 3506 2343 mil-

1931 2389 1996 2439 lia
2041 2385 2261 2439 funibus
2285 2384 2583 2439 Christiani
2620 2382 2967 2451 captivantur
2999 2400 3013 2448 ;
3052 2397 3249 2438 cruces
3278 2399 3342 2436 cx
3367 2395 3504 2435 tem-

1930 2481 2138 2548 plorum
2173 2479 2419 2547 apicibus
2450 2476 2860 2546 parietibusque
2882 2475 3083 2531 evulsa:
3117 2476 3346 2545 pedibus
3368 2490 3498 2529 con-

1926 2574 2251 2636 culcantur;
2289 2573 2561 2626 violantur
2597 2573 2852 2625 mulieres
2885 2587 2900 2634 ;
2936 2570 3174 2640 virgines
3225 2568 3502 2624 defleren-

1927 2680 2013 2722 tur
2043 2687 2058 2732 -,
2089 2681 2269 2720 mares
2300 2666 2529 2732 juvenes
2563 2666 2614 2718 in
2649 2663 3042 2734 turpitudinem
3104 2664 3447 2716 maculantur
3485 2681 3497 2722 ;

1927 2760 2372 2817 sanctimoniales
2394 2774 2457 2812 ac
2483 2758 2700 2825 reliqua:
2718 2757 2882 2810 etiam
2901 2771 3020 2826 qum
3041 2763 3366 2825 apparentes
3391 2756 3506 2808 fuc-

1930 2864 2075 2920 runt,
2113 2855 2244 2908 luxu
2272 2853 2568 2908 ﬁniantur.
2600 2850 2645 2904 Ο
2685 2849 2822 2904 Deus
2861 2865 3035 2914 meus,
3101 2865 3264 2918 quam
3328 2850 3502 2904 iratos

1928 2948 2130 3002 videris
2168 2949 2369 3015 iquam
2397 2945 2901 2999 immisericorditcr
2954 2943 3146 2998 faciem
3193 2959 3223 2998 a
3251 2943 3504 2999 ﬁdelibus

1928 3041 2168 3095 avertisti
2210 3039 2378 3108 iQuid
2404 3039 2620 3092 dicam?
2645 3034 2827 3093 Silebo
2859 3046 2950 3091 aut
2976 3037 3280 3091 narraboin
3309 3037 3498 3091 Salva-

1926 3144 2098 3189 torem
2157 3144 2210 3188 et
2262 3141 2480 3187 sanctas
2542 3131 2808 3200 imagines
2859 3128 3040 3182 illatas
3085 3129 3506 3182 contumelias?

249 3227 372 3264 cem
405 3224 590 3281 postea
620 3215 792 3268 nostri
814 3253 829 3279 ,
863 3225 920 3268 ut
965 3224 1172 3285 portam
1217 3219 1588 3288 ingrediantur
1611 3263 1624 3285 ,
1669 3239 1821 3277 com-
1847 3232 1893 3291 δ
1932 3240 2090 3295 parce
2115 3225 2267 3284 mihi,
2301 3223 2545 3285 Domine,
2594 3221 2640 3275 si
2672 3233 2779 3274 tam
2821 3220 3025 3274 foedum
3073 3221 3250 3273 scelus
3281 3234 3504 3273 euario.

253 3303 558 3372 primentes
598 3317 848 3375 pereunt.
883 3307 1096 3374 Quibus
1144 3313 1360 3366 innixus
1395 3313 1687 3382 imperator
1728 3333 1820 3368 ca-

249 3397 390 3448 dens
431 3405 592 3465 atque
637 3412 946 3468 resurgens,
1006 3399 1288 3465 relabitur,
1322 3411 1375 3454 et
1419 3404 1823 3471 compressione

252 3488 512 3556 princeps
559 3491 744 3556 patria:
779 3506 808 3543 e
844 3491 952 3544 vita
1003 3491 1285 3559 tit-migrat.
1333 3493 1620 3548 Perierunt
1663 3495 1823 3564 igitur

250 3597 320 3632 ex
359 3580 557 3633 nostris
585 3578 794 3634 Latinis
834 3596 885 3635 et
907 3580 1111 3637 Graecis
1143 3599 1202 3638 se
1233 3584 1464 3640 invicem
1500 3591 1820 3642 conculcan-

250 3674 407 3726 tibus
438 3671 492 3724 in
526 3681 690 3739 porta:
710 3675 856 3727 exitu
889 3675 1110 3730 circiter
1132 3676 1447 3746 octingenti.
1473 3679 1602 3735 Inde
1625 3681 1821 3736 Teucri

251 3764 427 3815 altum
472 3780 681 3816 murum
721 3764 1105 3832 decurrentes,
1147 3783 1209 3821 ex
1245 3770 1355 3823 alto
1408 3786 1546 3839 quos
1595 3784 1822 3841 possunt

251 3854 520 3924 lapidant,
553 3869 868 3924 cuneusque
915 3860 1036 3912 unis
1084 3859 1310 3914 vocibus
1354 3877 1451 3929 per
1485 3865 1823 3916 antemuraie

250 3949 621 4012 descendens,
669 3951 721 4002 in
773 3950 956 4020 fugant
1009 3967 1201 4006 omnes
1254 3964 1476 4009 nostros
1527 3958 1824 4024 compellit.

253 4044 556 4095 Rumorem
609 4041 988 4111 jacturan:que
1041 4063 1102 4096 ev
1155 4043 1490 4113 fugientibus
1540 4049 1828 4104 audictncs

251 4133 462 4187 Paulus
502 4132 828 4201 Troilnsque
880 4132 1210 4196 Bouhier-di,
1252 4136 1356 4189 viri
1411 4136 1625 4202 Latini,
1678 4142 1828 4196 urlis

249 4227 430 4289 cives,
455 4239 578 4278 cum
609 4226 813 4292 aliquot
837 4223 1040 4278 Graecis
1067 4227 1304 4281 strenuis
1331 4227 1647 4299 Latinisque
1674 4233 1829 4297 equis

251 4316 583 4379 insidentes,
615 4315 666 4368 in
696 4317 881 4371 hostes
907 4317 1132 4370 vadunt.
1156 4318 1374 4384 Teucri,
1399 4317 1540 4374 forte
1569 4321 1829 4390 tmjorcm

251 4423 569 4464 numerum.
601 4422 765 4476 qualn
791 4419 974 4462 essent
1004 4419 1377 4473 auluuiantcs,
1413 4423 1558 4479 terga
1593 4424 1828 4467 Verlunt.

250 4503 460 4558 Paulus
494 4502 546 4555 in
587 4501 851 4568 Teucrum
889 4509 1039 4570 urget
1071 4518 1292 4571 equum,
1329 4504 1621 4570 lanceaque
1656 4523 1824 4561 unum

1926 3320 1971 3374 Ο
1998 3319 2381 3373 confusionem
2415 3315 2876 3378 Christianomm,
2907 3313 2953 3366 si
2980 3313 3186 3366 Christi
3227 3312 3324 3366 Dei
3357 3313 3468 3382 inju
3497 3344 3506 3350 -

1928 3413 2035 3466 rias
2067 3409 2343 3464 vindicare
2369 3407 2644 3461 retardent
2674 3407 2686 3458 !
2725 3405 2921 3459 Sacras
2957 3405 3049 3459 Dei
3083 3413 3135 3457 et
3188 3414 3502 3458 sanctorum

1927 3503 2130 3573 eiiigies
2162 3502 2330 3554 humo
2358 3507 2713 3566 prosternunt
2746 3515 2761 3551 :
2793 3495 3209 3566 quibussuper,
3253 3510 3358 3549 non
3392 3509 3506 3546 mo-

1927 3598 1996 3650 do
2030 3595 2332 3663 crapulam,
2371 3593 2463 3647 sed
2509 3591 2780 3644 luxuriam
2815 3590 3113 3658 complent.
3165 3588 3503 3643 Crucifixum

1931 3683 2159 3754 posthac
2199 3698 2292 3752 per
2311 3689 2489 3736 castra
2515 3681 2728 3750 praeviis
2760 3679 3034 3750 tympanis
3075 3679 3384 3732 (Ιυιιιάοιιιιυ
3411 3680 3506 3732 de-

1931 3789 2170 3848 portant:
2203 3775 2399 3845 sputis,
2426 3773 2798 3841 blasphemiis,
2833 3771 3142 3842 npprohriis
3162 3771 3354 3824 iterum
3381 3786 3506 3838 prr-

1929 3869 2308 3924 cessio..:tliter
2348 3867 2717 3935 crttciligunt:
2763 3866 2961 3933 pileum
3013 3863 3296 3928 Tcucrale,
3360 3867 3504 3931 quod

1931 3961 2192 4016 Zarchula
2227 3963 2442 4023 vocant,
2479 3959 2644 4027 capiti
2675 3966 3131 4027 superponentes,
3159 3956 3460 4010 deridenda
3492 3999 3505 4009 .

1932 4059 2031 4109 llic
2065 4065 2148 4108 est
2184 4055 2322 4108 Deus
2348 4049 2876 4107 Christianorum.0
2909 4050 2996 4104 Dei
3026 4050 3378 4120 patientiam!
3406 4048 3506 4102 Be—

1933 4165 1999 4201 ne
2025 4147 2227 4200 videris
2267 4147 2461 4206 iratus,
2495 4144 2797 4208 boneJesu,
2827 4152 2882 4195 ut
2915 4158 3013 4210 pro
3045 4143 3281 4210 peccatis
3306 4147 3508 4196 nostris

1934 4247 2110 4292 tantas
2138 4235 2364 4304 injurias
2393 4237 2586 4288 iterum
2623 4234 2823 4288 toleres
2859 4232 3190 4301 indignatus.

2005 4330 2162 4384 Parta
2206 4339 2386 4382 autem
2421 4328 2673 4390 victoria,
2706 4325 2871 4380 'I‘urci
2914 4324 3278 4380 Bacchanalia
3313 4324 3508 4378 festos-

1937 4438 2041 4490 que
2097 4423 2212 4476 dies
2243 4421 2516 4475 celebrant
2552 4438 2564 4474 :
2596 4419 2796 4489 quibus
2837 4435 2930 4472 rex
2979 4417 3119 4472 forte
3158 4418 3510 4473 temulentior

1941 4517 2117 4569 factus
2147 4515 2468 4583 sanguinem
2504 4512 2715 4566 Baccho
2745 4512 2961 4566 misceri
2990 4512 3160 4565 voluit
3189 4511 3502 4565 humanum.

253 4598 650 4658 transfodiens,
685 4607 909 4651 caeteros
939 4598 991 4649 in
1033 4597 1213 4665 fugam
1262 4599 1440 4668 vertit.
1480 4601 1616 4654 Cum
1648 4613 1829 4657 autent
1869 4579 1910 4633 θ
1945 4609 2159 4662 \‘ocatis
2188 4608 2352 4675 igitur
2385 4606 2450 4658 ad
2488 4622 2542 4658 sc
2573 4605 2828 4660 Chirluca
2863 4604 3186 4673 ueterisque
3209 4604 3508 4657 haronibus

249 4707 320 4745 ex
355 4693 464 4743 alto
510 4689 779 4756 lapidibus
819 4690 1202 4753 obruerentur,
1235 4690 1299 4741 ad
1347 4690 1588 4744 Troilum
1620 4708 1632 4745 :
1674 4691 1783 4745 llaa
1815 4694 1826 4746 Ξ

252 4782 447 4852 periit,
495 4782 691 4851 inquit,
736 4782 953 4845 civitas,
1010 4797 1214 4848 nosque
1257 4782 1416 4838 facile
1473 4789 1540 4838 ab
1593 4787 1827 4839 hostium

252 4873 611 4929 multitudine
645 4873 994 4933 circumdati,
1031 4888 1178 4941 spem
1211 4873 1332 4926 vitae
1369 4875 1673 4943 perdemus.
1708 4873 1832 4930 HiI‘C

249 4981 385 5020 cum
425 4966 648 5025 diceret.
697 4965 870 5019 securi
908 4964 1048 5020 ictus
1093 4966 1146 5018 in
1194 4967 1430 5030 vertice,
1479 4969 1600 5020 fuso
1635 4981 1832 5020 cruore

251 5072 368 5111 una
396 5071 523 5110 cum
553 5055 720 5110 fratre
753 5057 817 5110 ad
837 5055 1081 5111 Galatam
1106 5056 1368 5124 confugit.
1398 5058 1441 5113 Ο
1468 5073 1577 5110 rem
1604 5058 1829 5110 mirabi-

243 5155 367 5206 Iem
391 5154 403 5201 !
430 5163 460 5201 o
482 5151 794 5218 Stuporem!
836 5150 1070 5203 Necdum
1099 5149 1336 5204 i’hmhus
1358 5151 1505 5203 orbis
1537 5151 1832 5217 perlustrat

244 5241 721 5310 lto'miSplnrrium,
753 5249 807 5295 et
860 5250 968 5294 tota
1025 5243 1156 5295 urbs
1187 5257 1215 5293 a
1249 5241 1473 5310 paganis
1509 5239 1559 5293 in
1595 5243 1828 5308 pmdant

239 5351 586 5403 aucupatur.
616 5336 840 5391 Concite
870 5336 1036 5404 igitur
1061 5351 1250 5390 omnes
1277 5335 1485 5405 pedites
1506 5337 1829 5398 decurrunt,

236 5444 511 5499 quosque
544 5429 864 5484 resistentes
890 5427 1086 5498 .gladio
1126 5429 1348 5493 feriunt,
1392 5427 1713 5489 imbecilles,
1743 5426 1837 5479 de-

235 5519 522 5588 crepitos,
561 5519 806 5589 leprosos
839 5527 1002 5587 atque
1037 5517 1282 5572 infirmos
1315 5518 1610 5571 trucidant.
1661 5514 1834 5571 Obse-

234 5611 560 5680 quentibus
591 5612 732 5683 viam
775 5620 1000 5679 parcunt
1045 5611 1146 5678 (1).
1207 5609 1572 5662 Sanctissimae
1619 5608 1835 5678 Sophim

237 5704 646 5760 admirandum
670 5704 958 5768 templum,
987 5705 1130 5772 quod
1161 5717 1258 5755 nec
1294 5701 1601 5756 Saiuntonis
1637 5713 1834 5772 aequat,

232 5793 474 5869 profani
503 5805 667 5864 atque
699 5793 848 5848 infidi
875 5794 1258 5863 ingredientes.
1289 5795 1491 5846 nuilam
1522 5794 1695 5848 sacris
1724 5797 1834 5846 aris

327 5913 401 5974 (l)
437 5911 800 5974 Obscqttcntium
834 5912 945 5963 eitir
974 5919 1195 5974 pirctmt.
1235 5914 1452 5964 Ιιιοιίιιις.

1941 4698 2325 4753 conSularibus
2355 4699 2722 4762 reprehcnst‘s,
2763 4695 2908 4764 quod
2936 4711 3042 4749 non
3075 4696 3377 4751 suasissent
3411 4696 3480 4749 im

1944 4791 2200 4858 peratori,
2238 4788 2319 4840 vel
2356 4802 2542 4856 pacem
2580 4787 2885 4855 petendam,
2915 4787 2998 4840 vel
3023 4786 3255 4839 dandam
3285 4802 3397 4840 sum
3426 4789 3478 4840 di
3500 4816 3513 4828 ‘

1939 4881 2074 4935 tioni
2105 4880 2288 4934 urbem
2315 4896 2329 4938 ;
2357 4877 2630 4942 Chirluca,
2662 4877 2753 4947 qui
2780 4877 3110 4946 cogitaverat
3136 4876 3253 4943 ejus
3280 4879 3508 4946 gratiam

1942 4980 2182 5040 captare,
2231 4971 2495 5023 adversus
2524 4967 2790 5023 Perenses
2822 4967 3167 5036 Venetosque
3202 4971 3294 5037 qui
3335 4985 3507 5032 arma,

1945 5064 2141 5117 milites
2174 5063 2573 5130 Consiliumque
2610 5061 2909 5126 dedissent,
2947 5063 3159 5129 culpam
3193 5072 3511 5128 retorquere

1943 5157 2174 5219 curavit,
2225 5167 2457 5222 quorum
2494 5153 2666 5221 gratia
2700 5153 2995 5220 imperator
3033 5152 3398 5206 resistentium
3436 5152 3513 5204 fe-

1943 5245 2108 5298 cissct
2141 5261 2154 5296 :
2201 5243 2494 5311 volensque
2527 5242 2614 5295 ille
2661 5243 2860 5306 miser,
2895 5243 2984 5312 qu'i
3012 5258 3248 5311 semper
3282 5244 3510 5311 gloriam

1944 5336 2241 5389 mendaciis
2270 5345 2324 5387 et
2353 5334 2649 5388 schismate
2688 5341 2906 5401 captare
2945 5333 3280 5401 concupivit,
3319 5334 3510 5388 iisdem

1947 5427 2155 5481 artibus
2183 5428 2433 5490 evadere,
2480 5425 2841 5479 Calibasciam
2884 5426 3261 5490 vetustiorem,
3313 5425 3430 5480 loco
3461 5439 3514 5480 et

1944 5517 2228 5587 prudentia
2257 5517 2489 5585 primum
2521 5502 2717 5570 Teucri
2748 5515 3031 5582 baronem,
3058 5517 3293 5570 amicum
3331 5519 3514 5572 admo-

1943 5611 2072 5665 dum
2105 5609 2328 5674 Graacis,
2365 5595 2508 5676 quod
2546 5608 2753 5662 crebris
2799 5608 2990 5662 litteris
3029 5609 3093 5662 ad
3127 5610 3513 5676 imperatorem

1947 5703 2124 5756 missis
2169 5702 2285 5769 ejus
2325 5701 2570 5758 animum
2601 5714 2629 5752 a
2675 5699 2824 5768 pacis
2872 5699 3118 5754 consiliis
3160 5700 3511 5762 detraxisset,

1946 5807 2112 5860 utque
2145 5794 2299 5847 fortis
2346 5803 2510 5846 staret
2543 5791 2924 5859 persuasisset,
2961 5796 3274 5857 accusavit;
3310 5795 3515 5863 epist»-
