4164 6426
226 386 323 445 945

1690 393 2020 457 NOTITIA.

3376 389 3481 454 946

298 492 369 547 De
387 491 579 547 lsidori
644 507 772 547 vero
826 494 1124 551 cardinalis
1166 496 1288 551 vita:
1330 495 1595 566 periculo,
1643 500 1795 554 aliis-
1827 517 1873 573 Α
1975 502 2188 559 [inluxit
2214 503 2412 559 deimle
2437 518 2541 558 non
2596 518 2818 575 parvum
2862 514 3099 574 tempus,
3163 502 3215 558 in
3241 516 3352 573 quo
3380 521 3481 560 nec

226 602 327 654 quc
359 586 620 641 aerumnis
650 587 799 655 apud
827 588 1107 644 Ruthenos
1160 591 1436 659 perpessis
1482 590 1797 647 distinctius

228 693 390 746 agens
419 676 742 745 Michovius,
772 679 848 733 ait
901 694 1024 732 eum
1088 694 1236 734 anno
1279 681 1485 736 lMOin
1542 681 1796 737 Russiam

230 772 452 822 missum
507 785 614 823 una
666 786 788 823 (um
837 771 1225 840 diplomatibus
1268 774 1583 843 apostolicis
1625 774 1801 843 plum-

229 861 360 922 beis,
394 861 814 929 etimperatoris
844 863 1429 933 Constantinopolitani
1479 864 1661 919 aureis
1719 866 1801 918 in-

230 963 402 1005 trasse
432 953 484 1006 in
518 951 758 1008 Sandech
790 953 1046 1024 oppidum
1080 954 1316 1009 l’olonite
1348 956 1479 1010 feria
1535 954 1600 1009 Vl
1640 955 1803 1010 Para-

227 1060 430 1110 seeves,
462 1046 640 1116 ibique
671 1062 765 1116 per
791 1047 1081 1117 Sbigneum
1113 1050 1426 1121 episcOpum
1480 1050 1801 1106 Cracovien-

229 1151 337 1189 sem
368 1136 603 1205 hospitio
638 1141 1043 1209 perhumaniter
1111 1143 1278 1198 fuisse
1302 1153 1597 1212 receptum,
1651 1152 1704 1198 et
1733 1143 1798 1197 ad

228 1225 609 1283 celebrandum
639 1231 841 1296 divina,
892 1247 1039 1287 more
1098 1247 1198 1287 suo
1264 1231 1474 1298 Graeco,
1520 1240 1781 1302 tanqua'n

230 1321 483 1375 Ecclesia:
508 1319 767 1376 Romanae
792 1324 1089 1387 reunitum,
1146 1324 1443 1379 admissum
1526 1323 1795 1377 Unionetn

230 1422 404 1468 tamen
437 1415 583 1467 illam
610 1407 863 1470 Ecclesim
897 1416 1103 1470 Latina:
1136 1431 1259 1469 eum
1313 1414 1501 1470 Graeca
1550 1414 1798 1469 brevius-

231 1503 349 1557 cule
375 1505 625 1567 durasse,
663 1504 890 1569 Graecis,
942 1514 997 1562 et
1031 1506 1297 1561 Ruthenis
1342 1507 1486 1560 illam
1524 1504 1800 1559 irridenti-

233 1595 354 1655 bus,
388 1603 440 1647 et
467 1598 800 1665 contemptui
830 1597 1177 1664 habentibus,
1243 1606 1403 1667 atque
1472 1597 1619 1662 inde,
1669 1598 1797 1649 dum

232 1685 472 1741 Isidorus
498 1687 793 1744 cardinalis
823 1688 890 1744 ad
931 1706 1061 1746 suos
1127 1690 1496 1760 suﬂ‘raganeos
1563 1691 1615 1743 in
1660 1688 1797 1743 Rus-

233 1776 391 1839 siam,
419 1792 482 1832 ac
516 1778 792 1835 Moscham
836 1782 1093 1843 venisset,
1122 1792 1175 1836 et
1234 1783 1380 1835 illam
1430 1782 1682 1836 unionem
1722 1782 1799 1835 eis

1904 593 2382 664 ilungari'l‘urcas,
2419 615 2515 651 nec
2551 597 2740 653 Turca!
2768 598 3054 669 ﬂungaros
3101 598 3270 653 armis
3305 598 3472 652 laces-

1904 702 2023 742 sere
2050 700 2515 759 praesumpserunt
2545 706 2558 741 :
2592 707 2687 746 sua
2721 705 2991 761 quemque
3011 688 3297 744 calamitas
3331 687 3473 742 domi

1902 781 2193 834 attonitum
2226 781 2438 836 tenuit:
2495 783 2877 837 crnentissima
2932 782 3133 851 quippe
3172 778 3471 833 Varnensis

1904 886 2078 943 pugna
2110 872 2259 928 vires
2283 875 2566 944 utriusque
2585 874 2754 943 partis
2785 876 3033 930 eliserat.
3094 874 3207 928 Nec
3252 871 3471 937 Turcis,

1902 979 2078 1032 neque
2108 962 2384 1033 llungaris
2419 982 2485 1019 ex
2523 966 2663 1021 bello
2694 966 2925 1020 idoneus
2978 974 3096 1020 erat
3138 982 3154 1031 ;
3223 965 3327 1019 hos
3358 963 3472 1017 llu-

1904 1053 2116 1119 niades,
2181 1055 2303 1110 illos
2364 1055 2646 1111 Calibassa
2700 1055 2877 1108 alieno
2932 1054 3150 1108 nomine
3202 1052 3473 1123 guberna-

1902 1150 1977 1202 vit
2011 1166 2024 1203 :
2057 1147 2288 1204 ferocior
2316 1147 2611 1211 Huniadcs,
2672 1149 2861 1216 reique
2919 1146 3171 1200 militaris
3228 1144 3475 1214 peritior,

1903 1240 2257 1308 ignominiam
2293 1240 2487 1295 Varnte
2514 1250 2790 1310 acceptam
2825 1237 3071 1293 oblivisci
3133 1252 3241 1291 non
3272 1239 3473 1305 potuit.

1903 1332 2059 1388 Unde
2090 1331 2208 1385 dies
2246 1341 2544 1402 noctesque
2576 1332 2962 1395 meditabatur,
3022 1342 3260 1397 quonam
3324 1335 3478 1397 pacta

1902 1421 2513 1484 abolereinfamiam.et
2541 1424 2810 1479 resarcire
2848 1423 3044 1477 damna
3087 1421 3322 1474 maxime
3357 1434 3475 1488 pos-

1902 1524 2004 1571 set.
2042 1514 2199 1582 Spem
2230 1516 2368 1569 bene
2398 1514 2646 1585 gereudaa
2680 1516 2756 1567 rei
2785 1514 3088 1568 Turcarum
3154 1512 3311 1582 quies
3342 1526 3479 1580 prae-

1904 1607 2042 1670 buit,
2084 1608 2175 1675 qui
2202 1605 2311 1676 jam
2342 1606 2551 1677 pridem
2589 1605 2795 1659 nullunt
2849 1604 2970 1659 belli
3036 1615 3354 1673 apparatum
3389 1618 3480 1657 os-

1904 1698 2211 1760 tenderant,
2245 1698 2388 1753 vires
2420 1698 2528 1752 illis
2598 1708 2763 1767 atque
2816 1710 3031 1751 ammos
3096 1695 3339 1751 defuisse
3399 1709 3479 1748 ra-

1903 1800 2012 1853 tus,
2037 1800 2244 1859 tempus
2270 1791 2522 1844 idoneum
2555 1790 2893 1845 existimavit
2947 1791 3002 1845 in
3064 1805 3172 1858 quo
3200 1789 3483 1859 pristinam

234 1868 573 1936 praedicaret,
604 1886 699 1941 per
723 1872 994 1943 principes
1010 1873 1241 1929 Moschte
1262 1885 1501 1943 captum,
1524 1881 1576 1927 et
1603 1874 1653 1925 in
1682 1887 1802 1926 car-

1912 1896 2233 1950 rt-cuperare
2260 1882 2487 1949 gloriam
2545 1892 2749 1952 posset,
2806 1880 3128 1952 Turcasque
3156 1889 3481 1951 pessumda—

234 1976 359 2016 cere
398 1963 693 2026 reclusum,
720 1966 885 2020 rebus
944 1967 1200 2021 omnibus
1243 1968 1532 2034 spoliatum
1595 1965 1794 2019 fuisse:

231 2053 357 2108 inde
391 2064 568 2109 tamen
607 2058 767 2125 paulo
796 2068 938 2127 post,
976 2057 1192 2115 favente
1231 2059 1364 2126 Deo,
1388 2057 1508 2131 fuga
1533 2057 1796 2129 elapsum,

232 2142 457 2200 Romam
484 2147 727 2203 rediisse.
758 2149 881 2204 llaec
913 2152 1235 2206 Michovius.

303 2237 620 2295 Transactis
649 2243 930 2297 nonnullis
973 2243 1161 2298 Romae
1191 2244 1489 2308 mensibus,
1559 2244 1801 2298 lsidorus

236 2332 305 2386 ab
336 2333 581 2403 Eugenio
606 2334 1131 2403 Constantinopolim
1162 2337 1362 2391 missus
1393 2346 1477 2390 est
1502 2338 1710 2403 legatus
1732 2334 1799 2388 ad

237 2423 644 2494 imperatorem,
678 2435 735 2478 ut
776 2428 1147 2492 concordiam,
1210 2436 1262 2483 et
1312 2428 1635 2484 Christiana?
1679 2428 1796 2481 fidei

235 2516 438 2579 ftedus,
470 2533 631 2585 quam
657 2517 829 2574 Graeci
863 2533 985 2573 cum
1009 2518 1200 2574 Latina
1238 2520 1480 2574 Ecclesia
1515 2519 1800 2573 Florentiae

234 2608 401 2661 semel
428 2607 657 2677 professi
693 2609 930 2678 fuerant,
964 2626 1064 2665 sua
1115 2612 1517 2677 adhortatione,
1567 2628 1803 2679 prtesen-

235 2696 421 2767 tiaque
470 2707 674 2753 sartam
714 2708 912 2754 tectam
963 2709 1230 2755 servaret.
1286 2700 1498 2755 Mortuo
1539 2700 1798 2770 Eugenio.

234 2789 340 2842 sub
367 2803 686 2844 successore
715 2790 937 2844 Nicolao
958 2791 1019 2852 V,
1056 2790 1248 2845 eodem
1287 2807 1513 2845 munere
1550 2791 1798 2857 fungens,

233 2880 309 2942 ibi
338 2883 654 2949 permansit,
688 2882 881 2935 unitati
919 2882 995 2937 illi
1027 2884 1309 2938 servanda:
1337 2898 1551 2937 omnem
1582 2898 1799 2951 Operam

235 2971 525 3026 adhibens.
550 2971 616 3025 At
648 2988 769 3027 cum
806 2955 979 3027 C'rmci
1032 2973 1386 3028 nihilominus
1440 2976 1492 3027 in
1527 2975 1802 3043 perﬁdiam

234 3072 399 3133 atque
423 3064 664 3118 haeresim
728 3065 870 3120 foede
930 3066 1123 3135 relapsi
1193 3066 1437 3131 fuissent,
1500 3067 1800 3121 certissima

235 3157 569 3212 viudicantis
592 3156 842 3212 Numinis
873 3158 1154 3227 punitione
1182 3160 1381 3212 factum
1434 3170 1538 3221 est,
1574 3168 1630 3211 ιιι
1693 3176 1798 3212 non

242 3248 415 3301 multo
449 3259 589 3318 post,
607 3249 695 3304 die
720 3251 929 3305 scilicet
955 3250 1179 3319 Spiritui
1205 3260 1396 3305 sancto
1428 3266 1584 3305 sacra
1623 3252 1800 3319 (cujus

239 3355 336 3407 per
366 3355 634 3394 summam
670 3342 1000 3410 impietatem
1062 3344 1468 3409 processioncnt
1520 3358 1583 3397 ex
1638 3341 1800 3396 Patre

236 3443 289 3487 et
318 3432 456 3487 Filio
478 3434 945 3504 impugnavcrant,
967 3436 1302 3489 validissimo
1327 3434 1517 3489 Turcre
1538 3436 1803 3489 succincti

236 3527 505 3588 exercitu,
536 3525 1094 3595 Constantinopolim,
1128 3526 1426 3581 Orientalis
1452 3527 1663 3596 imperii
1717 3542 1805 3581 ea-

238 3627 358 3686 put,
389 3625 443 3670 et
474 3617 654 3671 sedem
675 3627 1080 3687 expugnarent,
1110 3628 1165 3672 et
1190 3627 1403 3686 captant
1444 3633 1613 3685 usque
1641 3617 1706 3671 ad
1727 3619 1808 3671 in-

240 3710 606 3763 ternecionem
631 3710 1215 3764 barbaraimmanitate
1253 3718 1551 3763 vastarent.
1606 3708 1679 3761 De
1708 3726 1807 3762 eu-

234 3805 329 3873 jus
372 3803 710 3855 memorabili
746 3802 982 3864 excidio,
1036 3806 1295 3870 quoniam
1318 3804 1404 3856 hic
1442 3804 1589 3855 locus
1612 3817 1809 3870 oppor-

240 3909 408 3951 tunus
430 3896 663 3959 videtur,
700 3896 875 3949 fusius
910 3896 1202 3959 disserere,
1266 3897 1404 3949 haud
1460 3896 1697 3950 alienum
1744 3895 1813 3948 ab

241 3990 496 4043 instituto
525 3989 798 4042 existimo.
822 3987 1021 4041 Verum
1056 3988 1302 4041 historia:
1337 3989 1531 4049 series,
1560 3996 1618 4040 ut
1647 3988 1812 4055 probe

238 4081 597 4151 intelligatur,
626 4080 787 4148 paulo
821 4080 987 4133 altius
1017 4079 1314 4147 repetenda
1359 4081 1529 4133 vertit.

318 4172 446 4226 Post
469 4179 750 4224 cruentam
814 4170 960 4223 illam
994 4186 1250 4238 pugnam.
1285 4172 1532 4238 quatnud
1579 4168 1812 4223 Varnam

236 4265 448 4318 editam
487 4277 652 4330 supra
703 4261 755 4313 in
804 4259 921 4314 Vita
953 4258 1152 4313 Juliani
1217 4260 1511 4313 eardinalis
1546 4275 1815 4313 memora-

238 4355 463 4416 vimus,
518 4354 850 4406 Amuratltes
906 4350 1206 4406 Turearum
1277 4353 1567 4420 imperator
1626 4350 1819 4403 Adria—

237 4445 487 4515 nOpt-lim
518 4459 788 4507 reversus,
826 4442 932 4497 Deo
969 4458 1068 4497 suo
1099 4458 1219 4511 qum
1256 4444 1427 4496 victor
1459 4442 1678 4506 fecerat,
1717 4457 1814 4496 vo-

1909 1989 1988 2038 re,
2022 1974 2220 2042 quibus
2249 1974 2294 2029 si
2334 1975 2515 2029 adsint
2548 1977 2846 2039 exercitus,
2872 1975 3259 2045 imperatorem
3299 1970 3483 2028 tamen

1907 2082 2127 2135 prorsus
2161 2066 2474 2121 defuturum
2502 2067 2891 2131 arbitrabatur,
2927 2082 3028 2122 nec
3057 2067 3232 2134 magis
3293 2066 3485 2120 existi-

1910 2160 2167 2214 mandum
2189 2162 2485 2215 exercitum
2519 2160 2638 2215 sine
2666 2161 2822 2225 duce,
2888 2174 3049 2228 quam
3104 2160 3292 2214 ducent
3324 2173 3485 2212 exer-

1907 2252 2016 2305 citu
2049 2262 2344 2307 carentem.
2381 2251 2599 2308 Coactis
2656 2253 2837 2321 itaque
2885 2260 3104 2321 repente
3171 2250 3346 2318 copiis
3414 2266 3483 2304 ex

1909 2346 2202 2417 llungaria,
2261 2347 2546 2402 accersitis
2588 2348 2751 2400 etiam
2807 2345 3171 2399 Bohetnorum
3236 2342 3509 2405 auxiliis,»

1909 2439 2367 2494 tnereenariorutn
2416 2453 2633 2509 quoque
2666 2437 2896 2490 militum
2932 2450 3038 2490 non
3095 2434 3288 2501 exigua
3323 2448 3484 2486 manu

1908 2533 2197 2597 conducta,
2229 2533 2428 2587 ducere
2464 2532 2765 2587 exercitum
2796 2531 2847 2583 in
2876 2530 3080 2584 Turcas
3104 2528 3318 2593 statuit,
3348 2543 3486 2594 quos

1908 2624 2060 2693 pritts
2140 2638 2547 2693 aggressurum,
2599 2631 2765 2691 atque
2814 2620 3189 2675 confecturum
3223 2617 3485 2681 credidit,

1911 2732 2074 2786 quam
2099 2716 2397 2771 novissime
2449 2731 2513 2769 ex
2587 2713 2861 2783 llungaria
2915 2712 3266 2765 nuntiaretur
3301 2727 3316 2763 :
3350 2723 3473 2761 eam

1912 2810 2073 2865 rebus
2096 2808 2349 2877 gerendis
2370 2806 2643 2861 solertiam
2669 2820 2731 2859 ac
2804 2802 3141 2858 celeritatem
3216 2801 3485 2855 adhibuit.

1912 2901 2212 2955 Consilium
2251 2900 2369 2969 ejus
2423 2897 2718 2967 Gregorius
2773 2896 2975 2949 Servia:
3031 2896 3254 2963 despota
3287 2902 3483 2961 prieter

1912 2994 2068 3048 fidem
2127 2993 2307 3047 datam
2356 2991 2658 3044 Turcarurn
2718 2988 2952 3041 due-ibus
3010 2986 3305 3054 patefecit,-
3363 2999 3486 3037 ma-

1914 3100 2191 3155 gnamque
2216 3081 2675 3154 gentipericulum
2697 3080 3011 3145 imminens,
3038 3078 3211 3145 majus
3228 3075 3486 3131 ostendit.

1985 3177 2225 3231 Perculsi
2249 3192 2311 3229 co
2340 3176 2534 3229 nuntio
2558 3172 2749 3225 Turem
2776 3171 2905 3241 quid
2942 3179 3166 3239 agerent
3195 3186 3302 3224 non
3355 3169 3487 3225 satis

1908 3266 2303 3336 intelligebant.
2338 3263 2664 3316 Amnrathes
2690 3262 2799 3331 jant
2829 3261 3014 3315 senior
3046 3259 3295 3327 religioni
3323 3268 3487 3326 atquc

1904 3360 2039 3418 otio.
2075 3366 2134 3412 ut
2166 3367 2287 3410 ante
2315 3355 2571 3416 diximus,
2605 3353 2880 3417 addictus,
2914 3352 3063 3421 regni
3114 3365 3276 3405 curas
3337 3351 3489 3416 abje-

1906 3456 2074 3503 cerat.
2110 3447 2443 3501 Mahnntctcs
2479 3454 2637 3498 actate
2665 3443 2862 3507 minor,
2902 3450 3107 3495 tantam
3131 3440 3253 3497 belli
3290 3441 3488 3495 molem

1908 3540 2053 3597 ferre
2080 3554 2239 3610 posse
2266 3553 2374 3592 non
2428 3536 2759 3590 credebatur
2794 3552 2808 3589 :
2837 3535 3134 3588 Calibassa:
3178 3533 3489 3587 defuturam

1909 3634 2274 3691 obedientiam
2309 3630 2590 3699 putabant,
2627 3644 2743 3697 qua.
2768 3628 3008 3681 nihilest
3043 3629 3096 3680 in
3131 3625 3489 3696 bello‘magis

1911 3727 2310 3782 necessarium.
2341 3721 2642 3791 Trepidare
2676 3721 2863 3790 igitur,
2894 3729 3149 3784 :estuare,
3179 3718 3339 3772 modo
3360 3717 3489 3780 ltuc,

1916 3820 2077 3875 modo
2106 3818 2232 3871 illuc
2259 3816 2609 3868 flnrtnantem
2641 3815 2880 3866 animum
2908 3822 3247 3875 convertere,
3279 3810 3490 3863 nullum

1914 3912 2199 3966 consilium
2233 3910 2366 3963 S'1lis
2398 3908 2611 3975 placere
2654 3906 2986 3958 merentibus
3019 3903 3070 3954 itt
3094 3902 3491 3955 deliberatione

1915 4006 2169 4072 satrapis,
2206 4002 2335 4054 nihil
2372 3999 2591 4053 tandem
2634 3997 2914 4050 salubrius
2944 3995 3121 4049 visum
3143 4010 3303 4062 quam
3336 4008 3491 4046 revo-

1916 4112 2040 4149 care
2071 4096 2137 4148 ab
2168 4095 2282 4145 otio
2313 4090 2664 4145 Amurathent
2704 4106 2717 4152 ;
2749 4104 2920 4154 nequc
2946 4087 3190 4140 veterani
3230 4086 3332 4139 sub
3386 4085 3492 4137 alio

1918 4182 2205 4236 militaturi
2234 4179 2618 4242 credebantur,
2644 4192 2740 4230 nec
2770 4177 3040 4229 fortunam
3075 4176 3197 4228 belli
3227 4184 3494 4228 cunctan-

1918 4272 2042 4327 dam
2070 4270 2495 4333 arbitrabantur,
2526 4283 2687 4337 quam
2730 4268 2830 4320 sub
2864 4281 2929 4319 eo
2960 4266 3052 4333 qui
3085 4266 3299 4318 vincere
3359 4282 3494 4320 con-

1920 4373 2153 4417 suesset.
2182 4360 2659 4429 llujussententite
2699 4358 2979 4411 Calibassa
3025 4367 3216 4409 auctor
3264 4356 3386 4409 fuit.
3439 4358 3494 4409 In

1921 4470 2027 4524 qua
2053 4470 2108 4507 re
2131 4452 2455 4505 Mahumetis
2478 4453 2718 4503 animum
2748 4450 3102 4501 vehementer
3125 4447 3371 4511 offendit,
3396 4466 3498 4501 cn-

239 4550 298 4594 ta
330 4537 612 4607 persolvit.
648 4535 782 4588 Exin
827 4534 1054 4588 volvens
1081 4536 1283 4597 animo,
1317 4535 1462 4601 regni
1488 4549 1649 4586 curas
1678 4550 1807 4587 vera:

1918 4547 2192 4616 picntisin
2232 4559 2293 4597 ea
2325 4544 2671 4607 espeditioue
2737 4556 2857 4594 sese
2908 4541 3081 4593 virum
3139 4540 3434 4593 ostendere
3473 4556 3489 4602 ;

238 4629 533 4683 felicitatis
565 4637 817 4697 expertes
840 4641 982 4690 esse,
1010 4624 1427 4679 inconstantiam
1459 4639 1672 4692 quoque
1704 4624 1815 4677 fer-

237 4733 394 4775 tuuae
420 4721 715 4790 prudenter
747 4720 975 4783 veritus,
1014 4732 1134 4784 qua:
1173 4715 1305 4768 nulli
1362 4697 1628 4783 perpetuo
1677 4717 1819 4770 bona

237 4822 361 4878 est,
420 4813 705 4866 accersitis
742 4810 1144 4879 provinciarum
1189 4807 1511 4876 majoribus,
1543 4808 1818 4862 Maltunte-

234 4920 358 4959 tem
383 4920 446 4957 cx
472 4906 657 4958 liberis
681 4903 796 4957 suis
824 4913 951 4956 natu
980 4903 1237 4973 majorem
1276 4918 1371 4970 pro
1399 4888 1455 4955 se
1486 4917 1661 4970 regem
1688 4916 1820 4954 con-

235 4997 444 5051 stituit.
470 4996 588 5065 ipse
616 4996 879 5066 privatam
921 4995 1165 5063 dilegens
1200 4994 1361 5046 vitam
1392 4994 1443 5046 in
1476 4993 1659 5047 Asiam
1698 5007 1822 5060 pro-

236 5093 446 5151 fectus,
488 5106 612 5144 eum
670 5092 859 5159 paucis
906 5088 1199 5157 voluptarii
1245 5087 1329 5141 sui
1373 5087 1468 5140 otii
1525 5086 1821 5140 comitibus

235 5183 497 5250 rciigioni
538 5183 752 5235 cuidam
786 5182 1042 5235 solitaria:
1072 5196 1193 5235 sese
1238 5179 1470 5234 addixit.
1518 5179 1820 5245 Calibassa,

235 5280 397 5330 inter
420 5284 669 5344 satrapas
700 5275 1002 5329 Turcarum
1044 5273 1235 5342 opibus
1264 5282 1316 5326 et
1350 5275 1672 5326 auctoritate
1705 5287 1822 5325 ma-

227 5373 356 5441 jor,
382 5368 672 5423 Mabumeti
705 5362 817 5435 regi
837 5366 1111 5421 declarato
1139 5366 1282 5434 quod
1304 5365 1539 5420 nondum
1565 5380 1659 5434 per
1690 5373 1824 5418 tetas

234 5477 357 5517 tein
418 5472 578 5529 aptus
626 5466 771 5513 esset
804 5459 1051 5525 imperio,
1092 5458 1423 5525 gubernator
1454 5458 1637 5519 datus,
1672 5456 1823 5509 elon-

235 5562 378 5623 gate
405 5552 667 5603 Amurate
689 5550 871 5603 omnia
918 5547 1361 5602 administrabat.
1408 5547 1622 5615 Reliqui
1656 5551 1824 5600 Amu-

237 5646 389 5699 ralis
427 5642 517 5695 lilii
560 5656 785 5694 numero
814 5642 1107 5700 sexdecim,
1145 5656 1210 5693 ne
1247 5656 1384 5709 quas
1443 5639 1732 5694 Mahunieti
1755 5639 1820 5692 ad

236 5735 539 5804 imperium
566 5732 709 5788 elato
740 5731 927 5786 turbas
960 5732 1013 5785 in
1084 5746 1250 5800 regno
1307 5732 1629 5795 excitarent,
1676 5746 1824 5785 more

234 5826 425 5903 gentis
457 5826 629 5881 necati
662 5835 811 5879 sunt.

1923 4637 2274 4705 verentisquc
2303 4650 2369 4687 ne
2400 4634 2685 4700 imperium
2707 4633 3007 4695 amitteret,
3035 4634 3079 4684 si
3117 4640 3272 4699 pater
3301 4630 3495 4682 iterum

1922 4744 2149 4797 regnum
2200 4734 2547 4779 τιςδιιιιιιιιιιι;
2590 4733 2648 4775 ut
2696 4734 2823 4777 sunt
2872 4722 3150 4774 hominum
3206 4720 3496 4775 mutabiles

1922 4823 2251 4872 voluntates.
2280 4815 2427 4867 Missi
2460 4830 2592 4880 ergo
2652 4811 2811 4881 legati
2868 4811 3226 4864 Atnuratbem
3276 4825 3498 4863 revoca-

1922 4927 2069 4975 vere,
2106 4910 2197 4978 qui
2223 4914 2539 4973 comparato
2578 4902 2806 4955 terribili
2835 4916 2957 4954 mox
2986 4899 3230 4955 exercitu
3267 4900 3316 4952 in
3378 4901 3494 4951 hos-

1926 5019 2031 5060 tem
2059 5004 2353 5075 profectus,
2384 5015 2489 5053 non
2516 5001 2671 5052 aliter
2702 5012 2864 5066 quam
2902 4998 2946 5051 si
2977 4998 3046 5052 ad
3081 4997 3317 5066 praedam
3365 5012 3489 5063 pcr-

1924 5104 2133 5167 gerent,
2170 5094 2378 5145 alacres
2409 5090 2608 5142 milites
2632 5088 2807 5142 duxit.

1993 5186 2110 5239 Jatn
2142 5182 2438 5236 allnniadcs
2474 5196 2598 5233 cum
2657 5178 2830 5246 c0piis
2872 5175 3128 5245 Sophiatn
3178 5176 3493 5239 transierat,

1928 5278 2323 5349 prostratisque
2372 5274 2465 5342 qui
2500 5278 2858 5326 occurrerant
2914 5268 3153 5322 locorum
3202 5268 3495 5336 prrefcctis.

1928 5366 2153 5419 hostiles
2186 5378 2347 5431 agros
2377 5362 2482 5415 late
2540 5359 2849 5429 populatus,
2903 5357 3018 5410 loco
3048 5357 3139 5425 qui
3175 5356 3369 5410 Basilia
3400 5373 3496 5409 vo-

1927 5462 2082 5506 Catur
2130 5463 2310 5505 eaStra
2359 5457 2633 5517 posuerat,
2670 5461 2793 5501 cum
2840 5448 3132 5500 adventare
3182 5446 3497 5500 Atuuratltis

1927 5544 2203 5597 exercitus
2236 5542 2536 5593 nuntiatur.
2565 5539 2678 5593 Non
2702 5536 3037 5605 exspectavit
3067 5535 3343 5591 Huniades
3373 5554 3496 5607 pro-

1932 5636 2135 5698 vocari,
2189 5635 2336 5702 prior
2366 5633 2480 5699 ipse
2526 5632 2738 5685 sublato
2776 5631 3013 5682 clamore
3063 5644 3296 5697 pugnam
3352 5631 3495 5686 iniit.

1930 5727 2238 5779 (Iotnrnisso
2273 5723 2458 5792 pra'lio
2487 5738 2687 5788 anceps
2721 5720 2811 5777 diu
2845 5729 3117 5773 certamen
3167 5720 3341 5772 litesit.
3381 5720 3495 5788 Qua

1936 5829 2084 5890 parte
2118 5818 2371 5888 pugnavit
2399 5815 2695 5879 iluniades,
2737 5813 2841 5866 fusi
2881 5811 3063 5867 hostes
3101 5823 3244 5879 terga
3276 5812 3494 5878 dedere,
