  <div class='ocr_page' id='page_1' title='image "/cluster/home/n/w/nwhite01/storage/ocr_20150623/159/nnc1.0046980628/484.png"; bbox 0 0 4164 6426; ppageno 0'>
   <div class='ocr_carea' id='block_1_1' title="bbox 305 361 405 425">
    <p class='ocr_par' dir='ltr' id='par_1_1' title="bbox 305 361 405 425">
     <span class='ocr_line' id='line_1_1' title="bbox 305 361 405 425; baseline 0.02 -2"><span class='ocrx_word' id='word_1_1' title='bbox 305 361 405 425; x_wconf 69' lang='grc'><strong>949</strong></span> 
     </span>
    </p>
   </div>
   <div class='ocr_carea' id='block_1_2' title="bbox 1779 372 2103 434">
    <p class='ocr_par' dir='ltr' id='par_1_2' title="bbox 1779 372 2103 434">
     <span class='ocr_line' id='line_1_2' title="bbox 1779 372 2103 434; baseline 0.006 -3"><span class='ocrx_word' id='word_1_2' title='bbox 1779 372 2103 434; x_wconf 81' lang='grc' dir='ltr'><strong>ΝΟΤΙΤΙΑ.</strong></span> 
     </span>
    </p>
   </div>
   <div class='ocr_carea' id='block_1_3' title="bbox 3462 369 3565 434">
    <p class='ocr_par' dir='ltr' id='par_1_3' title="bbox 3462 369 3565 434">
     <span class='ocr_line' id='line_1_3' title="bbox 3462 369 3565 434; baseline -0.019 0"><span class='ocrx_word' id='word_1_3' title='bbox 3462 369 3565 434; x_wconf 82' lang='grc'><strong>950</strong></span> 
     </span>
    </p>
   </div>
   <div class='ocr_carea' id='block_1_4' title="bbox 306 479 3559 558">
    <p class='ocr_par' dir='ltr' id='par_1_4' title="bbox 306 479 3559 558">
     <span class='ocr_line' id='line_1_4' title="bbox 306 479 3559 558; baseline 0.002 -25"><span class='ocrx_word' id='word_1_4' title='bbox 306 480 658 533; x_wconf 83' lang='lat' dir='ltr'><strong>contentione</strong></span> <span class='ocrx_word' id='word_1_5' title='bbox 693 479 909 536; x_wconf 85' lang='lat' dir='ltr'><strong>decoris</strong></span> <span class='ocrx_word' id='word_1_6' title='bbox 941 483 1177 539; x_wconf 77' lang='lat' dir='ltr'><strong>militum</strong></span> <span class='ocrx_word' id='word_1_7' title='bbox 1204 487 1381 542; x_wconf 88' lang='lat' dir='ltr'><strong>virtus</strong></span> <span class='ocrx_word' id='word_1_8' title='bbox 1417 487 1593 557; x_wconf 87' lang='lat' dir='ltr'><strong>magis</strong></span> <span class='ocrx_word' id='word_1_9' title='bbox 1622 503 1685 541; x_wconf 89' lang='lat' dir='ltr'><strong>ac</strong></span> <span class='ocrx_word' id='word_1_10' title='bbox 1714 488 1889 554; x_wconf 83' lang='lat' dir='ltr'><strong>magis</strong></span> <span class='ocrx_word' id='word_1_11' title='bbox 1918 496 1961 550; x_wconf 82' lang='grc' dir='ltr'><strong>Α</strong></span> <span class='ocrx_word' id='word_1_12' title='bbox 1994 484 2165 558; x_wconf 77' lang='lat' dir='ltr'><strong>coque</strong></span> <span class='ocrx_word' id='word_1_13' title='bbox 2196 488 2431 553; x_wconf 92' lang='lat' dir='ltr'><strong>amplius</strong></span> <span class='ocrx_word' id='word_1_14' title='bbox 2460 487 2661 541; x_wconf 78' lang='lat' dir='ltr'><strong>milites</strong></span> <span class='ocrx_word' id='word_1_15' title='bbox 2689 502 2754 539; x_wconf 87' lang='lat' dir='ltr'><strong>ex</strong></span> <span class='ocrx_word' id='word_1_16' title='bbox 2790 486 2999 540; x_wconf 77' lang='lat' dir='ltr'><strong>Latinis</strong></span> <span class='ocrx_word' id='word_1_17' title='bbox 3027 482 3345 551; x_wconf 70' lang='lat' dir='ltr'><strong>Grreeisque</strong></span> <span class='ocrx_word' id='word_1_18' title='bbox 3382 486 3559 551; x_wconf 78' lang='lat' dir='ltr'><strong>perie-</strong></span> 
     </span>
    </p>
   </div>
   <div class='ocr_carea' id='block_1_5' title="bbox 309 572 1885 635">
    <p class='ocr_par' dir='ltr' id='par_1_5' title="bbox 309 572 1885 635">
     <span class='ocr_line' id='line_1_5' title="bbox 309 572 1885 635; baseline 0.006 -11"><span class='ocrx_word' id='word_1_19' title='bbox 309 572 723 627; x_wconf 81' lang='lat' dir='ltr'><strong>accenderetur.</strong></span> <span class='ocrx_word' id='word_1_20' title='bbox 748 572 871 631; x_wconf 78' lang='lat' dir='ltr'><strong>Pari</strong></span> <span class='ocrx_word' id='word_1_21' title='bbox 898 576 1062 635; x_wconf 90' lang='lat' dir='ltr'><strong>modo</strong></span> <span class='ocrx_word' id='word_1_22' title='bbox 1093 588 1147 633; x_wconf 82' lang='lat' dir='ltr'><strong>et</strong></span> <span class='ocrx_word' id='word_1_23' title='bbox 1171 581 1394 634; x_wconf 82' lang='lat' dir='ltr'><strong>navales</strong></span> <span class='ocrx_word' id='word_1_24' title='bbox 1424 580 1559 634; x_wconf 83' lang='lat' dir='ltr'><strong>socii</strong></span> <span class='ocrx_word' id='word_1_25' title='bbox 1586 580 1885 635; x_wconf 86' lang='lat' dir='ltr'><strong>attributas</strong></span> 
     </span>
    </p>
   </div>
   <div class='ocr_carea' id='block_1_6' title="bbox 309 664 1888 741">
    <p class='ocr_par' dir='ltr' id='par_1_6' title="bbox 309 664 1888 741">
     <span class='ocr_line' id='line_1_6' title="bbox 309 664 1888 741; baseline 0.006 -27"><span class='ocrx_word' id='word_1_26' title='bbox 309 674 495 730; x_wconf 88' lang='lat' dir='ltr'><strong>partes</strong></span> <span class='ocrx_word' id='word_1_27' title='bbox 525 664 781 720; x_wconf 80' lang='lat' dir='ltr'><strong>invadere</strong></span> <span class='ocrx_word' id='word_1_28' title='bbox 801 665 988 735; x_wconf 80' lang='lat' dir='ltr'><strong>jussit.</strong></span> <span class='ocrx_word' id='word_1_29' title='bbox 1011 668 1386 725; x_wconf 87' lang='lat' dir='ltr'><strong>Admoventur</strong></span> <span class='ocrx_word' id='word_1_30' title='bbox 1411 673 1529 725; x_wconf 84' lang='lat' dir='ltr'><strong>urbi</strong></span> <span class='ocrx_word' id='word_1_31' title='bbox 1561 671 1751 741; x_wconf 58' lang='lat' dir='ltr'><strong>ligneae</strong></span> <span class='ocrx_word' id='word_1_32' title='bbox 1772 681 1888 725; x_wconf 90' lang='lat' dir='ltr'><strong>tur-</strong></span> 
     </span>
    </p>
   </div>
   <div class='ocr_carea' id='block_1_7' title="bbox 313 752 1885 832">
    <p class='ocr_par' dir='ltr' id='par_1_7' title="bbox 313 752 1885 832">
     <span class='ocr_line' id='line_1_7' title="bbox 313 752 1885 832; baseline 0.006 -27"><span class='ocrx_word' id='word_1_33' title='bbox 313 769 422 807; x_wconf 89' lang='lat' dir='ltr'><strong>res.</strong></span> <span class='ocrx_word' id='word_1_34' title='bbox 443 752 781 812; x_wconf 88' lang='lat' dir='ltr'><strong>Convectant</strong></span> <span class='ocrx_word' id='word_1_35' title='bbox 816 758 1018 815; x_wconf 90' lang='lat' dir='ltr'><strong>milites</strong></span> <span class='ocrx_word' id='word_1_36' title='bbox 1064 760 1342 827; x_wconf 80' lang='lat' dir='ltr'><strong>dolabras,</strong></span> <span class='ocrx_word' id='word_1_37' title='bbox 1376 760 1545 817; x_wconf 84' lang='lat' dir='ltr'><strong>falces</strong></span> <span class='ocrx_word' id='word_1_38' title='bbox 1576 763 1885 832; x_wconf 81' lang='lat' dir='ltr'><strong>scalasque.</strong></span> 
     </span>
    </p>
   </div>
   <div class='ocr_carea' id='block_1_8' title="bbox 316 846 1891 924">
    <p class='ocr_par' dir='ltr' id='par_1_8' title="bbox 316 846 1891 924">
     <span class='ocr_line' id='line_1_8' title="bbox 316 846 1891 924; baseline 0.007 -24"><span class='ocrx_word' id='word_1_39' title='bbox 316 846 378 901; x_wconf 82' lang='lat' dir='ltr'><strong>Et</strong></span> <span class='ocrx_word' id='word_1_40' title='bbox 404 848 514 919; x_wconf 84' lang='lat' dir='ltr'><strong>jam</strong></span> <span class='ocrx_word' id='word_1_41' title='bbox 556 850 717 905; x_wconf 90' lang='lat' dir='ltr'><strong>elatis</strong></span> <span class='ocrx_word' id='word_1_42' title='bbox 765 867 940 922; x_wconf 84' lang='lat' dir='ltr'><strong>super</strong></span> <span class='ocrx_word' id='word_1_43' title='bbox 972 853 1152 924; x_wconf 84' lang='lat' dir='ltr'><strong>capita</strong></span> <span class='ocrx_word' id='word_1_44' title='bbox 1183 856 1381 920; x_wconf 85' lang='lat' dir='ltr'><strong>scutis,</strong></span> <span class='ocrx_word' id='word_1_45' title='bbox 1412 856 1583 912; x_wconf 84' lang='lat' dir='ltr'><strong>densa</strong></span> <span class='ocrx_word' id='word_1_46' title='bbox 1616 858 1891 913; x_wconf 82' lang='lat' dir='ltr'><strong>testudine</strong></span> 
     </span>
    </p>
   </div>
   <div class='ocr_carea' id='block_1_9' title="bbox 311 941 1887 1017">
    <p class='ocr_par' dir='ltr' id='par_1_9' title="bbox 311 941 1887 1017">
     <span class='ocr_line' id='line_1_9' title="bbox 311 941 1887 1017; baseline 0.007 -26"><span class='ocrx_word' id='word_1_47' title='bbox 311 941 636 997; x_wconf 84' lang='lat' dir='ltr'><strong>succedunt.</strong></span> <span class='ocrx_word' id='word_1_48' title='bbox 688 942 863 1001; x_wconf 77' lang='lat' dir='ltr'><strong>Graeci</strong></span> <span class='ocrx_word' id='word_1_49' title='bbox 917 961 1175 1001; x_wconf 79' lang='lat' dir='ltr'><strong>saxorum</strong></span> <span class='ocrx_word' id='word_1_50' title='bbox 1229 948 1469 1017; x_wconf 86' lang='lat' dir='ltr'><strong>pondera</strong></span> <span class='ocrx_word' id='word_1_51' title='bbox 1525 950 1887 1017; x_wconf 82' lang='lat' dir='ltr'><strong>provolvunt,</strong></span> 
     </span>
    </p>
   </div>
   <div class='ocr_carea' id='block_1_10' title="bbox 314 1033 1891 1109">
    <p class='ocr_par' dir='ltr' id='par_1_10' title="bbox 314 1033 1891 1109">
     <span class='ocr_line' id='line_1_10' title="bbox 314 1033 1891 1109; baseline 0.007 -24"><span class='ocrx_word' id='word_1_52' title='bbox 314 1033 597 1105; x_wconf 81' lang='lat' dir='ltr'><strong>disjectam</strong></span> <span class='ocrx_word' id='word_1_53' title='bbox 658 1045 823 1109; x_wconf 87' lang='lat' dir='ltr'><strong>atque</strong></span> <span class='ocrx_word' id='word_1_54' title='bbox 904 1037 1215 1097; x_wconf 76' lang='lat' dir='ltr'><strong>ﬂuitantem</strong></span> <span class='ocrx_word' id='word_1_55' title='bbox 1285 1040 1619 1096; x_wconf 85' lang='lat' dir='ltr'><strong>testudinem</strong></span> <span class='ocrx_word' id='word_1_56' title='bbox 1683 1043 1891 1096; x_wconf 85' lang='lat' dir='ltr'><strong>lanceis</strong></span> 
     </span>
    </p>
   </div>
   <div class='ocr_carea' id='block_1_11' title="bbox 314 1127 1892 1204">
    <p class='ocr_par' dir='ltr' id='par_1_11' title="bbox 314 1127 1892 1204">
     <span class='ocr_line' id='line_1_11' title="bbox 314 1127 1892 1204; baseline 0.008 -28"><span class='ocrx_word' id='word_1_57' title='bbox 314 1127 607 1197; x_wconf 68' lang='grc' dir='ltr'><strong>σαυιιιὶδιιυθ</strong></span> <span class='ocrx_word' id='word_1_58' title='bbox 668 1140 1110 1199; x_wconf 85' lang='lat' dir='ltr'><strong>perscrutautur,</strong></span> <span class='ocrx_word' id='word_1_59' title='bbox 1161 1134 1338 1190; x_wconf 86' lang='lat' dir='ltr'><strong>donec</strong></span> <span class='ocrx_word' id='word_1_60' title='bbox 1393 1134 1575 1190; x_wconf 83' lang='lat' dir='ltr'><strong>soluta</strong></span> <span class='ocrx_word' id='word_1_61' title='bbox 1633 1149 1892 1204; x_wconf 75' lang='lat' dir='ltr'><strong>compage</strong></span> 
     </span>
    </p>
   </div>
   <div class='ocr_carea' id='block_1_12' title="bbox 316 1227 1890 1296">
    <p class='ocr_par' dir='ltr' id='par_1_12' title="bbox 316 1227 1890 1296">
     <span class='ocr_line' id='line_1_12' title="bbox 316 1227 1890 1296; baseline 0.006 -26"><span class='ocrx_word' id='word_1_62' title='bbox 316 1228 627 1287; x_wconf 68' lang='lat' dir='ltr'><strong>scutorum,</strong></span> <span class='ocrx_word' id='word_1_63' title='bbox 693 1239 998 1295; x_wconf 81' lang='lat' dir='ltr'><strong>exsangues</strong></span> <span class='ocrx_word' id='word_1_64' title='bbox 1068 1227 1389 1296; x_wconf 83' lang='lat' dir='ltr'><strong>lacerosque</strong></span> <span class='ocrx_word' id='word_1_65' title='bbox 1448 1236 1890 1296; x_wconf 83' lang='lat' dir='ltr'><strong>prostraverunt.</strong></span> 
     </span>
    </p>
   </div>
   <div class='ocr_carea' id='block_1_13' title="bbox 320 1312 1893 1390">
    <p class='ocr_par' dir='ltr' id='par_1_13' title="bbox 320 1312 1893 1390">
     <span class='ocr_line' id='line_1_13' title="bbox 320 1312 1893 1390; baseline 0.006 -25"><span class='ocrx_word' id='word_1_66' title='bbox 320 1312 405 1369; x_wconf 74' lang='lat' dir='ltr'><strong>Fit</strong></span> <span class='ocrx_word' id='word_1_67' title='bbox 458 1324 668 1385; x_wconf 80' lang='lat' dir='ltr'><strong>strages</strong></span> <span class='ocrx_word' id='word_1_68' title='bbox 718 1332 912 1388; x_wconf 86' lang='lat' dir='ltr'><strong>magua</strong></span> <span class='ocrx_word' id='word_1_69' title='bbox 953 1334 967 1372; x_wconf 88' lang='lat'><strong>:</strong></span> <span class='ocrx_word' id='word_1_70' title='bbox 1004 1327 1059 1376; x_wconf 89' lang='lat' dir='ltr'><strong>et</strong></span> <span class='ocrx_word' id='word_1_71' title='bbox 1111 1320 1224 1390; x_wconf 84' lang='lat' dir='ltr'><strong>jam</strong></span> <span class='ocrx_word' id='word_1_72' title='bbox 1271 1319 1465 1375; x_wconf 66' lang='lat' dir='ltr'><strong>Turca</strong></span> <span class='ocrx_word' id='word_1_73' title='bbox 1513 1319 1893 1377; x_wconf 86' lang='lat' dir='ltr'><strong>deficientibus</strong></span> 
     </span>
    </p>
   </div>
   <div class='ocr_carea' id='block_1_14' title="bbox 318 1406 1892 1482">
    <p class='ocr_par' dir='ltr' id='par_1_14' title="bbox 318 1406 1892 1482">
     <span class='ocr_line' id='line_1_14' title="bbox 318 1406 1892 1482; baseline 0.007 -25"><span class='ocrx_word' id='word_1_74' title='bbox 318 1406 517 1461; x_wconf 89' lang='lat' dir='ltr'><strong>animis</strong></span> <span class='ocrx_word' id='word_1_75' title='bbox 561 1407 876 1478; x_wconf 77' lang='lat' dir='ltr'><strong>languidius</strong></span> <span class='ocrx_word' id='word_1_76' title='bbox 914 1407 1189 1482; x_wconf 71' lang='lat' dir='ltr'><strong>&#39;pugnant.</strong></span> <span class='ocrx_word' id='word_1_77' title='bbox 1222 1412 1326 1467; x_wconf 89' lang='lat' dir='ltr'><strong>Sed</strong></span> <span class='ocrx_word' id='word_1_78' title='bbox 1357 1414 1510 1473; x_wconf 84' lang='lat' dir='ltr'><strong>adest</strong></span> <span class='ocrx_word' id='word_1_79' title='bbox 1558 1412 1892 1468; x_wconf 77' lang='lat' dir='ltr'><strong>Mahumetes</strong></span> 
     </span>
    </p>
   </div>
   <div class='ocr_carea' id='block_1_15' title="bbox 319 1498 1895 1576">
    <p class='ocr_par' dir='ltr' id='par_1_15' title="bbox 319 1498 1895 1576">
     <span class='ocr_line' id='line_1_15' title="bbox 319 1498 1895 1576; baseline 0.009 -30"><span class='ocrx_word' id='word_1_80' title='bbox 319 1498 685 1555; x_wconf 79' lang='lat' dir='ltr'><strong>fortissimum</strong></span> <span class='ocrx_word' id='word_1_81' title='bbox 716 1518 995 1573; x_wconf 85' lang='lat' dir='ltr'><strong>quemque</strong></span> <span class='ocrx_word' id='word_1_82' title='bbox 1023 1507 1356 1561; x_wconf 88' lang='lat' dir='ltr'><strong>nominatim</strong></span> <span class='ocrx_word' id='word_1_83' title='bbox 1410 1508 1679 1568; x_wconf 77' lang='lat' dir='ltr'><strong>vocitans,</strong></span> <span class='ocrx_word' id='word_1_84' title='bbox 1725 1517 1895 1576; x_wconf 89' lang='lat' dir='ltr'><strong>utque</strong></span> 
     </span>
    </p>
   </div>
   <div class='ocr_carea' id='block_1_16' title="bbox 316 1592 1895 1669">
    <p class='ocr_par' dir='ltr' id='par_1_16' title="bbox 316 1592 1895 1669">
     <span class='ocr_line' id='line_1_16' title="bbox 316 1592 1895 1669; baseline 0.007 -29"><span class='ocrx_word' id='word_1_85' title='bbox 316 1592 368 1642; x_wconf 91' lang='lat' dir='ltr'><strong>in</strong></span> <span class='ocrx_word' id='word_1_86' title='bbox 404 1592 649 1660; x_wconf 62' lang='lat' dir='ltr'><strong>praelium</strong></span> <span class='ocrx_word' id='word_1_87' title='bbox 683 1595 933 1659; x_wconf 85' lang='lat' dir='ltr'><strong>redeant,</strong></span> <span class='ocrx_word' id='word_1_88' title='bbox 967 1598 1298 1654; x_wconf 86' lang='lat' dir='ltr'><strong>adhortatur</strong></span> <span class='ocrx_word' id='word_1_89' title='bbox 1333 1618 1347 1654; x_wconf 90' lang='lat'><strong>:</strong></span> <span class='ocrx_word' id='word_1_90' title='bbox 1379 1601 1480 1654; x_wconf 90' lang='lat' dir='ltr'><strong>hos</strong></span> <span class='ocrx_word' id='word_1_91' title='bbox 1508 1598 1746 1669; x_wconf 64' lang='lat' dir='ltr'><strong>praemiis</strong></span> <span class='ocrx_word' id='word_1_92' title='bbox 1777 1600 1895 1652; x_wconf 90' lang='lat' dir='ltr'><strong>alli-</strong></span> 
     </span>
    </p>
   </div>
   <div class='ocr_carea' id='block_1_17' title="bbox 313 1684 1895 1760">
    <p class='ocr_par' dir='ltr' id='par_1_17' title="bbox 313 1684 1895 1760">
     <span class='ocr_line' id='line_1_17' title="bbox 313 1684 1895 1760; baseline 0.005 -27"><span class='ocrx_word' id='word_1_93' title='bbox 313 1688 410 1745; x_wconf 88' lang='lat' dir='ltr'><strong>cit,</strong></span> <span class='ocrx_word' id='word_1_94' title='bbox 468 1684 603 1744; x_wconf 75' lang='lat' dir='ltr'><strong>illos.</strong></span> <span class='ocrx_word' id='word_1_95' title='bbox 642 1687 813 1745; x_wconf 86' lang='lat' dir='ltr'><strong>minis</strong></span> <span class='ocrx_word' id='word_1_96' title='bbox 860 1689 1125 1747; x_wconf 86' lang='lat' dir='ltr'><strong>deterret.</strong></span> <span class='ocrx_word' id='word_1_97' title='bbox 1164 1693 1512 1748; x_wconf 88' lang='lat' dir='ltr'><strong>lnstauratur</strong></span> <span class='ocrx_word' id='word_1_98' title='bbox 1564 1706 1631 1746; x_wconf 81' lang='lat' dir='ltr'><strong>ex</strong></span> <span class='ocrx_word' id='word_1_99' title='bbox 1684 1692 1895 1760; x_wconf 79' lang='lat' dir='ltr'><strong>integro</strong></span> 
     </span>
    </p>
   </div>
   <div class='ocr_carea' id='block_1_18' title="bbox 316 1777 1894 1850">
    <p class='ocr_par' dir='ltr' id='par_1_18' title="bbox 316 1777 1894 1850">
     <span class='ocr_line' id='line_1_18' title="bbox 316 1777 1894 1850; baseline 0.008 -27"><span class='ocrx_word' id='word_1_100' title='bbox 316 1782 596 1835; x_wconf 74' lang='lat' dir='ltr'><strong>certamen</strong></span> <span class='ocrx_word' id='word_1_101' title='bbox 623 1793 640 1833; x_wconf 89' lang='lat'><strong>:</strong></span> <span class='ocrx_word' id='word_1_102' title='bbox 668 1777 862 1834; x_wconf 64' lang='lat' dir='ltr'><strong>Turcaa</strong></span> <span class='ocrx_word' id='word_1_103' title='bbox 896 1795 1094 1837; x_wconf 84' lang='lat' dir='ltr'><strong>rursus</strong></span> <span class='ocrx_word' id='word_1_104' title='bbox 1133 1782 1400 1839; x_wconf 89' lang='lat' dir='ltr'><strong>subruere</strong></span> <span class='ocrx_word' id='word_1_105' title='bbox 1433 1797 1673 1845; x_wconf 92' lang='lat' dir='ltr'><strong>murum,</strong></span> <span class='ocrx_word' id='word_1_106' title='bbox 1706 1788 1894 1850; x_wconf 85' lang='lat' dir='ltr'><strong>portas</strong></span> 
     </span>
    </p>
   </div>
   <div class='ocr_carea' id='block_1_19' title="bbox 1992 576 3561 652">
    <p class='ocr_par' dir='ltr' id='par_1_19' title="bbox 1992 576 3561 652">
     <span class='ocr_line' id='line_1_19' title="bbox 1992 576 3561 652; baseline -0.002 -18"><span class='ocrx_word' id='word_1_107' title='bbox 1992 599 2068 646; x_wconf 84' lang='lat' dir='ltr'><strong>re,</strong></span> <span class='ocrx_word' id='word_1_108' title='bbox 2096 583 2291 652; x_wconf 84' lang='lat' dir='ltr'><strong>partim</strong></span> <span class='ocrx_word' id='word_1_109' title='bbox 2318 581 2636 635; x_wconf 89' lang='lat' dir='ltr'><strong>vulneribus</strong></span> <span class='ocrx_word' id='word_1_110' title='bbox 2673 593 2701 631; x_wconf 90' lang='lat' dir='ltr'><strong>a</strong></span> <span class='ocrx_word' id='word_1_111' title='bbox 2735 586 2886 647; x_wconf 88' lang='lat' dir='ltr'><strong>tergo</strong></span> <span class='ocrx_word' id='word_1_112' title='bbox 2921 576 3187 645; x_wconf 80' lang='lat' dir='ltr'><strong>confossi,</strong></span> <span class='ocrx_word' id='word_1_113' title='bbox 3209 576 3403 644; x_wconf 81' lang='lat' dir='ltr'><strong>partim</strong></span> <span class='ocrx_word' id='word_1_114' title='bbox 3423 592 3561 630; x_wconf 87' lang='lat' dir='ltr'><strong>con-</strong></span> 
     </span>
    </p>
   </div>
   <div class='ocr_carea' id='block_1_20' title="bbox 1990 670 3561 741">
    <p class='ocr_par' dir='ltr' id='par_1_20' title="bbox 1990 670 3561 741">
     <span class='ocr_line' id='line_1_20' title="bbox 1990 670 3561 741; baseline -0.002 -17"><span class='ocrx_word' id='word_1_115' title='bbox 1990 675 2241 728; x_wconf 77' lang='lat' dir='ltr'><strong>versione</strong></span> <span class='ocrx_word' id='word_1_116' title='bbox 2266 674 2533 741; x_wconf 90' lang='lat' dir='ltr'><strong>oppressi.</strong></span> <span class='ocrx_word' id='word_1_117' title='bbox 2569 672 2767 740; x_wconf 73' lang='lat' dir='ltr'><strong>Etiam</strong></span> <span class='ocrx_word' id='word_1_118' title='bbox 2803 670 2980 725; x_wconf 89' lang='lat' dir='ltr'><strong>bostis</strong></span> <span class='ocrx_word' id='word_1_119' title='bbox 3045 670 3389 740; x_wconf 85' lang='lat' dir='ltr'><strong>superiorem</strong></span> <span class='ocrx_word' id='word_1_120' title='bbox 3438 686 3561 721; x_wconf 69' lang='lat' dir='ltr'><strong>inir-</strong></span> 
     </span>
    </p>
   </div>
   <div class='ocr_carea' id='block_1_21' title="bbox 1993 762 3564 833">
    <p class='ocr_par' dir='ltr' id='par_1_21' title="bbox 1993 762 3564 833">
     <span class='ocr_line' id='line_1_21' title="bbox 1993 762 3564 833; baseline -0.002 -15"><span class='ocrx_word' id='word_1_121' title='bbox 1993 782 2111 820; x_wconf 73' lang='lat' dir='ltr'><strong>t&#39;um</strong></span> <span class='ocrx_word' id='word_1_122' title='bbox 2145 764 2387 831; x_wconf 87' lang='lat' dir='ltr'><strong>tenebat,</strong></span> <span class='ocrx_word' id='word_1_123' title='bbox 2420 780 2663 833; x_wconf 82' lang='lat' dir='ltr'><strong>saxaque</strong></span> <span class='ocrx_word' id='word_1_124' title='bbox 2704 765 2757 818; x_wconf 90' lang='lat' dir='ltr'><strong>in</strong></span> <span class='ocrx_word' id='word_1_125' title='bbox 2797 766 2952 818; x_wconf 83' lang='lat' dir='ltr'><strong>cives</strong></span> <span class='ocrx_word' id='word_1_126' title='bbox 2994 764 3311 828; x_wconf 82' lang='lat' dir='ltr'><strong>devolvens,</strong></span> <span class='ocrx_word' id='word_1_127' title='bbox 3379 762 3564 829; x_wconf 58' lang='lat' dir='ltr'><strong>ingre-</strong></span> 
     </span>
    </p>
   </div>
   <div class='ocr_carea' id='block_1_22' title="bbox 1990 860 2791 917">
    <p class='ocr_par' dir='ltr' id='par_1_22' title="bbox 1990 860 2791 917">
     <span class='ocr_line' id='line_1_22' title="bbox 1990 860 2791 917; baseline -0.002 -2"><span class='ocrx_word' id='word_1_128' title='bbox 1990 862 2264 917; x_wconf 89' lang='lat' dir='ltr'><strong>dientibus</strong></span> <span class='ocrx_word' id='word_1_129' title='bbox 2288 861 2406 915; x_wconf 82' lang='lat' dir='ltr'><strong>suis</strong></span> <span class='ocrx_word' id='word_1_130' title='bbox 2430 860 2633 914; x_wconf 87' lang='lat' dir='ltr'><strong>auxilio</strong></span> <span class='ocrx_word' id='word_1_131' title='bbox 2655 870 2791 913; x_wconf 85' lang='lat' dir='ltr'><strong>erat.</strong></span> 
     </span>
    </p>
   </div>
   <div class='ocr_carea' id='block_1_23' title="bbox 2063 950 3567 1020">
    <p class='ocr_par' dir='ltr' id='par_1_23' title="bbox 2063 950 3567 1020">
     <span class='ocr_line' id='line_1_23' title="bbox 2063 950 3567 1020; baseline -0.003 -14"><span class='ocrx_word' id='word_1_132' title='bbox 2063 954 2175 1008; x_wconf 92' lang='lat' dir='ltr'><strong>lloc</strong></span> <span class='ocrx_word' id='word_1_133' title='bbox 2211 956 2378 1009; x_wconf 87' lang='lat' dir='ltr'><strong>modo</strong></span> <span class='ocrx_word' id='word_1_134' title='bbox 2410 960 2566 1020; x_wconf 82' lang='lat' dir='ltr'><strong>capta</strong></span> <span class='ocrx_word' id='word_1_135' title='bbox 2598 953 2755 1015; x_wconf 87' lang='lat' dir='ltr'><strong>urbe,</strong></span> <span class='ocrx_word' id='word_1_136' title='bbox 2788 952 2945 1006; x_wconf 64' lang='lat' dir='ltr'><strong>caesis</strong></span> <span class='ocrx_word' id='word_1_137' title='bbox 2996 950 3254 1005; x_wconf 90' lang='lat' dir='ltr'><strong>omnibus</strong></span> <span class='ocrx_word' id='word_1_138' title='bbox 3284 950 3378 1018; x_wconf 85' lang='lat' dir='ltr'><strong>qui</strong></span> <span class='ocrx_word' id='word_1_139' title='bbox 3429 950 3567 1002; x_wconf 79' lang='lat' dir='ltr'><strong>resi-</strong></span> 
     </span>
    </p>
   </div>
   <div class='ocr_carea' id='block_1_24' title="bbox 1992 1041 3564 1112">
    <p class='ocr_par' dir='ltr' id='par_1_24' title="bbox 1992 1041 3564 1112">
     <span class='ocr_line' id='line_1_24' title="bbox 1992 1041 3564 1112; baseline -0.007 -11"><span class='ocrx_word' id='word_1_140' title='bbox 1992 1056 2136 1101; x_wconf 87' lang='lat' dir='ltr'><strong>stere</strong></span> <span class='ocrx_word' id='word_1_141' title='bbox 2168 1047 2284 1099; x_wconf 90' lang='lat' dir='ltr'><strong>ausi</strong></span> <span class='ocrx_word' id='word_1_142' title='bbox 2318 1054 2464 1107; x_wconf 85' lang='lat' dir='ltr'><strong>sunt,</strong></span> <span class='ocrx_word' id='word_1_143' title='bbox 2507 1047 2558 1098; x_wconf 91' lang='lat' dir='ltr'><strong>in</strong></span> <span class='ocrx_word' id='word_1_144' title='bbox 2592 1045 2812 1112; x_wconf 85' lang='lat' dir='ltr'><strong>rapinas</strong></span> <span class='ocrx_word' id='word_1_145' title='bbox 2858 1042 3182 1096; x_wconf 86' lang='lat' dir='ltr'><strong>catervatim</strong></span> <span class='ocrx_word' id='word_1_146' title='bbox 3248 1049 3333 1095; x_wconf 89' lang='lat' dir='ltr'><strong>est</strong></span> <span class='ocrx_word' id='word_1_147' title='bbox 3398 1041 3564 1094; x_wconf 90' lang='lat' dir='ltr'><strong>itum.</strong></span> 
     </span>
    </p>
   </div>
   <div class='ocr_carea' id='block_1_25' title="bbox 1994 1131 3562 1202">
    <p class='ocr_par' dir='ltr' id='par_1_25' title="bbox 1994 1131 3562 1202">
     <span class='ocr_line' id='line_1_25' title="bbox 1994 1131 3562 1202; baseline -0.006 -11"><span class='ocrx_word' id='word_1_148' title='bbox 1994 1139 2121 1191; x_wconf 86' lang='lat' dir='ltr'><strong>Erat</strong></span> <span class='ocrx_word' id='word_1_149' title='bbox 2154 1137 2417 1189; x_wconf 90' lang='lat' dir='ltr'><strong>victorum</strong></span> <span class='ocrx_word' id='word_1_150' title='bbox 2439 1135 2686 1189; x_wconf 79' lang='lat' dir='ltr'><strong>infinitus</strong></span> <span class='ocrx_word' id='word_1_151' title='bbox 2710 1149 2877 1202; x_wconf 88' lang='lat' dir='ltr'><strong>prope</strong></span> <span class='ocrx_word' id='word_1_152' title='bbox 2896 1147 3180 1197; x_wconf 89' lang='lat' dir='ltr'><strong>nmnerus,</strong></span> <span class='ocrx_word' id='word_1_153' title='bbox 3204 1132 3255 1185; x_wconf 90' lang='lat' dir='ltr'><strong>in</strong></span> <span class='ocrx_word' id='word_1_154' title='bbox 3276 1131 3562 1186; x_wconf 89' lang='lat' dir='ltr'><strong>libidinem</strong></span> 
     </span>
    </p>
   </div>
   <div class='ocr_carea' id='block_1_26' title="bbox 1992 1224 3564 1295">
    <p class='ocr_par' dir='ltr' id='par_1_26' title="bbox 1992 1224 3564 1295">
     <span class='ocr_line' id='line_1_26' title="bbox 1992 1224 3564 1295; baseline -0.003 -15"><span class='ocrx_word' id='word_1_155' title='bbox 1992 1237 2047 1282; x_wconf 76' lang='lat' dir='ltr'><strong>cl.</strong></span> <span class='ocrx_word' id='word_1_156' title='bbox 2081 1228 2344 1283; x_wconf 59' lang='lat' dir='ltr'><strong>saevitiam</strong></span> <span class='ocrx_word' id='word_1_157' title='bbox 2380 1228 2689 1295; x_wconf 87' lang='lat' dir='ltr'><strong>corruptior</strong></span> <span class='ocrx_word' id='word_1_158' title='bbox 2723 1244 2737 1280; x_wconf 93' lang='lat'>:</span> <span class='ocrx_word' id='word_1_159' title='bbox 2799 1240 2906 1279; x_wconf 91' lang='lat' dir='ltr'><strong>non</strong></span> <span class='ocrx_word' id='word_1_160' title='bbox 2936 1224 3196 1295; x_wconf 79' lang='lat' dir='ltr'><strong>dignitas.</strong></span> <span class='ocrx_word' id='word_1_161' title='bbox 3234 1239 3340 1276; x_wconf 89' lang='lat' dir='ltr'><strong>non</strong></span> <span class='ocrx_word' id='word_1_162' title='bbox 3407 1234 3564 1287; x_wconf 66' lang='lat' dir='ltr'><strong>aetas,</strong></span> 
     </span>
    </p>
   </div>
   <div class='ocr_carea' id='block_1_27' title="bbox 1995 1316 3565 1390">
    <p class='ocr_par' dir='ltr' id='par_1_27' title="bbox 1995 1316 3565 1390">
     <span class='ocr_line' id='line_1_27' title="bbox 1995 1316 3565 1390; baseline -0.004 -15"><span class='ocrx_word' id='word_1_163' title='bbox 1995 1338 2101 1377; x_wconf 90' lang='lat' dir='ltr'><strong>non</strong></span> <span class='ocrx_word' id='word_1_164' title='bbox 2125 1337 2291 1379; x_wconf 83' lang='lat' dir='ltr'><strong>sexus</strong></span> <span class='ocrx_word' id='word_1_165' title='bbox 2317 1336 2648 1390; x_wconf 90' lang='lat' dir='ltr'><strong>quemquam</strong></span> <span class='ocrx_word' id='word_1_166' title='bbox 2682 1319 3025 1389; x_wconf 76' lang='lat' dir='ltr'><strong>protegebat.</strong></span> <span class='ocrx_word' id='word_1_167' title='bbox 3070 1316 3271 1384; x_wconf 89' lang='lat' dir='ltr'><strong>Stupra</strong></span> <span class='ocrx_word' id='word_1_168' title='bbox 3303 1317 3565 1377; x_wconf 63' lang='lat' dir='ltr'><strong>caadibus.</strong></span> 
     </span>
    </p>
   </div>
   <div class='ocr_carea' id='block_1_28' title="bbox 1994 1410 3567 1482">
    <p class='ocr_par' dir='ltr' id='par_1_28' title="bbox 1994 1410 3567 1482">
     <span class='ocr_line' id='line_1_28' title="bbox 1994 1410 3567 1482; baseline -0.004 -15"><span class='ocrx_word' id='word_1_169' title='bbox 1994 1414 2166 1468; x_wconf 81' lang='lat' dir='ltr'><strong>caedes</strong></span> <span class='ocrx_word' id='word_1_170' title='bbox 2198 1415 2407 1482; x_wconf 89' lang='lat' dir='ltr'><strong>stupris</strong></span> <span class='ocrx_word' id='word_1_171' title='bbox 2444 1414 2835 1468; x_wconf 80' lang='lat' dir='ltr'><strong>miscebantur.</strong></span> <span class='ocrx_word' id='word_1_172' title='bbox 2907 1410 3077 1465; x_wconf 85' lang='lat' dir='ltr'><strong>Senes</strong></span> <span class='ocrx_word' id='word_1_173' title='bbox 3134 1419 3326 1464; x_wconf 83' lang='lat' dir='ltr'><strong>exacta</strong></span> <span class='ocrx_word' id='word_1_174' title='bbox 3386 1419 3567 1470; x_wconf 80' lang='lat' dir='ltr'><strong>:ctatc.</strong></span> 
     </span>
    </p>
   </div>
   <div class='ocr_carea' id='block_1_29' title="bbox 1996 1503 3569 1573">
    <p class='ocr_par' dir='ltr' id='par_1_29' title="bbox 1996 1503 3569 1573">
     <span class='ocr_line' id='line_1_29' title="bbox 1996 1503 3569 1573; baseline -0.002 -12"><span class='ocrx_word' id='word_1_175' title='bbox 1996 1508 2225 1562; x_wconf 86' lang='lat' dir='ltr'><strong>feminas</strong></span> <span class='ocrx_word' id='word_1_176' title='bbox 2253 1507 2389 1560; x_wconf 86' lang='lat' dir='ltr'><strong>viles</strong></span> <span class='ocrx_word' id='word_1_177' title='bbox 2418 1505 2483 1558; x_wconf 86' lang='lat' dir='ltr'><strong>ad</strong></span> <span class='ocrx_word' id='word_1_178' title='bbox 2518 1506 2752 1573; x_wconf 68' lang='lat' dir='ltr'><strong>prmdam</strong></span> <span class='ocrx_word' id='word_1_179' title='bbox 2792 1505 2842 1558; x_wconf 91' lang='lat' dir='ltr'><strong>in</strong></span> <span class='ocrx_word' id='word_1_180' title='bbox 2884 1504 3182 1557; x_wconf 83' lang='lat' dir='ltr'><strong>ludibrium</strong></span> <span class='ocrx_word' id='word_1_181' title='bbox 3232 1503 3523 1556; x_wconf 83' lang='lat' dir='ltr'><strong>trahebant</strong></span> <span class='ocrx_word' id='word_1_182' title='bbox 3554 1518 3569 1558; x_wconf 87' lang='lat'><strong>:</strong></span> 
     </span>
    </p>
   </div>
   <div class='ocr_carea' id='block_1_30' title="bbox 1996 1594 3573 1663">
    <p class='ocr_par' dir='ltr' id='par_1_30' title="bbox 1996 1594 3573 1663">
     <span class='ocr_line' id='line_1_30' title="bbox 1996 1594 3573 1663; baseline -0.004 -12"><span class='ocrx_word' id='word_1_183' title='bbox 1996 1598 2086 1651; x_wconf 92' lang='lat' dir='ltr'><strong>ubi</strong></span> <span class='ocrx_word' id='word_1_184' title='bbox 2111 1597 2298 1653; x_wconf 84' lang='lat' dir='ltr'><strong>adulta</strong></span> <span class='ocrx_word' id='word_1_185' title='bbox 2336 1598 2511 1662; x_wconf 86' lang='lat' dir='ltr'><strong>virgo,</strong></span> <span class='ocrx_word' id='word_1_186' title='bbox 2557 1604 2651 1652; x_wconf 82' lang='lat' dir='ltr'><strong>aut</strong></span> <span class='ocrx_word' id='word_1_187' title='bbox 2686 1595 2809 1663; x_wconf 89' lang='lat' dir='ltr'><strong>quis</strong></span> <span class='ocrx_word' id='word_1_188' title='bbox 2847 1594 3023 1650; x_wconf 86' lang='lat' dir='ltr'><strong>forma</strong></span> <span class='ocrx_word' id='word_1_189' title='bbox 3047 1594 3382 1662; x_wconf 86' lang='lat' dir='ltr'><strong>conspicuus</strong></span> <span class='ocrx_word' id='word_1_190' title='bbox 3433 1594 3573 1647; x_wconf 78' lang='lat' dir='ltr'><strong>inci-</strong></span> 
     </span>
    </p>
   </div>
   <div class='ocr_carea' id='block_1_31' title="bbox 1994 1686 3570 1756">
    <p class='ocr_par' dir='ltr' id='par_1_31' title="bbox 1994 1686 3570 1756">
     <span class='ocr_line' id='line_1_31' title="bbox 1994 1686 3570 1756; baseline -0.004 -13"><span class='ocrx_word' id='word_1_191' title='bbox 1994 1690 2161 1745; x_wconf 89' lang='lat' dir='ltr'><strong>disset</strong></span> <span class='ocrx_word' id='word_1_192' title='bbox 2184 1692 2237 1742; x_wconf 92' lang='lat' dir='ltr'><strong>in</strong></span> <span class='ocrx_word' id='word_1_193' title='bbox 2262 1704 2459 1742; x_wconf 88' lang='lat' dir='ltr'><strong>manus</strong></span> <span class='ocrx_word' id='word_1_194' title='bbox 2494 1687 2840 1756; x_wconf 85' lang='lat' dir='ltr'><strong>rapientium,</strong></span> <span class='ocrx_word' id='word_1_195' title='bbox 2881 1686 3124 1740; x_wconf 81' lang='lat' dir='ltr'><strong>divulsus</strong></span> <span class='ocrx_word' id='word_1_196' title='bbox 3175 1688 3321 1755; x_wconf 82' lang='lat' dir='ltr'><strong>ipsos</strong></span> <span class='ocrx_word' id='word_1_197' title='bbox 3355 1694 3570 1753; x_wconf 86' lang='lat' dir='ltr'><strong>postre-</strong></span> 
     </span>
    </p>
   </div>
   <div class='ocr_carea' id='block_1_32' title="bbox 1999 1779 3571 1852">
    <p class='ocr_par' dir='ltr' id='par_1_32' title="bbox 1999 1779 3571 1852">
     <span class='ocr_line' id='line_1_32' title="bbox 1999 1779 3571 1852; baseline -0.005 -16"><span class='ocrx_word' id='word_1_198' title='bbox 1999 1799 2086 1839; x_wconf 90' lang='lat' dir='ltr'><strong>mo</strong></span> <span class='ocrx_word' id='word_1_199' title='bbox 2119 1783 2430 1852; x_wconf 89' lang='lat' dir='ltr'><strong>direptores</strong></span> <span class='ocrx_word' id='word_1_200' title='bbox 2462 1781 2516 1836; x_wconf 92' lang='lat' dir='ltr'><strong>in</strong></span> <span class='ocrx_word' id='word_1_201' title='bbox 2540 1791 2786 1836; x_wconf 85' lang='lat' dir='ltr'><strong>mutuam</strong></span> <span class='ocrx_word' id='word_1_202' title='bbox 2822 1780 3121 1850; x_wconf 78' lang='lat' dir='ltr'><strong>perniciem</strong></span> <span class='ocrx_word' id='word_1_203' title='bbox 3157 1779 3375 1846; x_wconf 85' lang='lat' dir='ltr'><strong>agebat.</strong></span> <span class='ocrx_word' id='word_1_204' title='bbox 3434 1779 3571 1830; x_wconf 90' lang='lat' dir='ltr'><strong>Dum</strong></span> 
     </span>
    </p>
   </div>
   <div class='ocr_carea' id='block_1_33' title="bbox 317 1855 3573 1945">
    <p class='ocr_par' dir='ltr' id='par_1_33' title="bbox 317 1855 3573 1945">
     <span class='ocr_line' id='line_1_33' title="bbox 317 1855 3573 1945; baseline 0.002 -29"><span class='ocrx_word' id='word_1_205' title='bbox 317 1878 570 1935; x_wconf 83' lang='lat' dir='ltr'><strong>quatere,</strong></span> <span class='ocrx_word' id='word_1_206' title='bbox 600 1870 776 1925; x_wconf 79' lang='lat' dir='ltr'><strong>innixi</strong></span> <span class='ocrx_word' id='word_1_207' title='bbox 801 1871 1070 1939; x_wconf 86' lang='lat' dir='ltr'><strong>humeris,</strong></span> <span class='ocrx_word' id='word_1_208' title='bbox 1106 1883 1161 1927; x_wconf 89' lang='lat' dir='ltr'><strong>et</strong></span> <span class='ocrx_word' id='word_1_209' title='bbox 1194 1889 1359 1945; x_wconf 85' lang='lat' dir='ltr'><strong>super</strong></span> <span class='ocrx_word' id='word_1_210' title='bbox 1384 1876 1631 1931; x_wconf 84' lang='lat' dir='ltr'><strong>iteratam</strong></span> <span class='ocrx_word' id='word_1_211' title='bbox 1662 1873 1895 1929; x_wconf 87' lang='lat' dir='ltr'><strong>testudi-</strong></span> <span class='ocrx_word' id='word_1_212' title='bbox 1929 1855 1968 1909; x_wconf 64' lang='grc' dir='ltr'><strong>Β</strong></span> <span class='ocrx_word' id='word_1_213' title='bbox 2001 1878 2309 1944; x_wconf 86' lang='lat' dir='ltr'><strong>pecuniam,</strong></span> <span class='ocrx_word' id='word_1_214' title='bbox 2338 1877 2421 1931; x_wconf 88' lang='lat' dir='ltr'><strong>vel</strong></span> <span class='ocrx_word' id='word_1_215' title='bbox 2453 1875 2638 1945; x_wconf 83' lang='lat' dir='ltr'><strong>gravia</strong></span> <span class='ocrx_word' id='word_1_216' title='bbox 2669 1875 2993 1943; x_wconf 86' lang='lat' dir='ltr'><strong>templorum</strong></span> <span class='ocrx_word' id='word_1_217' title='bbox 3031 1873 3170 1925; x_wconf 89' lang='lat' dir='ltr'><strong>dona</strong></span> <span class='ocrx_word' id='word_1_218' title='bbox 3200 1871 3303 1926; x_wconf 86' lang='lat' dir='ltr'><strong>sibi</strong></span> <span class='ocrx_word' id='word_1_219' title='bbox 3339 1872 3573 1938; x_wconf 87' lang='lat' dir='ltr'><strong>quisque</strong></span> 
     </span>
    </p>
   </div>
   <div class='ocr_carea' id='block_1_34' title="bbox 321 1964 1895 2037">
    <p class='ocr_par' dir='ltr' id='par_1_34' title="bbox 321 1964 1895 2037">
     <span class='ocr_line' id='line_1_34' title="bbox 321 1964 1895 2037; baseline 0.005 -25"><span class='ocrx_word' id='word_1_220' title='bbox 321 1976 442 2015; x_wconf 89' lang='lat' dir='ltr'><strong>nem</strong></span> <span class='ocrx_word' id='word_1_221' title='bbox 469 1964 800 2022; x_wconf 86' lang='lat' dir='ltr'><strong>scandentes</strong></span> <span class='ocrx_word' id='word_1_222' title='bbox 829 1981 1094 2035; x_wconf 88' lang='lat' dir='ltr'><strong>prensare</strong></span> <span class='ocrx_word' id='word_1_223' title='bbox 1124 1970 1365 2025; x_wconf 91' lang='lat' dir='ltr'><strong>hostium</strong></span> <span class='ocrx_word' id='word_1_224' title='bbox 1400 1969 1503 2025; x_wconf 77' lang='lat' dir='ltr'><strong>tela</strong></span> <span class='ocrx_word' id='word_1_225' title='bbox 1557 1969 1895 2037; x_wconf 85' lang='lat' dir='ltr'><strong>brachiaque</strong></span> 
     </span>
    </p>
   </div>
   <div class='ocr_carea' id='block_1_35' title="bbox 320 2056 1896 2131">
    <p class='ocr_par' dir='ltr' id='par_1_35' title="bbox 320 2056 1896 2131">
     <span class='ocr_line' id='line_1_35' title="bbox 320 2056 1896 2131; baseline 0.006 -25"><span class='ocrx_word' id='word_1_226' title='bbox 320 2056 578 2111; x_wconf 59' lang='lat' dir='ltr'><strong>nituntur</strong></span> <span class='ocrx_word' id='word_1_227' title='bbox 610 2075 624 2112; x_wconf 88' lang='lat'>:</span> <span class='ocrx_word' id='word_1_228' title='bbox 661 2060 856 2114; x_wconf 89' lang='lat' dir='ltr'><strong>iterum</strong></span> <span class='ocrx_word' id='word_1_229' title='bbox 914 2061 1112 2131; x_wconf 79' lang='lat' dir='ltr'><strong>integri</strong></span> <span class='ocrx_word' id='word_1_230' title='bbox 1164 2078 1289 2123; x_wconf 89' lang='lat' dir='ltr'><strong>cum</strong></span> <span class='ocrx_word' id='word_1_231' title='bbox 1340 2064 1571 2127; x_wconf 86' lang='lat' dir='ltr'><strong>sauciis,</strong></span> <span class='ocrx_word' id='word_1_232' title='bbox 1633 2062 1896 2118; x_wconf 87' lang='lat' dir='ltr'><strong>semiani-</strong></span> 
     </span>
    </p>
   </div>
   <div class='ocr_carea' id='block_1_36' title="bbox 319 2154 1894 2223">
    <p class='ocr_par' dir='ltr' id='par_1_36' title="bbox 319 2154 1894 2223">
     <span class='ocr_line' id='line_1_36' title="bbox 319 2154 1894 2223; baseline -0.001 -14"><span class='ocrx_word' id='word_1_233' title='bbox 319 2167 435 2209; x_wconf 79' lang='lat' dir='ltr'><strong>mes</strong></span> <span class='ocrx_word' id='word_1_234' title='bbox 469 2166 591 2206; x_wconf 90' lang='lat' dir='ltr'><strong>cum</strong></span> <span class='ocrx_word' id='word_1_235' title='bbox 622 2154 1031 2223; x_wconf 84' lang='lat' dir='ltr'><strong>exspirantibus</strong></span> <span class='ocrx_word' id='word_1_236' title='bbox 1067 2157 1420 2213; x_wconf 83' lang='lat' dir='ltr'><strong>evolvuntur.</strong></span> <span class='ocrx_word' id='word_1_237' title='bbox 1459 2155 1716 2210; x_wconf 90' lang='lat' dir='ltr'><strong>Cernitur</strong></span> <span class='ocrx_word' id='word_1_238' title='bbox 1748 2156 1894 2208; x_wconf 91' lang='lat' dir='ltr'><strong>varia</strong></span> 
     </span>
    </p>
   </div>
   <div class='ocr_carea' id='block_1_37' title="bbox 315 2244 1725 2319">
    <p class='ocr_par' dir='ltr' id='par_1_37' title="bbox 315 2244 1725 2319">
     <span class='ocr_line' id='line_1_37' title="bbox 315 2244 1725 2319; baseline 0.006 -27"><span class='ocrx_word' id='word_1_239' title='bbox 315 2244 667 2311; x_wconf 84' lang='lat' dir='ltr'><strong>pereuntium</strong></span> <span class='ocrx_word' id='word_1_240' title='bbox 700 2245 898 2313; x_wconf 86' lang='lat' dir='ltr'><strong>forma,</strong></span> <span class='ocrx_word' id='word_1_241' title='bbox 934 2256 990 2302; x_wconf 90' lang='lat' dir='ltr'><strong>et</strong></span> <span class='ocrx_word' id='word_1_242' title='bbox 1020 2248 1257 2319; x_wconf 79' lang='lat' dir='ltr'><strong>plurima</strong></span> <span class='ocrx_word' id='word_1_243' title='bbox 1302 2251 1495 2303; x_wconf 88' lang='lat' dir='ltr'><strong>mortis</strong></span> <span class='ocrx_word' id='word_1_244' title='bbox 1520 2250 1725 2317; x_wconf 90' lang='lat' dir='ltr'><strong>imago.</strong></span> 
     </span>
    </p>
   </div>
   <div class='ocr_carea' id='block_1_38' title="bbox 389 2333 1898 2409">
    <p class='ocr_par' dir='ltr' id='par_1_38' title="bbox 389 2333 1898 2409">
     <span class='ocr_line' id='line_1_38' title="bbox 389 2333 1898 2409; baseline 0.004 -24"><span class='ocrx_word' id='word_1_245' title='bbox 389 2333 532 2393; x_wconf 89' lang='lat' dir='ltr'><strong>Inter</strong></span> <span class='ocrx_word' id='word_1_246' title='bbox 561 2337 673 2391; x_wconf 74' lang='lat' dir='ltr'><strong>haec</strong></span> <span class='ocrx_word' id='word_1_247' title='bbox 695 2337 938 2395; x_wconf 80' lang='lat' dir='ltr'><strong>Joannes</strong></span> <span class='ocrx_word' id='word_1_248' title='bbox 962 2339 1331 2407; x_wconf 82' lang='lat' dir='ltr'><strong>Justinianus,</strong></span> <span class='ocrx_word' id='word_1_249' title='bbox 1364 2341 1502 2409; x_wconf 89' lang='lat' dir='ltr'><strong>apud</strong></span> <span class='ocrx_word' id='word_1_250' title='bbox 1532 2339 1777 2395; x_wconf 89' lang='lat' dir='ltr'><strong>Genuam</strong></span> <span class='ocrx_word' id='word_1_251' title='bbox 1813 2338 1898 2391; x_wconf 85' lang='lat' dir='ltr'><strong>Li-</strong></span> 
     </span>
    </p>
   </div>
   <div class='ocr_carea' id='block_1_39' title="bbox 315 2430 1899 2499">
    <p class='ocr_par' dir='ltr' id='par_1_39' title="bbox 315 2430 1899 2499">
     <span class='ocr_line' id='line_1_39' title="bbox 315 2430 1899 2499; baseline 0.003 -21"><span class='ocrx_word' id='word_1_252' title='bbox 315 2441 515 2490; x_wconf 80' lang='lat' dir='ltr'><strong>gurum</strong></span> <span class='ocrx_word' id='word_1_253' title='bbox 541 2430 892 2499; x_wconf 88' lang='lat' dir='ltr'><strong>metropolim</strong></span> <span class='ocrx_word' id='word_1_254' title='bbox 915 2430 1086 2483; x_wconf 88' lang='lat' dir='ltr'><strong>nobili</strong></span> <span class='ocrx_word' id='word_1_255' title='bbox 1131 2431 1251 2485; x_wconf 92' lang='lat' dir='ltr'><strong>loco</strong></span> <span class='ocrx_word' id='word_1_256' title='bbox 1283 2440 1469 2494; x_wconf 89' lang='lat' dir='ltr'><strong>natus,</strong></span> <span class='ocrx_word' id='word_1_257' title='bbox 1519 2430 1612 2499; x_wconf 89' lang='lat' dir='ltr'><strong>qui</strong></span> <span class='ocrx_word' id='word_1_258' title='bbox 1646 2433 1899 2499; x_wconf 89' lang='lat' dir='ltr'><strong>superio-</strong></span> 
     </span>
    </p>
   </div>
   <div class='ocr_carea' id='block_1_40' title="bbox 318 2519 1896 2584">
    <p class='ocr_par' dir='ltr' id='par_1_40' title="bbox 318 2519 1896 2584">
     <span class='ocr_line' id='line_1_40' title="bbox 318 2519 1896 2584; baseline -0.001 -9"><span class='ocrx_word' id='word_1_259' title='bbox 318 2519 475 2575; x_wconf 81' lang='lat' dir='ltr'><strong>I&#39;hus</strong></span> <span class='ocrx_word' id='word_1_260' title='bbox 512 2519 708 2575; x_wconf 86' lang='lat' dir='ltr'><strong>diebus</strong></span> <span class='ocrx_word' id='word_1_261' title='bbox 754 2524 906 2577; x_wconf 89' lang='lat' dir='ltr'><strong>solus</strong></span> <span class='ocrx_word' id='word_1_262' title='bbox 959 2524 1152 2577; x_wconf 86' lang='lat' dir='ltr'><strong>urbem</strong></span> <span class='ocrx_word' id='word_1_263' title='bbox 1214 2522 1533 2577; x_wconf 88' lang='lat' dir='ltr'><strong>defendisse</strong></span> <span class='ocrx_word' id='word_1_264' title='bbox 1584 2522 1896 2584; x_wconf 76' lang='lat' dir='ltr'><strong>videbatur,</strong></span> 
     </span>
    </p>
   </div>
   <div class='ocr_carea' id='block_1_41' title="bbox 318 2611 1897 2680">
    <p class='ocr_par' dir='ltr' id='par_1_41' title="bbox 318 2611 1897 2680">
     <span class='ocr_line' id='line_1_41' title="bbox 318 2611 1897 2680; baseline 0.001 -18"><span class='ocrx_word' id='word_1_265' title='bbox 318 2611 559 2675; x_wconf 72' lang='lat' dir='ltr'><strong>graviter</strong></span> <span class='ocrx_word' id='word_1_266' title='bbox 593 2614 932 2678; x_wconf 88' lang='lat' dir='ltr'><strong>vulneratus,</strong></span> <span class='ocrx_word' id='word_1_267' title='bbox 962 2614 1051 2667; x_wconf 92' lang='lat' dir='ltr'><strong>ubi</strong></span> <span class='ocrx_word' id='word_1_268' title='bbox 1095 2613 1312 2667; x_wconf 86' lang='lat' dir='ltr'><strong>fluitare</strong></span> <span class='ocrx_word' id='word_1_269' title='bbox 1360 2612 1686 2680; x_wconf 87' lang='lat' dir='ltr'><strong>sanguinem</strong></span> <span class='ocrx_word' id='word_1_270' title='bbox 1736 2626 1897 2665; x_wconf 89' lang='lat' dir='ltr'><strong>suum</strong></span> 
     </span>
    </p>
   </div>
   <div class='ocr_carea' id='block_1_42' title="bbox 318 2701 1899 2765">
    <p class='ocr_par' dir='ltr' id='par_1_42' title="bbox 318 2701 1899 2765">
     <span class='ocr_line' id='line_1_42' title="bbox 318 2701 1899 2765; baseline 0.002 -14"><span class='ocrx_word' id='word_1_271' title='bbox 318 2701 734 2763; x_wconf 87' lang='lat' dir='ltr'><strong>animadvertit.</strong></span> <span class='ocrx_word' id='word_1_272' title='bbox 796 2720 865 2758; x_wconf 89' lang='lat' dir='ltr'><strong>ne</strong></span> <span class='ocrx_word' id='word_1_273' title='bbox 919 2713 1147 2760; x_wconf 66' lang='lat' dir='ltr'><strong>caeteros</strong></span> <span class='ocrx_word' id='word_1_274' title='bbox 1208 2705 1533 2765; x_wconf 86' lang='lat' dir='ltr'><strong>deterreret,</strong></span> <span class='ocrx_word' id='word_1_275' title='bbox 1594 2704 1899 2757; x_wconf 84' lang='lat' dir='ltr'><strong>remedium</strong></span> 
     </span>
    </p>
   </div>
   <div class='ocr_carea' id='block_1_43' title="bbox 319 2795 1907 2868">
    <p class='ocr_par' dir='ltr' id='par_1_43' title="bbox 319 2795 1907 2868">
     <span class='ocr_line' id='line_1_43' title="bbox 319 2795 1907 2868; baseline 0 -21"><span class='ocrx_word' id='word_1_276' title='bbox 319 2808 592 2861; x_wconf 69' lang='lat' dir='ltr'><strong>quaerens,</strong></span> <span class='ocrx_word' id='word_1_277' title='bbox 624 2795 760 2849; x_wconf 82' lang='lat' dir='ltr'><strong>clam</strong></span> <span class='ocrx_word' id='word_1_278' title='bbox 781 2812 902 2852; x_wconf 87' lang='lat' dir='ltr'><strong>sese</strong></span> <span class='ocrx_word' id='word_1_279' title='bbox 932 2812 1125 2868; x_wconf 72' lang='lat' dir='ltr'><strong>pugnae</strong></span> <span class='ocrx_word' id='word_1_280' title='bbox 1154 2797 1436 2851; x_wconf 84' lang='lat' dir='ltr'><strong>subduxit.</strong></span> <span class='ocrx_word' id='word_1_281' title='bbox 1481 2795 1585 2850; x_wconf 81' lang='lat' dir='ltr'><strong>Sed</strong></span> <span class='ocrx_word' id='word_1_282' title='bbox 1636 2796 1907 2849; x_wconf 55' lang='lat' dir='ltr'><strong>Constat»</strong></span> 
     </span>
    </p>
   </div>
   <div class='ocr_carea' id='block_1_44' title="bbox 321 2888 1899 2958">
    <p class='ocr_par' dir='ltr' id='par_1_44' title="bbox 321 2888 1899 2958">
     <span class='ocr_line' id='line_1_44' title="bbox 321 2888 1899 2958; baseline 0.001 -20"><span class='ocrx_word' id='word_1_283' title='bbox 321 2894 474 2945; x_wconf 87' lang='lat' dir='ltr'><strong>tinus</strong></span> <span class='ocrx_word' id='word_1_284' title='bbox 515 2889 833 2958; x_wconf 86' lang='lat' dir='ltr'><strong>imperator,</strong></span> <span class='ocrx_word' id='word_1_285' title='bbox 868 2900 925 2943; x_wconf 93' lang='lat' dir='ltr'><strong>ut</strong></span> <span class='ocrx_word' id='word_1_286' title='bbox 954 2891 1149 2945; x_wconf 85' lang='lat' dir='ltr'><strong>abesse</strong></span> <span class='ocrx_word' id='word_1_287' title='bbox 1196 2888 1571 2943; x_wconf 81' lang='lat' dir='ltr'><strong>Justinianum</strong></span> <span class='ocrx_word' id='word_1_288' title='bbox 1622 2888 1899 2958; x_wconf 79' lang='lat' dir='ltr'><strong>cognovit,</strong></span> 
     </span>
    </p>
   </div>
   <div class='ocr_carea' id='block_1_45' title="bbox 321 2982 1905 3052">
    <p class='ocr_par' dir='ltr' id='par_1_45' title="bbox 321 2982 1905 3052">
     <span class='ocr_line' id='line_1_45' title="bbox 321 2982 1905 3052; baseline -0.001 -17"><span class='ocrx_word' id='word_1_289' title='bbox 321 2996 434 3052; x_wconf 85' lang='lat' dir='ltr'><strong>quo</strong></span> <span class='ocrx_word' id='word_1_290' title='bbox 469 2983 592 3037; x_wconf 87' lang='lat' dir='ltr'><strong>ierit</strong></span> <span class='ocrx_word' id='word_1_291' title='bbox 614 2984 1017 3051; x_wconf 85' lang='lat' dir='ltr'><strong>percontatur?</strong></span> <span class='ocrx_word' id='word_1_292' title='bbox 1056 2983 1361 3047; x_wconf 82' lang='lat' dir='ltr'><strong>Proditum,</strong></span> <span class='ocrx_word' id='word_1_293' title='bbox 1394 2998 1456 3035; x_wconf 91' lang='lat' dir='ltr'><strong>ac</strong></span> <span class='ocrx_word' id='word_1_294' title='bbox 1486 2982 1794 3046; x_wconf 88' lang='lat' dir='ltr'><strong>inventum,</strong></span> <span class='ocrx_word' id='word_1_295' title='bbox 1838 2996 1905 3033; x_wconf 86' lang='lat' dir='ltr'><strong>ne</strong></span> 
     </span>
    </p>
   </div>
   <div class='ocr_carea' id='block_1_46' title="bbox 327 3072 1906 3143">
    <p class='ocr_par' dir='ltr' id='par_1_46' title="bbox 327 3072 1906 3143">
     <span class='ocr_line' id='line_1_46' title="bbox 327 3072 1906 3143; baseline -0.001 -18"><span class='ocrx_word' id='word_1_296' title='bbox 327 3089 559 3143; x_wconf 84' lang='lat' dir='ltr'><strong>pugnam</strong></span> <span class='ocrx_word' id='word_1_297' title='bbox 583 3074 821 3139; x_wconf 83' lang='lat' dir='ltr'><strong>deserat,</strong></span> <span class='ocrx_word' id='word_1_298' title='bbox 842 3077 1002 3129; x_wconf 80' lang='lat' dir='ltr'><strong>enixe</strong></span> <span class='ocrx_word' id='word_1_299' title='bbox 1017 3084 1190 3143; x_wconf 85' lang='lat' dir='ltr'><strong>rogat.</strong></span> <span class='ocrx_word' id='word_1_300' title='bbox 1216 3075 1310 3129; x_wconf 84' lang='lat' dir='ltr'><strong>Ille</strong></span> <span class='ocrx_word' id='word_1_301' title='bbox 1328 3075 1496 3129; x_wconf 84' lang='lat' dir='ltr'><strong>nihilo</strong></span> <span class='ocrx_word' id='word_1_302' title='bbox 1517 3074 1688 3141; x_wconf 85' lang='lat' dir='ltr'><strong>magis</strong></span> <span class='ocrx_word' id='word_1_303' title='bbox 1713 3072 1906 3135; x_wconf 84' lang='lat' dir='ltr'><strong>flexus,</strong></span> 
     </span>
    </p>
   </div>
   <div class='ocr_carea' id='block_1_47' title="bbox 322 3164 1896 3235">
    <p class='ocr_par' dir='ltr' id='par_1_47' title="bbox 322 3164 1896 3235">
     <span class='ocr_line' id='line_1_47' title="bbox 322 3164 1896 3235; baseline 0.001 -21"><span class='ocrx_word' id='word_1_304' title='bbox 322 3165 523 3233; x_wconf 82' lang='lat' dir='ltr'><strong>aperiri</strong></span> <span class='ocrx_word' id='word_1_305' title='bbox 570 3176 780 3235; x_wconf 86' lang='lat' dir='ltr'><strong>portam</strong></span> <span class='ocrx_word' id='word_1_306' title='bbox 840 3166 1019 3234; x_wconf 81' lang='lat' dir='ltr'><strong>jubet,</strong></span> <span class='ocrx_word' id='word_1_307' title='bbox 1081 3182 1187 3235; x_wconf 80' lang='lat' dir='ltr'><strong>qua</strong></span> <span class='ocrx_word' id='word_1_308' title='bbox 1247 3177 1543 3220; x_wconf 84' lang='lat' dir='ltr'><strong>curaturus</strong></span> <span class='ocrx_word' id='word_1_309' title='bbox 1594 3165 1790 3218; x_wconf 84' lang='lat' dir='ltr'><strong>vulnus</strong></span> <span class='ocrx_word' id='word_1_310' title='bbox 1842 3164 1896 3216; x_wconf 82' lang='lat' dir='ltr'><strong>in</strong></span> 
     </span>
    </p>
   </div>
   <div class='ocr_carea' id='block_1_48' title="bbox 321 3348 1904 3421">
    <p class='ocr_par' dir='ltr' id='par_1_48' title="bbox 321 3348 1904 3421">
     <span class='ocr_line' id='line_1_48' title="bbox 321 3348 1904 3421; baseline -0.001 -21"><span class='ocrx_word' id='word_1_311' title='bbox 321 3350 526 3417; x_wconf 84' lang='lat' dir='ltr'><strong>quibus</strong></span> <span class='ocrx_word' id='word_1_312' title='bbox 550 3351 616 3403; x_wconf 88' lang='lat' dir='ltr'><strong>ad</strong></span> <span class='ocrx_word' id='word_1_313' title='bbox 645 3353 1010 3405; x_wconf 88' lang='lat' dir='ltr'><strong>antemuralia</strong></span> <span class='ocrx_word' id='word_1_314' title='bbox 1045 3353 1269 3421; x_wconf 81' lang='lat' dir='ltr'><strong>patebat</strong></span> <span class='ocrx_word' id='word_1_315' title='bbox 1304 3352 1431 3414; x_wconf 83' lang='lat' dir='ltr'><strong>iter,</strong></span> <span class='ocrx_word' id='word_1_316' title='bbox 1460 3367 1527 3403; x_wconf 85' lang='lat' dir='ltr'><strong>ne</strong></span> <span class='ocrx_word' id='word_1_317' title='bbox 1557 3366 1662 3416; x_wconf 86' lang='lat' dir='ltr'><strong>qua</strong></span> <span class='ocrx_word' id='word_1_318' title='bbox 1692 3348 1904 3415; x_wconf 78' lang='lat' dir='ltr'><strong>fugien-</strong></span> 
     </span>
    </p>
   </div>
   <div class='ocr_carea' id='block_1_49' title="bbox 324 3440 1903 3515">
    <p class='ocr_par' dir='ltr' id='par_1_49' title="bbox 324 3440 1903 3515">
     <span class='ocr_line' id='line_1_49' title="bbox 324 3440 1903 3515; baseline -0.002 -21"><span class='ocrx_word' id='word_1_319' title='bbox 324 3444 376 3495; x_wconf 92' lang='lat' dir='ltr'><strong>di</strong></span> <span class='ocrx_word' id='word_1_320' title='bbox 410 3444 641 3501; x_wconf 78' lang='lat' dir='ltr'><strong>facultas</strong></span> <span class='ocrx_word' id='word_1_321' title='bbox 675 3445 833 3502; x_wconf 73' lang='lat' dir='ltr'><strong>milii</strong></span> <span class='ocrx_word' id='word_1_322' title='bbox 863 3454 1035 3505; x_wconf 79' lang='lat' dir='ltr'><strong>esset.</strong></span> <span class='ocrx_word' id='word_1_323' title='bbox 1080 3460 1143 3506; x_wconf 85' lang='lat' dir='ltr'><strong>ac</strong></span> <span class='ocrx_word' id='word_1_324' title='bbox 1174 3452 1465 3515; x_wconf 77' lang='lat' dir='ltr'><strong>propterea</strong></span> <span class='ocrx_word' id='word_1_325' title='bbox 1517 3444 1715 3498; x_wconf 84' lang='lat' dir='ltr'><strong>fortius</strong></span> <span class='ocrx_word' id='word_1_326' title='bbox 1763 3440 1903 3494; x_wconf 89' lang='lat' dir='ltr'><strong>hosti</strong></span> 
     </span>
    </p>
   </div>
   <div class='ocr_carea' id='block_1_50' title="bbox 326 3532 1902 3602">
    <p class='ocr_par' dir='ltr' id='par_1_50' title="bbox 326 3532 1902 3602">
     <span class='ocr_line' id='line_1_50' title="bbox 326 3532 1902 3602; baseline -0.003 -14"><span class='ocrx_word' id='word_1_327' title='bbox 326 3556 351 3588; x_wconf 88' lang='lat' dir='ltr'><strong>r</strong></span> <span class='ocrx_word' id='word_1_328' title='bbox 389 3538 657 3592; x_wconf 68' lang='lat' dir='ltr'><strong>sisteret:</strong></span> <span class='ocrx_word' id='word_1_329' title='bbox 700 3540 757 3593; x_wconf 89' lang='lat' dir='ltr'><strong>lit</strong></span> <span class='ocrx_word' id='word_1_330' title='bbox 804 3541 1013 3593; x_wconf 78' lang='lat' dir='ltr'><strong>interea</strong></span> <span class='ocrx_word' id='word_1_331' title='bbox 1073 3539 1359 3593; x_wconf 55' lang='lat' dir='ltr'><strong>remissior</strong></span> <span class='ocrx_word' id='word_1_332' title='bbox 1418 3536 1689 3597; x_wconf 76' lang='lat' dir='ltr'><strong>defensio,</strong></span> <span class='ocrx_word' id='word_1_333' title='bbox 1758 3532 1902 3602; x_wconf 88' lang='lat' dir='ltr'><strong>quod</strong></span> 
     </span>
    </p>
   </div>
   <div class='ocr_carea' id='block_1_51' title="bbox 324 3628 1903 3692">
    <p class='ocr_par' dir='ltr' id='par_1_51' title="bbox 324 3628 1903 3692">
     <span class='ocr_line' id='line_1_51' title="bbox 324 3628 1903 3692; baseline -0.001 -11"><span class='ocrx_word' id='word_1_334' title='bbox 324 3629 521 3684; x_wconf 68' lang='lat' dir='ltr'><strong>Turcze</strong></span> <span class='ocrx_word' id='word_1_335' title='bbox 561 3631 933 3692; x_wconf 85' lang='lat' dir='ltr'><strong>advertentes,</strong></span> <span class='ocrx_word' id='word_1_336' title='bbox 987 3631 1224 3684; x_wconf 73' lang='lat' dir='ltr'><strong>instante</strong></span> <span class='ocrx_word' id='word_1_337' title='bbox 1278 3631 1516 3683; x_wconf 78' lang='lat' dir='ltr'><strong>maxime</strong></span> <span class='ocrx_word' id='word_1_338' title='bbox 1579 3628 1903 3689; x_wconf 81' lang='lat' dir='ltr'><strong>Malmmete,</strong></span> 
     </span>
    </p>
   </div>
   <div class='ocr_carea' id='block_1_52' title="bbox 323 3722 1909 3791">
    <p class='ocr_par' dir='ltr' id='par_1_52' title="bbox 323 3722 1909 3791">
     <span class='ocr_line' id='line_1_52' title="bbox 323 3722 1909 3791; baseline -0.002 -16"><span class='ocrx_word' id='word_1_339' title='bbox 323 3723 510 3777; x_wconf 83' lang='lat' dir='ltr'><strong>acrius</strong></span> <span class='ocrx_word' id='word_1_340' title='bbox 544 3723 889 3777; x_wconf 80' lang='lat' dir='ltr'><strong>incumbunt.</strong></span> <span class='ocrx_word' id='word_1_341' title='bbox 928 3724 990 3777; x_wconf 86' lang='lat' dir='ltr'><strong>Et</strong></span> <span class='ocrx_word' id='word_1_342' title='bbox 1021 3725 1277 3791; x_wconf 90' lang='lat' dir='ltr'><strong>quoniam</strong></span> <span class='ocrx_word' id='word_1_343' title='bbox 1306 3737 1431 3791; x_wconf 88' lang='lat' dir='ltr'><strong>pars</strong></span> <span class='ocrx_word' id='word_1_344' title='bbox 1476 3725 1613 3774; x_wconf 89' lang='lat' dir='ltr'><strong>muri</strong></span> <span class='ocrx_word' id='word_1_345' title='bbox 1651 3722 1761 3789; x_wconf 89' lang='lat' dir='ltr'><strong>jam</strong></span> <span class='ocrx_word' id='word_1_346' title='bbox 1798 3729 1909 3773; x_wconf 78' lang='lat' dir='ltr'><strong>tor-</strong></span> 
     </span>
    </p>
   </div>
   <div class='ocr_carea' id='block_1_53' title="bbox 328 3814 1909 3883">
    <p class='ocr_par' dir='ltr' id='par_1_53' title="bbox 328 3814 1909 3883">
     <span class='ocr_line' id='line_1_53' title="bbox 328 3814 1909 3883; baseline -0.001 -18"><span class='ocrx_word' id='word_1_347' title='bbox 328 3816 529 3869; x_wconf 77' lang='lat' dir='ltr'><strong>mentis</strong></span> <span class='ocrx_word' id='word_1_348' title='bbox 598 3816 769 3870; x_wconf 75' lang='lat' dir='ltr'><strong>anteis</strong></span> <span class='ocrx_word' id='word_1_349' title='bbox 827 3815 1080 3883; x_wconf 74' lang='lat' dir='ltr'><strong>disiecta,</strong></span> <span class='ocrx_word' id='word_1_350' title='bbox 1137 3814 1337 3870; x_wconf 89' lang='lat' dir='ltr'><strong>fossam</strong></span> <span class='ocrx_word' id='word_1_351' title='bbox 1400 3829 1594 3883; x_wconf 85' lang='lat' dir='ltr'><strong>magna</strong></span> <span class='ocrx_word' id='word_1_352' title='bbox 1640 3828 1706 3866; x_wconf 82' lang='lat' dir='ltr'><strong>ex</strong></span> <span class='ocrx_word' id='word_1_353' title='bbox 1752 3820 1909 3881; x_wconf 87' lang='lat' dir='ltr'><strong>parte</strong></span> 
     </span>
    </p>
   </div>
   <div class='ocr_carea' id='block_1_54' title="bbox 323 3902 1909 3978">
    <p class='ocr_par' dir='ltr' id='par_1_54' title="bbox 323 3902 1909 3978">
     <span class='ocr_line' id='line_1_54' title="bbox 323 3902 1909 3978; baseline -0.003 -20"><span class='ocrx_word' id='word_1_354' title='bbox 323 3907 663 3978; x_wconf 74' lang='lat' dir='ltr'><strong>oppleverat.</strong></span> <span class='ocrx_word' id='word_1_355' title='bbox 685 3922 783 3975; x_wconf 88' lang='lat' dir='ltr'><strong>per</strong></span> <span class='ocrx_word' id='word_1_356' title='bbox 813 3907 1001 3962; x_wconf 85' lang='lat' dir='ltr'><strong>ruinas</strong></span> <span class='ocrx_word' id='word_1_357' title='bbox 1024 3908 1171 3974; x_wconf 78' lang='lat' dir='ltr'><strong>ipsas</strong></span> <span class='ocrx_word' id='word_1_358' title='bbox 1196 3907 1546 3966; x_wconf 82' lang='lat' dir='ltr'><strong>scandentes,</strong></span> <span class='ocrx_word' id='word_1_359' title='bbox 1569 3902 1909 3959; x_wconf 85' lang='lat' dir='ltr'><strong>autemurale</strong></span> 
     </span>
    </p>
   </div>
   <div class='ocr_carea' id='block_1_55' title="bbox 324 3997 1909 4068">
    <p class='ocr_par' dir='ltr' id='par_1_55' title="bbox 324 3997 1909 4068">
     <span class='ocr_line' id='line_1_55' title="bbox 324 3997 1909 4068; baseline -0.005 -13"><span class='ocrx_word' id='word_1_360' title='bbox 324 4000 731 4063; x_wconf 77' lang='lat' dir='ltr'><strong>conscendunt,</strong></span> <span class='ocrx_word' id='word_1_361' title='bbox 786 3999 1119 4068; x_wconf 69' lang='lat' dir='ltr'><strong>Graii-osque</strong></span> <span class='ocrx_word' id='word_1_362' title='bbox 1172 4002 1493 4068; x_wconf 85' lang='lat' dir='ltr'><strong>perterritos</strong></span> <span class='ocrx_word' id='word_1_363' title='bbox 1536 3998 1656 4054; x_wconf 86' lang='lat' dir='ltr'><strong>loco</strong></span> <span class='ocrx_word' id='word_1_364' title='bbox 1715 3997 1909 4051; x_wconf 85' lang='lat' dir='ltr'><strong>detur-</strong></span> 
     </span>
    </p>
   </div>
   <div class='ocr_carea' id='block_1_56' title="bbox 324 4088 1911 4163">
    <p class='ocr_par' dir='ltr' id='par_1_56' title="bbox 324 4088 1911 4163">
     <span class='ocr_line' id='line_1_56' title="bbox 324 4088 1911 4163; baseline -0.004 -17"><span class='ocrx_word' id='word_1_365' title='bbox 324 4097 481 4149; x_wconf 65' lang='lat' dir='ltr'><strong>bant.</strong></span> <span class='ocrx_word' id='word_1_366' title='bbox 507 4094 687 4155; x_wconf 82' lang='lat' dir='ltr'><strong>Porta,</strong></span> <span class='ocrx_word' id='word_1_367' title='bbox 710 4108 827 4163; x_wconf 86' lang='lat' dir='ltr'><strong>quae</strong></span> <span class='ocrx_word' id='word_1_368' title='bbox 844 4092 1152 4149; x_wconf 83' lang='lat' dir='ltr'><strong>Justiniano</strong></span> <span class='ocrx_word' id='word_1_369' title='bbox 1171 4093 1637 4159; x_wconf 80' lang='lat' dir='ltr'><strong>sanciopatuerat,</strong></span> <span class='ocrx_word' id='word_1_370' title='bbox 1656 4088 1911 4140; x_wconf 88' lang='lat' dir='ltr'><strong>omnibus</strong></span> 
     </span>
    </p>
   </div>
   <div class='ocr_carea' id='block_1_57' title="bbox 326 4178 1910 4253">
    <p class='ocr_par' dir='ltr' id='par_1_57' title="bbox 326 4178 1910 4253">
     <span class='ocr_line' id='line_1_57' title="bbox 326 4178 1910 4253; baseline -0.004 -19"><span class='ocrx_word' id='word_1_371' title='bbox 326 4192 517 4248; x_wconf 72' lang='lat' dir='ltr'><strong>aperta</strong></span> <span class='ocrx_word' id='word_1_372' title='bbox 556 4181 734 4253; x_wconf 85' lang='lat' dir='ltr'><strong>fugam</strong></span> <span class='ocrx_word' id='word_1_373' title='bbox 786 4183 1152 4251; x_wconf 78' lang='lat' dir='ltr'><strong>profusiorem</strong></span> <span class='ocrx_word' id='word_1_374' title='bbox 1203 4180 1401 4234; x_wconf 88' lang='lat' dir='ltr'><strong>reddit.</strong></span> <span class='ocrx_word' id='word_1_375' title='bbox 1440 4180 1594 4234; x_wconf 84' lang='lat' dir='ltr'><strong>Tunc</strong></span> <span class='ocrx_word' id='word_1_376' title='bbox 1638 4178 1910 4232; x_wconf 79' lang='lat' dir='ltr'><strong>Constan-</strong></span> 
     </span>
    </p>
   </div>
   <div class='ocr_carea' id='block_1_58' title="bbox 321 4271 1910 4344">
    <p class='ocr_par' dir='ltr' id='par_1_58' title="bbox 321 4271 1910 4344">
     <span class='ocr_line' id='line_1_58' title="bbox 321 4271 1910 4344; baseline -0.001 -17"><span class='ocrx_word' id='word_1_377' title='bbox 321 4278 503 4340; x_wconf 83' lang='lat' dir='ltr'><strong>tinus,</strong></span> <span class='ocrx_word' id='word_1_378' title='bbox 537 4290 645 4330; x_wconf 90' lang='lat' dir='ltr'><strong>non</strong></span> <span class='ocrx_word' id='word_1_379' title='bbox 682 4282 742 4326; x_wconf 92' lang='lat' dir='ltr'><strong>nt</strong></span> <span class='ocrx_word' id='word_1_380' title='bbox 771 4276 1161 4344; x_wconf 75' lang='lat' dir='ltr'><strong>imperatorem</strong></span> <span class='ocrx_word' id='word_1_381' title='bbox 1220 4274 1429 4336; x_wconf 85' lang='lat' dir='ltr'><strong>decuit,</strong></span> <span class='ocrx_word' id='word_1_382' title='bbox 1458 4272 1769 4340; x_wconf 84' lang='lat' dir='ltr'><strong>pugnando,</strong></span> <span class='ocrx_word' id='word_1_383' title='bbox 1815 4271 1910 4325; x_wconf 80' lang='lat' dir='ltr'><strong>sed</strong></span> 
     </span>
    </p>
   </div>
   <div class='ocr_carea' id='block_1_59' title="bbox 328 4362 1907 4439">
    <p class='ocr_par' dir='ltr' id='par_1_59' title="bbox 328 4362 1907 4439">
     <span class='ocr_line' id='line_1_59' title="bbox 328 4362 1907 4439; baseline -0.003 -20"><span class='ocrx_word' id='word_1_384' title='bbox 328 4368 549 4439; x_wconf 80' lang='lat' dir='ltr'><strong>fugiens</strong></span> <span class='ocrx_word' id='word_1_385' title='bbox 608 4367 662 4421; x_wconf 89' lang='lat' dir='ltr'><strong>in</strong></span> <span class='ocrx_word' id='word_1_386' title='bbox 708 4366 844 4437; x_wconf 86' lang='lat' dir='ltr'><strong>ipsis</strong></span> <span class='ocrx_word' id='word_1_387' title='bbox 893 4374 1064 4434; x_wconf 69' lang='lat' dir='ltr'><strong>porta!</strong></span> <span class='ocrx_word' id='word_1_388' title='bbox 1097 4366 1389 4436; x_wconf 70' lang='lat' dir='ltr'><strong>angustiis,</strong></span> <span class='ocrx_word' id='word_1_389' title='bbox 1434 4380 1559 4421; x_wconf 85' lang='lat' dir='ltr'><strong>eum</strong></span> <span class='ocrx_word' id='word_1_390' title='bbox 1597 4362 1907 4426; x_wconf 77' lang='lat' dir='ltr'><strong>cecidisset,</strong></span> 
     </span>
    </p>
   </div>
   <div class='ocr_carea' id='block_1_60' title="bbox 325 4455 1912 4529">
    <p class='ocr_par' dir='ltr' id='par_1_60' title="bbox 325 4455 1912 4529">
     <span class='ocr_line' id='line_1_60' title="bbox 325 4455 1912 4529; baseline -0.002 -17"><span class='ocrx_word' id='word_1_391' title='bbox 325 4460 735 4529; x_wconf 50' lang='lat' dir='ltr'><strong>erumpentium</strong></span> <span class='ocrx_word' id='word_1_392' title='bbox 784 4458 1132 4514; x_wconf 84' lang='lat' dir='ltr'><strong>multitudine</strong></span> <span class='ocrx_word' id='word_1_393' title='bbox 1187 4471 1501 4525; x_wconf 75' lang='lat' dir='ltr'><strong>oppressus,</strong></span> <span class='ocrx_word' id='word_1_394' title='bbox 1557 4455 1912 4525; x_wconf 82' lang='lat' dir='ltr'><strong>calcatusque</strong></span> 
     </span>
    </p>
   </div>
   <div class='ocr_carea' id='block_1_61' title="bbox 325 3224 1963 3323">
    <p class='ocr_par' dir='ltr' id='par_1_61' title="bbox 325 3224 1963 3323">
     <span class='ocr_line' id='line_1_61' title="bbox 325 3224 1963 3323; baseline -0.001 -15"><span class='ocrx_word' id='word_1_395' title='bbox 325 3257 513 3313; x_wconf 88' lang='lat' dir='ltr'><strong>urbem</strong></span> <span class='ocrx_word' id='word_1_396' title='bbox 542 3258 744 3311; x_wconf 85' lang='lat' dir='ltr'><strong>redeat.</strong></span> <span class='ocrx_word' id='word_1_397' title='bbox 788 3258 957 3315; x_wconf 81' lang='lat' dir='ltr'><strong>Erant</strong></span> <span class='ocrx_word' id='word_1_398' title='bbox 1012 3260 1159 3313; x_wconf 91' lang='lat' dir='ltr'><strong>cnim</strong></span> <span class='ocrx_word' id='word_1_399' title='bbox 1214 3260 1483 3314; x_wconf 64' lang='lat' dir='ltr'><strong>obseratae</strong></span> <span class='ocrx_word' id='word_1_400' title='bbox 1516 3258 1665 3311; x_wconf 66' lang='lat' dir='ltr'><strong>urbis</strong></span> <span class='ocrx_word' id='word_1_401' title='bbox 1690 3257 1890 3323; x_wconf 64' lang='lat' dir='ltr'><strong>ianum.</strong></span> <span class='ocrx_word' id='word_1_402' title='bbox 1922 3224 1963 3276; x_wconf 56' lang='grc' dir='ltr'><strong>Ο</strong></span> 
     </span>
    </p>
   </div>
   <div class='ocr_carea' id='block_1_62' title="bbox 1998 1965 3574 2040">
    <p class='ocr_par' dir='ltr' id='par_1_62' title="bbox 1998 1965 3574 2040">
     <span class='ocr_line' id='line_1_62' title="bbox 1998 1965 3574 2040; baseline -0.003 -17"><span class='ocrx_word' id='word_1_403' title='bbox 1998 1971 2258 2036; x_wconf 88' lang='lat' dir='ltr'><strong>traheret,</strong></span> <span class='ocrx_word' id='word_1_404' title='bbox 2294 1971 2504 2040; x_wconf 89' lang='lat' dir='ltr'><strong>majore</strong></span> <span class='ocrx_word' id='word_1_405' title='bbox 2528 1972 2761 2025; x_wconf 82' lang='lat' dir='ltr'><strong>aliorum</strong></span> <span class='ocrx_word' id='word_1_406' title='bbox 2798 1970 2848 2022; x_wconf 85' lang='lat' dir='ltr'><strong>vi</strong></span> <span class='ocrx_word' id='word_1_407' title='bbox 2904 1967 3284 2022; x_wconf 87' lang='lat' dir='ltr'><strong>truncabatur.</strong></span> <span class='ocrx_word' id='word_1_408' title='bbox 3325 1965 3574 2034; x_wconf 86' lang='lat' dir='ltr'><strong>Cumque</strong></span> 
     </span>
    </p>
   </div>
   <div class='ocr_carea' id='block_1_63' title="bbox 1998 2060 3574 2125">
    <p class='ocr_par' dir='ltr' id='par_1_63' title="bbox 1998 2060 3574 2125">
     <span class='ocr_line' id='line_1_63' title="bbox 1998 2060 3574 2125; baseline 0.001 -11"><span class='ocrx_word' id='word_1_409' title='bbox 1998 2063 2049 2115; x_wconf 92' lang='lat' dir='ltr'><strong>in</strong></span> <span class='ocrx_word' id='word_1_410' title='bbox 2077 2064 2321 2118; x_wconf 83' lang='lat' dir='ltr'><strong>exercitu</strong></span> <span class='ocrx_word' id='word_1_411' title='bbox 2349 2065 2590 2119; x_wconf 81' lang='lat' dir='ltr'><strong>maximo</strong></span> <span class='ocrx_word' id='word_1_412' title='bbox 2625 2079 2689 2117; x_wconf 88' lang='lat' dir='ltr'><strong>ac</strong></span> <span class='ocrx_word' id='word_1_413' title='bbox 2718 2065 2968 2125; x_wconf 82' lang='lat' dir='ltr'><strong>dissono.</strong></span> <span class='ocrx_word' id='word_1_414' title='bbox 3019 2080 3087 2118; x_wconf 78' lang='lat' dir='ltr'><strong>ex</strong></span> <span class='ocrx_word' id='word_1_415' title='bbox 3145 2064 3360 2118; x_wconf 88' lang='lat' dir='ltr'><strong>civibus</strong></span> <span class='ocrx_word' id='word_1_416' title='bbox 3410 2060 3574 2116; x_wconf 74' lang='lat' dir='ltr'><strong>sociis</strong></span> 
     </span>
    </p>
   </div>
   <div class='ocr_carea' id='block_1_64' title="bbox 1998 2155 3574 2225">
    <p class='ocr_par' dir='ltr' id='par_1_64' title="bbox 1998 2155 3574 2225">
     <span class='ocr_line' id='line_1_64' title="bbox 1998 2155 3574 2225; baseline -0.001 -16"><span class='ocrx_word' id='word_1_417' title='bbox 1998 2164 2161 2225; x_wconf 88' lang='lat' dir='ltr'><strong>atque</strong></span> <span class='ocrx_word' id='word_1_418' title='bbox 2182 2156 2424 2211; x_wconf 88' lang='lat' dir='ltr'><strong>externis</strong></span> <span class='ocrx_word' id='word_1_419' title='bbox 2446 2155 2695 2224; x_wconf 76' lang='lat' dir='ltr'><strong>conﬂato,</strong></span> <span class='ocrx_word' id='word_1_420' title='bbox 2729 2157 2960 2211; x_wconf 59' lang='lat' dir='ltr'><strong>diversae</strong></span> <span class='ocrx_word' id='word_1_421' title='bbox 2985 2159 3204 2224; x_wconf 61' lang='lat' dir='ltr'><strong>lingua‘,</strong></span> <span class='ocrx_word' id='word_1_422' title='bbox 3234 2157 3368 2210; x_wconf 92' lang='lat' dir='ltr'><strong>varii</strong></span> <span class='ocrx_word' id='word_1_423' title='bbox 3394 2170 3574 2208; x_wconf 84' lang='lat' dir='ltr'><strong>mores</strong></span> 
     </span>
    </p>
   </div>
   <div class='ocr_carea' id='block_1_65' title="bbox 1999 2248 3569 2318">
    <p class='ocr_par' dir='ltr' id='par_1_65' title="bbox 1999 2248 3569 2318">
     <span class='ocr_line' id='line_1_65' title="bbox 1999 2248 3569 2318; baseline 0 -17"><span class='ocrx_word' id='word_1_424' title='bbox 1999 2259 2159 2316; x_wconf 83' lang='lat' dir='ltr'><strong>atque</strong></span> <span class='ocrx_word' id='word_1_425' title='bbox 2197 2248 2479 2316; x_wconf 80' lang='lat' dir='ltr'><strong>cupidines</strong></span> <span class='ocrx_word' id='word_1_426' title='bbox 2516 2260 2719 2314; x_wconf 88' lang='lat' dir='ltr'><strong>essent,</strong></span> <span class='ocrx_word' id='word_1_427' title='bbox 2762 2250 2906 2303; x_wconf 89' lang='lat' dir='ltr'><strong>aliud</strong></span> <span class='ocrx_word' id='word_1_428' title='bbox 2937 2253 3133 2318; x_wconf 85' lang='lat' dir='ltr'><strong>cuique</strong></span> <span class='ocrx_word' id='word_1_429' title='bbox 3161 2251 3244 2304; x_wconf 91' lang='lat' dir='ltr'><strong>fas</strong></span> <span class='ocrx_word' id='word_1_430' title='bbox 3279 2248 3569 2315; x_wconf 85' lang='lat' dir='ltr'><strong>nefasque,</strong></span> 
     </span>
    </p>
   </div>
   <div class='ocr_carea' id='block_1_66' title="bbox 2002 2340 3572 2409">
    <p class='ocr_par' dir='ltr' id='par_1_66' title="bbox 2002 2340 3572 2409">
     <span class='ocr_line' id='line_1_66' title="bbox 2002 2340 3572 2409; baseline 0.002 -17"><span class='ocrx_word' id='word_1_431' title='bbox 2002 2341 2133 2393; x_wconf 81' lang='lat' dir='ltr'><strong>nihil</strong></span> <span class='ocrx_word' id='word_1_432' title='bbox 2180 2341 2428 2395; x_wconf 89' lang='lat' dir='ltr'><strong>illicitum</strong></span> <span class='ocrx_word' id='word_1_433' title='bbox 2483 2352 2597 2394; x_wconf 87' lang='lat' dir='ltr'><strong>toto</strong></span> <span class='ocrx_word' id='word_1_434' title='bbox 2656 2342 2841 2395; x_wconf 89' lang='lat' dir='ltr'><strong>triduo</strong></span> <span class='ocrx_word' id='word_1_435' title='bbox 2900 2340 3389 2409; x_wconf 86' lang='lat' dir='ltr'><strong>Constantinopoli</strong></span> <span class='ocrx_word' id='word_1_436' title='bbox 3447 2340 3572 2395; x_wconf 90' lang='lat' dir='ltr'><strong>fuit.</strong></span> 
     </span>
    </p>
   </div>
   <div class='ocr_carea' id='block_1_67' title="bbox 2001 2432 3572 2503">
    <p class='ocr_par' dir='ltr' id='par_1_67' title="bbox 2001 2432 3572 2503">
     <span class='ocr_line' id='line_1_67' title="bbox 2001 2432 3572 2503; baseline -0.001 -15"><span class='ocrx_word' id='word_1_437' title='bbox 2001 2432 2285 2501; x_wconf 78' lang='lat' dir='ltr'><strong>Templum</strong></span> <span class='ocrx_word' id='word_1_438' title='bbox 2324 2433 2565 2499; x_wconf 73' lang='lat' dir='ltr'><strong>Sephiae,</strong></span> <span class='ocrx_word' id='word_1_439' title='bbox 2599 2432 2897 2489; x_wconf 82' lang='lat' dir='ltr'><strong>Justiniani</strong></span> <span class='ocrx_word' id='word_1_440' title='bbox 2956 2434 3191 2489; x_wconf 67' lang='lat' dir='ltr'><strong>Ctesaris</strong></span> <span class='ocrx_word' id='word_1_441' title='bbox 3253 2449 3414 2503; x_wconf 86' lang='lat' dir='ltr'><strong>opus.</strong></span> <span class='ocrx_word' id='word_1_442' title='bbox 3458 2440 3572 2486; x_wconf 92' lang='lat' dir='ltr'><strong>toto</strong></span> 
     </span>
    </p>
   </div>
   <div class='ocr_carea' id='block_1_68' title="bbox 2000 2524 3576 2593">
    <p class='ocr_par' dir='ltr' id='par_1_68' title="bbox 2000 2524 3576 2593">
     <span class='ocr_line' id='line_1_68' title="bbox 2000 2524 3576 2593; baseline -0.003 -14"><span class='ocrx_word' id='word_1_443' title='bbox 2000 2528 2133 2580; x_wconf 88' lang='lat' dir='ltr'><strong>orbe</strong></span> <span class='ocrx_word' id='word_1_444' title='bbox 2184 2527 2562 2591; x_wconf 82' lang='lat' dir='ltr'><strong>decantatum,</strong></span> <span class='ocrx_word' id='word_1_445' title='bbox 2610 2534 2663 2579; x_wconf 90' lang='lat' dir='ltr'><strong>et</strong></span> <span class='ocrx_word' id='word_1_446' title='bbox 2713 2527 2797 2579; x_wconf 88' lang='lat' dir='ltr'><strong>cui</strong></span> <span class='ocrx_word' id='word_1_447' title='bbox 2863 2525 3173 2593; x_wconf 87' lang='lat' dir='ltr'><strong>comparari</strong></span> <span class='ocrx_word' id='word_1_448' title='bbox 3226 2524 3457 2577; x_wconf 89' lang='lat' dir='ltr'><strong>alterum</strong></span> <span class='ocrx_word' id='word_1_449' title='bbox 3510 2538 3576 2575; x_wconf 89' lang='lat' dir='ltr'><strong>eo</strong></span> 
     </span>
    </p>
   </div>
   <div class='ocr_carea' id='block_1_69' title="bbox 2002 2615 3577 2689">
    <p class='ocr_par' dir='ltr' id='par_1_69' title="bbox 2002 2615 3577 2689">
     <span class='ocr_line' id='line_1_69' title="bbox 2002 2615 3577 2689; baseline -0.003 -16"><span class='ocrx_word' id='word_1_450' title='bbox 2002 2633 2244 2689; x_wconf 87' lang='lat' dir='ltr'><strong>tempore</strong></span> <span class='ocrx_word' id='word_1_451' title='bbox 2280 2636 2388 2673; x_wconf 89' lang='lat' dir='ltr'><strong>non</strong></span> <span class='ocrx_word' id='word_1_452' title='bbox 2436 2622 2630 2689; x_wconf 88' lang='lat' dir='ltr'><strong>potuit,</strong></span> <span class='ocrx_word' id='word_1_453' title='bbox 2680 2622 2944 2674; x_wconf 76' lang='lat' dir='ltr'><strong>ntfdatum</strong></span> <span class='ocrx_word' id='word_1_454' title='bbox 3011 2634 3164 2671; x_wconf 82' lang='lat' dir='ltr'><strong>sacra</strong></span> <span class='ocrx_word' id='word_1_455' title='bbox 3226 2615 3577 2686; x_wconf 70' lang='lat' dir='ltr'><strong>supellecrili,</strong></span> 
     </span>
    </p>
   </div>
   <div class='ocr_carea' id='block_1_70' title="bbox 2004 2711 3583 2781">
    <p class='ocr_par' dir='ltr' id='par_1_70' title="bbox 2004 2711 3583 2781">
     <span class='ocr_line' id='line_1_70' title="bbox 2004 2711 3583 2781; baseline -0.003 -13"><span class='ocrx_word' id='word_1_456' title='bbox 2004 2716 2069 2768; x_wconf 82' lang='lat' dir='ltr'><strong>ad</strong></span> <span class='ocrx_word' id='word_1_457' title='bbox 2099 2730 2291 2769; x_wconf 89' lang='lat' dir='ltr'><strong>omnes</strong></span> <span class='ocrx_word' id='word_1_458' title='bbox 2324 2714 2621 2780; x_wconf 73' lang='lat' dir='ltr'><strong>spurcities</strong></span> <span class='ocrx_word' id='word_1_459' title='bbox 2651 2714 2828 2781; x_wconf 89' lang='lat' dir='ltr'><strong>patuit</strong></span> <span class='ocrx_word' id='word_1_460' title='bbox 2861 2732 2874 2767; x_wconf 87' lang='lat'><strong>:</strong></span> <span class='ocrx_word' id='word_1_461' title='bbox 2912 2728 3146 2781; x_wconf 89' lang='lat' dir='ltr'><strong>namque</strong></span> <span class='ocrx_word' id='word_1_462' title='bbox 3193 2711 3317 2765; x_wconf 92' lang='lat' dir='ltr'><strong>illuc</strong></span> <span class='ocrx_word' id='word_1_463' title='bbox 3340 2711 3387 2763; x_wconf 90' lang='lat' dir='ltr'><strong>vi</strong></span> <span class='ocrx_word' id='word_1_464' title='bbox 3456 2725 3583 2779; x_wconf 87' lang='lat' dir='ltr'><strong>per-</strong></span> 
     </span>
    </p>
   </div>
   <div class='ocr_carea' id='block_1_71' title="bbox 2006 2802 3581 2875">
    <p class='ocr_par' dir='ltr' id='par_1_71' title="bbox 2006 2802 3581 2875">
     <span class='ocr_line' id='line_1_71' title="bbox 2006 2802 3581 2875; baseline -0.004 -14"><span class='ocrx_word' id='word_1_465' title='bbox 2006 2818 2189 2861; x_wconf 78' lang='lat' dir='ltr'><strong>tractae</strong></span> <span class='ocrx_word' id='word_1_466' title='bbox 2228 2808 2460 2875; x_wconf 62' lang='lat' dir='ltr'><strong>captivae</strong></span> <span class='ocrx_word' id='word_1_467' title='bbox 2491 2808 2729 2874; x_wconf 75' lang='lat' dir='ltr'><strong>virgines</strong></span> <span class='ocrx_word' id='word_1_468' title='bbox 2754 2821 2924 2859; x_wconf 64' lang='lat' dir='ltr'><strong>sacrae</strong></span> <span class='ocrx_word' id='word_1_469' title='bbox 2956 2815 3121 2872; x_wconf 80' lang='lat' dir='ltr'><strong>atque</strong></span> <span class='ocrx_word' id='word_1_470' title='bbox 3177 2803 3443 2874; x_wconf 64' lang='lat' dir='ltr'><strong>profanae.</strong></span> <span class='ocrx_word' id='word_1_471' title='bbox 3498 2802 3581 2855; x_wconf 82' lang='lat' dir='ltr'><strong>vi-</strong></span> 
     </span>
    </p>
   </div>
   <div class='ocr_carea' id='block_1_72' title="bbox 2005 2896 3578 2968">
    <p class='ocr_par' dir='ltr' id='par_1_72' title="bbox 2005 2896 3578 2968">
     <span class='ocr_line' id='line_1_72' title="bbox 2005 2896 3578 2968; baseline -0.002 -16"><span class='ocrx_word' id='word_1_472' title='bbox 2005 2902 2125 2953; x_wconf 71' lang='lat' dir='ltr'><strong>dum</strong></span> <span class='ocrx_word' id='word_1_473' title='bbox 2146 2910 2308 2968; x_wconf 84' lang='lat' dir='ltr'><strong>atque</strong></span> <span class='ocrx_word' id='word_1_474' title='bbox 2346 2909 2626 2964; x_wconf 62' lang='lat' dir='ltr'><strong>matronm,</strong></span> <span class='ocrx_word' id='word_1_475' title='bbox 2664 2901 2940 2952; x_wconf 88' lang='lat' dir='ltr'><strong>decennes</strong></span> <span class='ocrx_word' id='word_1_476' title='bbox 2973 2899 3138 2951; x_wconf 80' lang='lat' dir='ltr'><strong>etiam</strong></span> <span class='ocrx_word' id='word_1_477' title='bbox 3201 2896 3353 2964; x_wconf 83' lang='lat' dir='ltr'><strong>pueri</strong></span> <span class='ocrx_word' id='word_1_478' title='bbox 3411 2904 3578 2964; x_wconf 83' lang='lat' dir='ltr'><strong>atque</strong></span> 
     </span>
    </p>
   </div>
   <div class='ocr_carea' id='block_1_73' title="bbox 2008 2988 3584 3062">
    <p class='ocr_par' dir='ltr' id='par_1_73' title="bbox 2008 2988 3584 3062">
     <span class='ocr_line' id='line_1_73' title="bbox 2008 2988 3584 3062; baseline -0.003 -17"><span class='ocrx_word' id='word_1_479' title='bbox 2008 2992 2551 3062; x_wconf 69' lang='lat' dir='ltr'><strong>pucllze,inexplcbili</strong></span> <span class='ocrx_word' id='word_1_480' title='bbox 2586 2991 3072 3057; x_wconf 85' lang='lat' dir='ltr'><strong>spurcissimorum</strong></span> <span class='ocrx_word' id='word_1_481' title='bbox 3110 3004 3309 3041; x_wconf 86' lang='lat' dir='ltr'><strong>canum</strong></span> <span class='ocrx_word' id='word_1_482' title='bbox 3368 2988 3584 3041; x_wconf 66' lang='lat' dir='ltr'><strong>libidini</strong></span> 
     </span>
    </p>
   </div>
   <div class='ocr_carea' id='block_1_74' title="bbox 2007 3080 3580 3144">
    <p class='ocr_par' dir='ltr' id='par_1_74' title="bbox 2007 3080 3580 3144">
     <span class='ocr_line' id='line_1_74' title="bbox 2007 3080 3580 3144; baseline -0.001 -11"><span class='ocrx_word' id='word_1_483' title='bbox 2007 3092 2062 3134; x_wconf 71' lang='lat' dir='ltr'><strong>et</strong></span> <span class='ocrx_word' id='word_1_484' title='bbox 2090 3084 2332 3144; x_wconf 71' lang='lat' dir='ltr'><strong>luxuriae,</strong></span> <span class='ocrx_word' id='word_1_485' title='bbox 2362 3084 2534 3134; x_wconf 81' lang='lat' dir='ltr'><strong>donec</strong></span> <span class='ocrx_word' id='word_1_486' title='bbox 2558 3080 2803 3133; x_wconf 76' lang='lat' dir='ltr'><strong>efflarent</strong></span> <span class='ocrx_word' id='word_1_487' title='bbox 2850 3082 3082 3143; x_wconf 85' lang='lat' dir='ltr'><strong>animas,</strong></span> <span class='ocrx_word' id='word_1_488' title='bbox 3121 3080 3392 3133; x_wconf 86' lang='lat' dir='ltr'><strong>inservire</strong></span> <span class='ocrx_word' id='word_1_489' title='bbox 3449 3088 3580 3133; x_wconf 89' lang='lat' dir='ltr'><strong>sunt</strong></span> 
     </span>
    </p>
   </div>
   <div class='ocr_carea' id='block_1_75' title="bbox 2009 3172 3584 3241">
    <p class='ocr_par' dir='ltr' id='par_1_75' title="bbox 2009 3172 3584 3241">
     <span class='ocr_line' id='line_1_75' title="bbox 2009 3172 3584 3241; baseline -0.003 -13"><span class='ocrx_word' id='word_1_490' title='bbox 2009 3188 2228 3228; x_wconf 57' lang='lat' dir='ltr'><strong>coactis.</strong></span> <span class='ocrx_word' id='word_1_491' title='bbox 2256 3175 2391 3228; x_wconf 81' lang='lat' dir='ltr'><strong>Ossa</strong></span> <span class='ocrx_word' id='word_1_492' title='bbox 2430 3182 2749 3241; x_wconf 85' lang='lat' dir='ltr'><strong>martyrum,</strong></span> <span class='ocrx_word' id='word_1_493' title='bbox 2781 3189 2902 3241; x_wconf 64' lang='lat' dir='ltr'><strong>qum</strong></span> <span class='ocrx_word' id='word_1_494' title='bbox 2957 3172 3176 3225; x_wconf 78' lang='lat' dir='ltr'><strong>fuerant</strong></span> <span class='ocrx_word' id='word_1_495' title='bbox 3212 3174 3264 3225; x_wconf 90' lang='lat' dir='ltr'><strong>in</strong></span> <span class='ocrx_word' id='word_1_496' title='bbox 3307 3173 3395 3225; x_wconf 88' lang='lat' dir='ltr'><strong>illa</strong></span> <span class='ocrx_word' id='word_1_497' title='bbox 3448 3174 3584 3224; x_wconf 82' lang='lat' dir='ltr'><strong>urbe</strong></span> 
     </span>
    </p>
   </div>
   <div class='ocr_carea' id='block_1_76' title="bbox 2008 3265 3581 3336">
    <p class='ocr_par' dir='ltr' id='par_1_76' title="bbox 2008 3265 3581 3336">
     <span class='ocr_line' id='line_1_76' title="bbox 2008 3265 3581 3336; baseline -0.002 -18"><span class='ocrx_word' id='word_1_498' title='bbox 2008 3268 2418 3336; x_wconf 70' lang='lat' dir='ltr'><strong>pretiosissima,</strong></span> <span class='ocrx_word' id='word_1_499' title='bbox 2455 3267 2909 3334; x_wconf 80' lang='lat' dir='ltr'><strong>canibusobjecta</strong></span> <span class='ocrx_word' id='word_1_500' title='bbox 2934 3276 2985 3318; x_wconf 90' lang='lat' dir='ltr'><strong>et</strong></span> <span class='ocrx_word' id='word_1_501' title='bbox 3017 3265 3226 3318; x_wconf 88' lang='lat' dir='ltr'><strong>suibus.</strong></span> <span class='ocrx_word' id='word_1_502' title='bbox 3254 3265 3581 3318; x_wconf 71' lang='lat' dir='ltr'><strong>Sanctorum</strong></span> 
     </span>
    </p>
   </div>
   <div class='ocr_carea' id='block_1_77' title="bbox 2009 3356 3575 3425">
    <p class='ocr_par' dir='ltr' id='par_1_77' title="bbox 2009 3356 3575 3425">
     <span class='ocr_line' id='line_1_77' title="bbox 2009 3356 3575 3425; baseline -0.001 -15"><span class='ocrx_word' id='word_1_503' title='bbox 2009 3358 2269 3425; x_wconf 81' lang='lat' dir='ltr'><strong>imagines</strong></span> <span class='ocrx_word' id='word_1_504' title='bbox 2297 3368 2389 3410; x_wconf 90' lang='lat' dir='ltr'><strong>aut</strong></span> <span class='ocrx_word' id='word_1_505' title='bbox 2415 3358 2527 3409; x_wconf 90' lang='lat' dir='ltr'><strong>luto</strong></span> <span class='ocrx_word' id='word_1_506' title='bbox 2560 3356 2777 3410; x_wconf 71' lang='lat' dir='ltr'><strong>fietlatae</strong></span> <span class='ocrx_word' id='word_1_507' title='bbox 2810 3366 2901 3408; x_wconf 85' lang='lat' dir='ltr'><strong>aut</strong></span> <span class='ocrx_word' id='word_1_508' title='bbox 2939 3356 3087 3409; x_wconf 86' lang='lat' dir='ltr'><strong>ferro</strong></span> <span class='ocrx_word' id='word_1_509' title='bbox 3128 3356 3340 3420; x_wconf 64' lang='lat' dir='ltr'><strong>deletae,</strong></span> <span class='ocrx_word' id='word_1_510' title='bbox 3379 3358 3575 3409; x_wconf 71' lang='lat' dir='ltr'><strong>altaria</strong></span> 
     </span>
    </p>
   </div>
   <div class='ocr_carea' id='block_1_78' title="bbox 2007 3450 3585 3518">
    <p class='ocr_par' dir='ltr' id='par_1_78' title="bbox 2007 3450 3585 3518">
     <span class='ocr_line' id='line_1_78' title="bbox 2007 3450 3585 3518; baseline -0.001 -15"><span class='ocrx_word' id='word_1_511' title='bbox 2007 3452 2188 3503; x_wconf 81' lang='lat' dir='ltr'><strong>diruta</strong></span> <span class='ocrx_word' id='word_1_512' title='bbox 2215 3460 2379 3518; x_wconf 82' lang='lat' dir='ltr'><strong>atque</strong></span> <span class='ocrx_word' id='word_1_513' title='bbox 2402 3466 2613 3504; x_wconf 77' lang='lat' dir='ltr'><strong>eversa.</strong></span> <span class='ocrx_word' id='word_1_514' title='bbox 2657 3450 2709 3501; x_wconf 89' lang='lat' dir='ltr'><strong>In</strong></span> <span class='ocrx_word' id='word_1_515' title='bbox 2746 3450 2974 3516; x_wconf 82' lang='lat' dir='ltr'><strong>reliquis</strong></span> <span class='ocrx_word' id='word_1_516' title='bbox 2998 3451 3213 3515; x_wconf 77' lang='lat' dir='ltr'><strong>templis</strong></span> <span class='ocrx_word' id='word_1_517' title='bbox 3271 3461 3363 3503; x_wconf 85' lang='lat' dir='ltr'><strong>aut</strong></span> <span class='ocrx_word' id='word_1_518' title='bbox 3425 3452 3585 3518; x_wconf 80' lang='lat' dir='ltr'><strong>lupa-</strong></span> 
     </span>
    </p>
   </div>
   <div class='ocr_carea' id='block_1_79' title="bbox 2004 3540 3582 3608">
    <p class='ocr_par' dir='ltr' id='par_1_79' title="bbox 2004 3540 3582 3608">
     <span class='ocr_line' id='line_1_79' title="bbox 2004 3540 3582 3608; baseline 0.001 -13"><span class='ocrx_word' id='word_1_519' title='bbox 2004 3542 2161 3595; x_wconf 87' lang='lat' dir='ltr'><strong>naria</strong></span> <span class='ocrx_word' id='word_1_520' title='bbox 2189 3542 2543 3595; x_wconf 87' lang='lat' dir='ltr'><strong>merctricum</strong></span> <span class='ocrx_word' id='word_1_521' title='bbox 2606 3540 2771 3605; x_wconf 87' lang='lat' dir='ltr'><strong>facta,</strong></span> <span class='ocrx_word' id='word_1_522' title='bbox 2819 3550 2913 3593; x_wconf 87' lang='lat' dir='ltr'><strong>aut</strong></span> <span class='ocrx_word' id='word_1_523' title='bbox 2941 3557 3210 3608; x_wconf 87' lang='lat' dir='ltr'><strong>equorum</strong></span> <span class='ocrx_word' id='word_1_524' title='bbox 3247 3542 3485 3595; x_wconf 76' lang='lat' dir='ltr'><strong>stabula.</strong></span> <span class='ocrx_word' id='word_1_525' title='bbox 3525 3543 3582 3596; x_wconf 88' lang='lat' dir='ltr'><strong>ltt</strong></span> 
     </span>
    </p>
   </div>
   <div class='ocr_carea' id='block_1_80' title="bbox 2010 3632 3587 3700">
    <p class='ocr_par' dir='ltr' id='par_1_80' title="bbox 2010 3632 3587 3700">
     <span class='ocr_line' id='line_1_80' title="bbox 2010 3632 3587 3700; baseline 0.001 -13"><span class='ocrx_word' id='word_1_526' title='bbox 2010 3644 2252 3688; x_wconf 81' lang='lat' dir='ltr'><strong>sacratos</strong></span> <span class='ocrx_word' id='word_1_527' title='bbox 2295 3632 2402 3686; x_wconf 89' lang='lat' dir='ltr'><strong>Deo</strong></span> <span class='ocrx_word' id='word_1_528' title='bbox 2440 3633 2589 3687; x_wconf 85' lang='lat' dir='ltr'><strong>viros</strong></span> <span class='ocrx_word' id='word_1_529' title='bbox 2619 3673 2630 3694; x_wconf 89' lang='lat'><strong>.</strong></span> <span class='ocrx_word' id='word_1_530' title='bbox 2696 3634 2980 3700; x_wconf 83' lang='lat' dir='ltr'><strong>religiosos</strong></span> <span class='ocrx_word' id='word_1_531' title='bbox 3025 3649 3087 3685; x_wconf 87' lang='lat' dir='ltr'><strong>ac</strong></span> <span class='ocrx_word' id='word_1_532' title='bbox 3138 3634 3456 3688; x_wconf 85' lang='lat' dir='ltr'><strong>sacerdotes</strong></span> <span class='ocrx_word' id='word_1_533' title='bbox 3516 3636 3587 3688; x_wconf 85' lang='lat' dir='ltr'><strong>ita</strong></span> 
     </span>
    </p>
   </div>
   <div class='ocr_carea' id='block_1_81' title="bbox 2013 3726 3591 3795">
    <p class='ocr_par' dir='ltr' id='par_1_81' title="bbox 2013 3726 3591 3795">
     <span class='ocr_line' id='line_1_81' title="bbox 2013 3726 3591 3795; baseline 0.001 -16"><span class='ocrx_word' id='word_1_534' title='bbox 2013 3726 2153 3780; x_wconf 78' lang='lat' dir='ltr'><strong>fmde</strong></span> <span class='ocrx_word' id='word_1_535' title='bbox 2178 3727 2418 3779; x_wconf 68' lang='lat' dir='ltr'><strong>smvitum</strong></span> <span class='ocrx_word' id='word_1_536' title='bbox 2451 3736 2555 3788; x_wconf 88' lang='lat' dir='ltr'><strong>est,</strong></span> <span class='ocrx_word' id='word_1_537' title='bbox 2585 3738 2637 3778; x_wconf 90' lang='lat' dir='ltr'><strong>ut</strong></span> <span class='ocrx_word' id='word_1_538' title='bbox 2690 3726 2883 3779; x_wconf 76' lang='lat' dir='ltr'><strong>modus</strong></span> <span class='ocrx_word' id='word_1_539' title='bbox 2947 3726 3302 3787; x_wconf 82' lang='lat' dir='ltr'><strong>detestabilis,</strong></span> <span class='ocrx_word' id='word_1_540' title='bbox 3353 3743 3462 3795; x_wconf 91' lang='lat' dir='ltr'><strong>quo</strong></span> <span class='ocrx_word' id='word_1_541' title='bbox 3499 3743 3591 3781; x_wconf 82' lang='lat' dir='ltr'><strong>ve-</strong></span> 
     </span>
    </p>
   </div>
   <div class='ocr_carea' id='block_1_82' title="bbox 2010 3817 3582 3886">
    <p class='ocr_par' dir='ltr' id='par_1_82' title="bbox 2010 3817 3582 3886">
     <span class='ocr_line' id='line_1_82' title="bbox 2010 3817 3582 3886; baseline 0.001 -16"><span class='ocrx_word' id='word_1_542' title='bbox 2010 3821 2118 3870; x_wconf 82' lang='lat' dir='ltr'><strong>xati</strong></span> <span class='ocrx_word' id='word_1_543' title='bbox 2155 3830 2320 3886; x_wconf 73' lang='lat' dir='ltr'><strong>atque</strong></span> <span class='ocrx_word' id='word_1_544' title='bbox 2348 3819 2521 3871; x_wconf 81' lang='lat' dir='ltr'><strong>enecti</strong></span> <span class='ocrx_word' id='word_1_545' title='bbox 2569 3828 2717 3884; x_wconf 83' lang='lat' dir='ltr'><strong>sunt,</strong></span> <span class='ocrx_word' id='word_1_546' title='bbox 2756 3817 3067 3886; x_wconf 72' lang='lat' dir='ltr'><strong>ttrttliqttattt</strong></span> <span class='ocrx_word' id='word_1_547' title='bbox 3101 3820 3329 3872; x_wconf 77' lang='lat' dir='ltr'><strong>houcSte</strong></span> <span class='ocrx_word' id='word_1_548' title='bbox 3386 3817 3582 3872; x_wconf 85' lang='lat' dir='ltr'><strong>referri</strong></span> 
     </span>
    </p>
   </div>
   <div class='ocr_carea' id='block_1_83' title="bbox 2010 3909 3590 3979">
    <p class='ocr_par' dir='ltr' id='par_1_83' title="bbox 2010 3909 3590 3979">
     <span class='ocr_line' id='line_1_83' title="bbox 2010 3909 3590 3979; baseline 0 -16"><span class='ocrx_word' id='word_1_549' title='bbox 2010 3918 2195 3979; x_wconf 81' lang='lat' dir='ltr'><strong>queat.</strong></span> <span class='ocrx_word' id='word_1_550' title='bbox 2254 3909 2331 3961; x_wconf 73' lang='lat' dir='ltr'><strong>Ad</strong></span> <span class='ocrx_word' id='word_1_551' title='bbox 2386 3910 2500 3963; x_wconf 83' lang='lat' dir='ltr'><strong>haec</strong></span> <span class='ocrx_word' id='word_1_552' title='bbox 2562 3911 2741 3963; x_wconf 88' lang='lat' dir='ltr'><strong>adacti</strong></span> <span class='ocrx_word' id='word_1_553' title='bbox 2795 3920 2921 3962; x_wconf 88' lang='lat' dir='ltr'><strong>sunt</strong></span> <span class='ocrx_word' id='word_1_554' title='bbox 2987 3912 3125 3965; x_wconf 89' lang='lat' dir='ltr'><strong>servi</strong></span> <span class='ocrx_word' id='word_1_555' title='bbox 3156 3911 3480 3967; x_wconf 84' lang='lat' dir='ltr'><strong>verberibus</strong></span> <span class='ocrx_word' id='word_1_556' title='bbox 3505 3922 3590 3963; x_wconf 86' lang='lat' dir='ltr'><strong>at-</strong></span> 
     </span>
    </p>
   </div>
   <div class='ocr_carea' id='block_1_84' title="bbox 2012 4000 3587 4067">
    <p class='ocr_par' dir='ltr' id='par_1_84' title="bbox 2012 4000 3587 4067">
     <span class='ocr_line' id='line_1_84' title="bbox 2012 4000 3587 4067; baseline 0.001 -15"><span class='ocrx_word' id='word_1_557' title='bbox 2012 4014 2117 4067; x_wconf 90' lang='lat' dir='ltr'><strong>que</strong></span> <span class='ocrx_word' id='word_1_558' title='bbox 2138 4000 2445 4062; x_wconf 81' lang='lat' dir='ltr'><strong>tormentis,</strong></span> <span class='ocrx_word' id='word_1_559' title='bbox 2467 4000 2808 4053; x_wconf 86' lang='lat' dir='ltr'><strong>dominorum</strong></span> <span class='ocrx_word' id='word_1_560' title='bbox 2832 4001 3011 4053; x_wconf 82' lang='lat' dir='ltr'><strong>abdita</strong></span> <span class='ocrx_word' id='word_1_561' title='bbox 3029 4002 3264 4056; x_wconf 86' lang='lat' dir='ltr'><strong>scrutari</strong></span> <span class='ocrx_word' id='word_1_562' title='bbox 3286 4016 3348 4055; x_wconf 88' lang='lat' dir='ltr'><strong>ac</strong></span> <span class='ocrx_word' id='word_1_563' title='bbox 3372 4016 3587 4066; x_wconf 88' lang='lat' dir='ltr'><strong>eruere;</strong></span> 
     </span>
    </p>
   </div>
   <div class='ocr_carea' id='block_1_85' title="bbox 2014 4092 3587 4162">
    <p class='ocr_par' dir='ltr' id='par_1_85' title="bbox 2014 4092 3587 4162">
     <span class='ocr_line' id='line_1_85' title="bbox 2014 4092 3587 4162; baseline 0.002 -19"><span class='ocrx_word' id='word_1_564' title='bbox 2014 4092 2220 4145; x_wconf 88' lang='lat' dir='ltr'><strong>inventi</strong></span> <span class='ocrx_word' id='word_1_565' title='bbox 2250 4093 2351 4144; x_wconf 87' lang='lat' dir='ltr'><strong>hac.</strong></span> <span class='ocrx_word' id='word_1_566' title='bbox 2384 4101 2501 4143; x_wconf 88' lang='lat' dir='ltr'><strong>arte</strong></span> <span class='ocrx_word' id='word_1_567' title='bbox 2520 4092 2738 4144; x_wconf 88' lang='lat' dir='ltr'><strong>maximi</strong></span> <span class='ocrx_word' id='word_1_568' title='bbox 2775 4093 3041 4155; x_wconf 86' lang='lat' dir='ltr'><strong>thesauri,</strong></span> <span class='ocrx_word' id='word_1_569' title='bbox 3066 4108 3204 4160; x_wconf 88' lang='lat' dir='ltr'><strong>quos</strong></span> <span class='ocrx_word' id='word_1_570' title='bbox 3228 4094 3281 4146; x_wconf 90' lang='lat' dir='ltr'><strong>in</strong></span> <span class='ocrx_word' id='word_1_571' title='bbox 3310 4094 3432 4162; x_wconf 86' lang='lat' dir='ltr'><strong>ipso</strong></span> <span class='ocrx_word' id='word_1_572' title='bbox 3458 4093 3587 4146; x_wconf 87' lang='lat' dir='ltr'><strong>belli</strong></span> 
     </span>
    </p>
   </div>
   <div class='ocr_carea' id='block_1_86' title="bbox 2014 4183 3591 4251">
    <p class='ocr_par' dir='ltr' id='par_1_86' title="bbox 2014 4183 3591 4251">
     <span class='ocr_line' id='line_1_86' title="bbox 2014 4183 3591 4251; baseline 0.003 -16"><span class='ocrx_word' id='word_1_573' title='bbox 2014 4183 2285 4251; x_wconf 87' lang='lat' dir='ltr'><strong>principio</strong></span> <span class='ocrx_word' id='word_1_574' title='bbox 2323 4184 2576 4237; x_wconf 74' lang='lat' dir='ltr'><strong>infelices</strong></span> <span class='ocrx_word' id='word_1_575' title='bbox 2608 4183 2960 4238; x_wconf 78' lang='lat' dir='ltr'><strong>suifoderunt</strong></span> <span class='ocrx_word' id='word_1_576' title='bbox 3014 4186 3185 4240; x_wconf 87' lang='lat' dir='ltr'><strong>cives.</strong></span> <span class='ocrx_word' id='word_1_577' title='bbox 3252 4186 3486 4251; x_wconf 84' lang='lat' dir='ltr'><strong>Quibus,</strong></span> <span class='ocrx_word' id='word_1_578' title='bbox 3543 4188 3591 4239; x_wconf 86' lang='lat' dir='ltr'><strong>si</strong></span> 
     </span>
    </p>
   </div>
   <div class='ocr_carea' id='block_1_87' title="bbox 2013 4273 3592 4344">
    <p class='ocr_par' dir='ltr' id='par_1_87' title="bbox 2013 4273 3592 4344">
     <span class='ocr_line' id='line_1_87' title="bbox 2013 4273 3592 4344; baseline 0.003 -17"><span class='ocrx_word' id='word_1_579' title='bbox 2013 4289 2111 4344; x_wconf 85' lang='lat' dir='ltr'><strong>pro</strong></span> <span class='ocrx_word' id='word_1_580' title='bbox 2139 4273 2455 4330; x_wconf 78' lang='lat' dir='ltr'><strong>defensione</strong></span> <span class='ocrx_word' id='word_1_581' title='bbox 2491 4275 2644 4330; x_wconf 90' lang='lat' dir='ltr'><strong>urbis</strong></span> <span class='ocrx_word' id='word_1_582' title='bbox 2666 4276 2750 4330; x_wconf 91' lang='lat' dir='ltr'><strong>usi</strong></span> <span class='ocrx_word' id='word_1_583' title='bbox 2784 4274 3036 4339; x_wconf 85' lang='lat' dir='ltr'><strong>fuissent,</strong></span> <span class='ocrx_word' id='word_1_584' title='bbox 3064 4293 3218 4332; x_wconf 91' lang='lat' dir='ltr'><strong>suam</strong></span> <span class='ocrx_word' id='word_1_585' title='bbox 3261 4278 3402 4331; x_wconf 91' lang='lat' dir='ltr'><strong>haud</strong></span> <span class='ocrx_word' id='word_1_586' title='bbox 3426 4280 3592 4332; x_wconf 89' lang='lat' dir='ltr'><strong>dubie</strong></span> 
     </span>
    </p>
   </div>
   <div class='ocr_carea' id='block_1_88' title="bbox 2014 4366 3590 4435">
    <p class='ocr_par' dir='ltr' id='par_1_88' title="bbox 2014 4366 3590 4435">
     <span class='ocr_line' id='line_1_88' title="bbox 2014 4366 3590 4435; baseline 0.002 -16"><span class='ocrx_word' id='word_1_587' title='bbox 2014 4367 2202 4430; x_wconf 88' lang='lat' dir='ltr'><strong>vitam,</strong></span> <span class='ocrx_word' id='word_1_588' title='bbox 2238 4366 2429 4435; x_wconf 75' lang='lat' dir='ltr'><strong>patriae</strong></span> <span class='ocrx_word' id='word_1_589' title='bbox 2455 4366 2758 4425; x_wconf 84' lang='lat' dir='ltr'><strong>libertatem</strong></span> <span class='ocrx_word' id='word_1_590' title='bbox 2810 4378 3146 4423; x_wconf 81' lang='lat' dir='ltr'><strong>servassent.</strong></span> <span class='ocrx_word' id='word_1_591' title='bbox 3193 4368 3298 4423; x_wconf 88' lang='lat' dir='ltr'><strong>Sed</strong></span> <span class='ocrx_word' id='word_1_592' title='bbox 3344 4384 3511 4424; x_wconf 86' lang='lat' dir='ltr'><strong>avaro</strong></span> <span class='ocrx_word' id='word_1_593' title='bbox 3539 4373 3590 4423; x_wconf 92' lang='lat' dir='ltr'><strong>in</strong></span> 
     </span>
    </p>
   </div>
   <div class='ocr_carea' id='block_1_89' title="bbox 2016 4456 3593 4526">
    <p class='ocr_par' dir='ltr' id='par_1_89' title="bbox 2016 4456 3593 4526">
     <span class='ocr_line' id='line_1_89' title="bbox 2016 4456 3593 4526; baseline 0.004 -15"><span class='ocrx_word' id='word_1_594' title='bbox 2016 4471 2209 4511; x_wconf 87' lang='lat' dir='ltr'><strong>aurum</strong></span> <span class='ocrx_word' id='word_1_595' title='bbox 2237 4456 2383 4509; x_wconf 91' lang='lat' dir='ltr'><strong>nulla</strong></span> <span class='ocrx_word' id='word_1_596' title='bbox 2409 4464 2671 4526; x_wconf 88' lang='lat' dir='ltr'><strong>potestas.</strong></span> <span class='ocrx_word' id='word_1_597' title='bbox 2694 4458 2799 4525; x_wconf 88' lang='lat' dir='ltr'><strong>Ipsi</strong></span> <span class='ocrx_word' id='word_1_598' title='bbox 2836 4460 3043 4513; x_wconf 85' lang='lat' dir='ltr'><strong>interea</strong></span> <span class='ocrx_word' id='word_1_599' title='bbox 3076 4475 3211 4514; x_wconf 85' lang='lat' dir='ltr'><strong>auro</strong></span> <span class='ocrx_word' id='word_1_600' title='bbox 3237 4462 3500 4525; x_wconf 90' lang='lat' dir='ltr'><strong>emuncti,</strong></span> <span class='ocrx_word' id='word_1_601' title='bbox 3530 4479 3593 4517; x_wconf 73' lang='lat' dir='ltr'><strong>ac</strong></span> 
     </span>
    </p>
   </div>
   <div class='ocr_carea' id='block_1_90' title="bbox 328 4547 3593 4622">
    <p class='ocr_par' dir='ltr' id='par_1_90' title="bbox 328 4547 3593 4622">
     <span class='ocr_line' id='line_1_90' title="bbox 328 4547 3593 4622; baseline 0 -15"><span class='ocrx_word' id='word_1_602' title='bbox 328 4551 567 4609; x_wconf 77' lang='lat' dir='ltr'><strong>interiit.</strong></span> <span class='ocrx_word' id='word_1_603' title='bbox 599 4550 657 4605; x_wconf 90' lang='lat' dir='ltr'><strong>ln</strong></span> <span class='ocrx_word' id='word_1_604' title='bbox 681 4558 831 4607; x_wconf 76' lang='lat' dir='ltr'><strong>tanta</strong></span> <span class='ocrx_word' id='word_1_605' title='bbox 870 4550 1223 4605; x_wconf 76' lang='lat' dir='ltr'><strong>multitudine</strong></span> <span class='ocrx_word' id='word_1_606' title='bbox 1251 4556 1613 4618; x_wconf 78' lang='lat' dir='ltr'><strong>pugnatorum</strong></span> <span class='ocrx_word' id='word_1_607' title='bbox 1658 4547 1769 4605; x_wconf 86' lang='lat' dir='ltr'><strong>duo</strong></span> <span class='ocrx_word' id='word_1_608' title='bbox 1798 4556 1916 4601; x_wconf 80' lang='lat' dir='ltr'><strong>tan-</strong></span> <span class='ocrx_word' id='word_1_609' title='bbox 1939 4555 1993 4616; x_wconf 81' lang='lat'><strong>1)</strong></span> <span class='ocrx_word' id='word_1_610' title='bbox 2021 4562 2174 4605; x_wconf 89' lang='lat' dir='ltr'><strong>more</strong></span> <span class='ocrx_word' id='word_1_611' title='bbox 2206 4563 2460 4617; x_wconf 87' lang='lat' dir='ltr'><strong>pecorum</strong></span> <span class='ocrx_word' id='word_1_612' title='bbox 2494 4549 2548 4602; x_wconf 95' lang='lat' dir='ltr'><strong>in</strong></span> <span class='ocrx_word' id='word_1_613' title='bbox 2581 4559 2761 4605; x_wconf 90' lang='lat' dir='ltr'><strong>castra</strong></span> <span class='ocrx_word' id='word_1_614' title='bbox 2790 4553 3077 4621; x_wconf 88' lang='lat' dir='ltr'><strong>protracti,</strong></span> <span class='ocrx_word' id='word_1_615' title='bbox 3113 4563 3239 4622; x_wconf 89' lang='lat' dir='ltr'><strong>post</strong></span> <span class='ocrx_word' id='word_1_616' title='bbox 3268 4555 3503 4608; x_wconf 86' lang='lat' dir='ltr'><strong>ludibria</strong></span> <span class='ocrx_word' id='word_1_617' title='bbox 3525 4558 3593 4608; x_wconf 84' lang='lat' dir='ltr'><strong>ad</strong></span> 
     </span>
    </p>
   </div>
   <div class='ocr_carea' id='block_1_91' title="bbox 329 4638 1916 4714">
    <p class='ocr_par' dir='ltr' id='par_1_91' title="bbox 329 4638 1916 4714">
     <span class='ocr_line' id='line_1_91' title="bbox 329 4638 1916 4714; baseline -0.003 -16"><span class='ocrx_word' id='word_1_618' title='bbox 329 4660 449 4699; x_wconf 82' lang='lat' dir='ltr'><strong>tum</strong></span> <span class='ocrx_word' id='word_1_619' title='bbox 494 4643 697 4714; x_wconf 89' lang='lat' dir='ltr'><strong>reperti</strong></span> <span class='ocrx_word' id='word_1_620' title='bbox 735 4651 885 4707; x_wconf 86' lang='lat' dir='ltr'><strong>sunt.</strong></span> <span class='ocrx_word' id='word_1_621' title='bbox 932 4644 1026 4712; x_wconf 91' lang='lat' dir='ltr'><strong>qui</strong></span> <span class='ocrx_word' id='word_1_622' title='bbox 1075 4657 1136 4698; x_wconf 81' lang='lat' dir='ltr'><strong>se</strong></span> <span class='ocrx_word' id='word_1_623' title='bbox 1175 4644 1325 4693; x_wconf 77' lang='lat' dir='ltr'><strong>viros</strong></span> <span class='ocrx_word' id='word_1_624' title='bbox 1368 4638 1741 4705; x_wconf 85' lang='lat' dir='ltr'><strong>ostenderint,</strong></span> <span class='ocrx_word' id='word_1_625' title='bbox 1778 4639 1916 4693; x_wconf 87' lang='lat' dir='ltr'><strong>alter</strong></span> 
     </span>
    </p>
   </div>
   <div class='ocr_carea' id='block_1_92' title="bbox 327 4728 1917 4802">
    <p class='ocr_par' dir='ltr' id='par_1_92' title="bbox 327 4728 1917 4802">
     <span class='ocr_line' id='line_1_92' title="bbox 327 4728 1917 4802; baseline -0.006 -11"><span class='ocrx_word' id='word_1_626' title='bbox 327 4738 581 4800; x_wconf 72' lang='lat' dir='ltr'><strong>Graecus,</strong></span> <span class='ocrx_word' id='word_1_627' title='bbox 616 4735 755 4792; x_wconf 87' lang='lat' dir='ltr'><strong>alter</strong></span> <span class='ocrx_word' id='word_1_628' title='bbox 784 4734 1050 4799; x_wconf 83' lang='lat' dir='ltr'><strong>Dalmata,</strong></span> <span class='ocrx_word' id='word_1_629' title='bbox 1090 4730 1429 4802; x_wconf 84' lang='lat' dir='ltr'><strong>Theophilus</strong></span> <span class='ocrx_word' id='word_1_630' title='bbox 1471 4728 1833 4799; x_wconf 76' lang='lat' dir='ltr'><strong>Palaeologus,</strong></span> <span class='ocrx_word' id='word_1_631' title='bbox 1862 4736 1917 4782; x_wconf 90' lang='lat' dir='ltr'><strong>et</strong></span> 
     </span>
    </p>
   </div>
   <div class='ocr_carea' id='block_1_93' title="bbox 328 4821 1914 4895">
    <p class='ocr_par' dir='ltr' id='par_1_93' title="bbox 328 4821 1914 4895">
     <span class='ocr_line' id='line_1_93' title="bbox 328 4821 1914 4895; baseline -0.006 -13"><span class='ocrx_word' id='word_1_632' title='bbox 328 4830 577 4884; x_wconf 81' lang='lat' dir='ltr'><strong>Joannes</strong></span> <span class='ocrx_word' id='word_1_633' title='bbox 618 4828 875 4890; x_wconf 84' lang='lat' dir='ltr'><strong>Selavus,</strong></span> <span class='ocrx_word' id='word_1_634' title='bbox 921 4828 1015 4895; x_wconf 90' lang='lat' dir='ltr'><strong>qui</strong></span> <span class='ocrx_word' id='word_1_635' title='bbox 1050 4825 1237 4895; x_wconf 87' lang='lat' dir='ltr'><strong>fugere</strong></span> <span class='ocrx_word' id='word_1_636' title='bbox 1279 4836 1434 4894; x_wconf 88' lang='lat' dir='ltr'><strong>turpe</strong></span> <span class='ocrx_word' id='word_1_637' title='bbox 1468 4821 1743 4887; x_wconf 86' lang='lat' dir='ltr'><strong>arbitrati,</strong></span> <span class='ocrx_word' id='word_1_638' title='bbox 1789 4835 1914 4876; x_wconf 90' lang='lat' dir='ltr'><strong>cum</strong></span> 
     </span>
    </p>
   </div>
   <div class='ocr_carea' id='block_1_94' title="bbox 330 4912 1916 4988">
    <p class='ocr_par' dir='ltr' id='par_1_94' title="bbox 330 4912 1916 4988">
     <span class='ocr_line' id='line_1_94' title="bbox 330 4912 1916 4988; baseline -0.008 -11"><span class='ocrx_word' id='word_1_639' title='bbox 330 4922 434 4977; x_wconf 88' lang='lat' dir='ltr'><strong>diu</strong></span> <span class='ocrx_word' id='word_1_640' title='bbox 478 4920 784 4979; x_wconf 89' lang='lat' dir='ltr'><strong>incredibili</strong></span> <span class='ocrx_word' id='word_1_641' title='bbox 836 4920 1027 4988; x_wconf 81' lang='lat' dir='ltr'><strong>vigore</strong></span> <span class='ocrx_word' id='word_1_642' title='bbox 1068 4918 1378 4973; x_wconf 80' lang='lat' dir='ltr'><strong>Turcarntn</strong></span> <span class='ocrx_word' id='word_1_643' title='bbox 1435 4916 1699 4985; x_wconf 89' lang='lat' dir='ltr'><strong>impetum</strong></span> <span class='ocrx_word' id='word_1_644' title='bbox 1750 4912 1916 4969; x_wconf 84' lang='lat' dir='ltr'><strong>susti-</strong></span> 
     </span>
    </p>
   </div>
   <div class='ocr_carea' id='block_1_95' title="bbox 333 5006 1913 5079">
    <p class='ocr_par' dir='ltr' id='par_1_95' title="bbox 333 5006 1913 5079">
     <span class='ocr_line' id='line_1_95' title="bbox 333 5006 1913 5079; baseline -0.006 -14"><span class='ocrx_word' id='word_1_645' title='bbox 333 5012 612 5077; x_wconf 85' lang='lat' dir='ltr'><strong>nuissent,</strong></span> <span class='ocrx_word' id='word_1_646' title='bbox 666 5010 984 5079; x_wconf 86' lang='lat' dir='ltr'><strong>multosque</strong></span> <span class='ocrx_word' id='word_1_647' title='bbox 1034 5010 1486 5069; x_wconf 88' lang='lat' dir='ltr'><strong>obtruncassent,</strong></span> <span class='ocrx_word' id='word_1_648' title='bbox 1518 5006 1755 5074; x_wconf 84' lang='lat' dir='ltr'><strong>denique</strong></span> <span class='ocrx_word' id='word_1_649' title='bbox 1804 5019 1913 5057; x_wconf 91' lang='lat' dir='ltr'><strong>non</strong></span> 
     </span>
    </p>
   </div>
   <div class='ocr_carea' id='block_1_96' title="bbox 332 5097 1932 5173">
    <p class='ocr_par' dir='ltr' id='par_1_96' title="bbox 332 5097 1932 5173">
     <span class='ocr_line' id='line_1_96' title="bbox 332 5097 1932 5173; baseline -0.005 -14"><span class='ocrx_word' id='word_1_650' title='bbox 332 5119 451 5161; x_wconf 86' lang='lat' dir='ltr'><strong>tam</strong></span> <span class='ocrx_word' id='word_1_651' title='bbox 482 5104 613 5158; x_wconf 88' lang='lat' dir='ltr'><strong>victi</strong></span> <span class='ocrx_word' id='word_1_652' title='bbox 639 5118 801 5173; x_wconf 90' lang='lat' dir='ltr'><strong>quam</strong></span> <span class='ocrx_word' id='word_1_653' title='bbox 852 5102 1122 5155; x_wconf 82' lang='lat' dir='ltr'><strong>vincendo</strong></span> <span class='ocrx_word' id='word_1_654' title='bbox 1178 5099 1387 5168; x_wconf 79' lang='lat' dir='ltr'><strong>fatigati</strong></span> <span class='ocrx_word' id='word_1_655' title='bbox 1440 5099 1587 5151; x_wconf 91' lang='lat' dir='ltr'><strong>inter</strong></span> <span class='ocrx_word' id='word_1_656' title='bbox 1641 5097 1932 5151; x_wconf 88' lang='lat' dir='ltr'><strong>cadavera.</strong></span> 
     </span>
    </p>
   </div>
   <div class='ocr_carea' id='block_1_97' title="bbox 334 5188 1917 5257">
    <p class='ocr_par' dir='ltr' id='par_1_97' title="bbox 334 5188 1917 5257">
     <span class='ocr_line' id='line_1_97' title="bbox 334 5188 1917 5257; baseline -0.007 -7"><span class='ocrx_word' id='word_1_657' title='bbox 334 5196 585 5251; x_wconf 91' lang='lat' dir='ltr'><strong>hostium</strong></span> <span class='ocrx_word' id='word_1_658' title='bbox 651 5194 983 5250; x_wconf 89' lang='lat' dir='ltr'><strong>occubuere.</strong></span> <span class='ocrx_word' id='word_1_659' title='bbox 1043 5191 1388 5247; x_wconf 79' lang='lat' dir='ltr'><strong>Justinianus</strong></span> <span class='ocrx_word' id='word_1_660' title='bbox 1434 5190 1489 5244; x_wconf 90' lang='lat' dir='ltr'><strong>in</strong></span> <span class='ocrx_word' id='word_1_661' title='bbox 1542 5188 1734 5243; x_wconf 87' lang='lat' dir='ltr'><strong>Peram</strong></span> <span class='ocrx_word' id='word_1_662' title='bbox 1772 5202 1917 5257; x_wconf 64' lang='lat' dir='ltr'><strong>aegre</strong></span> 
     </span>
    </p>
   </div>
   <div class='ocr_carea' id='block_1_98' title="bbox 329 5280 1914 5353">
    <p class='ocr_par' dir='ltr' id='par_1_98' title="bbox 329 5280 1914 5353">
     <span class='ocr_line' id='line_1_98' title="bbox 329 5280 1914 5353; baseline -0.006 -14"><span class='ocrx_word' id='word_1_663' title='bbox 329 5291 629 5353; x_wconf 63' lang='lat' dir='ltr'><strong>eluctatus,</strong></span> <span class='ocrx_word' id='word_1_664' title='bbox 662 5301 790 5341; x_wconf 89' lang='lat' dir='ltr'><strong>cum</strong></span> <span class='ocrx_word' id='word_1_665' title='bbox 820 5283 1144 5338; x_wconf 90' lang='lat' dir='ltr'><strong>tumultibus</strong></span> <span class='ocrx_word' id='word_1_666' title='bbox 1180 5282 1496 5350; x_wconf 88' lang='lat' dir='ltr'><strong>perturbata</strong></span> <span class='ocrx_word' id='word_1_667' title='bbox 1541 5280 1753 5343; x_wconf 89' lang='lat' dir='ltr'><strong>omnia,</strong></span> <span class='ocrx_word' id='word_1_668' title='bbox 1789 5294 1914 5343; x_wconf 90' lang='lat' dir='ltr'><strong>nec,</strong></span> 
     </span>
    </p>
   </div>
   <div class='ocr_carea' id='block_1_99' title="bbox 330 5370 1917 5452">
    <p class='ocr_par' dir='ltr' id='par_1_99' title="bbox 330 5370 1917 5452">
     <span class='ocr_line' id='line_1_99' title="bbox 330 5370 1917 5452; baseline -0.006 -17"><span class='ocrx_word' id='word_1_669' title='bbox 330 5394 505 5452; x_wconf 86' lang='lat' dir='ltr'><strong>quem</strong></span> <span class='ocrx_word' id='word_1_670' title='bbox 530 5378 766 5433; x_wconf 84' lang='lat' dir='ltr'><strong>maxime</strong></span> <span class='ocrx_word' id='word_1_671' title='bbox 788 5376 1083 5448; x_wconf 70' lang='lat' dir='ltr'><strong>quaerebat,</strong></span> <span class='ocrx_word' id='word_1_672' title='bbox 1110 5376 1379 5429; x_wconf 86' lang='lat' dir='ltr'><strong>medicum</strong></span> <span class='ocrx_word' id='word_1_673' title='bbox 1405 5372 1759 5431; x_wconf 89' lang='lat' dir='ltr'><strong>invenisssct.</strong></span> <span class='ocrx_word' id='word_1_674' title='bbox 1790 5370 1917 5425; x_wconf 90' lang='lat' dir='ltr'><strong>inde</strong></span> 
     </span>
    </p>
   </div>
   <div class='ocr_carea' id='block_1_100' title="bbox 330 5464 1915 5538">
    <p class='ocr_par' dir='ltr' id='par_1_100' title="bbox 330 5464 1915 5538">
     <span class='ocr_line' id='line_1_100' title="bbox 330 5464 1915 5538; baseline -0.008 -10"><span class='ocrx_word' id='word_1_675' title='bbox 330 5473 535 5528; x_wconf 83' lang='lat' dir='ltr'><strong>Chium</strong></span> <span class='ocrx_word' id='word_1_676' title='bbox 568 5470 865 5538; x_wconf 77' lang='lat' dir='ltr'><strong>navigavit,</strong></span> <span class='ocrx_word' id='word_1_677' title='bbox 916 5469 1104 5537; x_wconf 89' lang='lat' dir='ltr'><strong>ibique</strong></span> <span class='ocrx_word' id='word_1_678' title='bbox 1148 5484 1243 5522; x_wconf 90' lang='lat' dir='ltr'><strong>seu</strong></span> <span class='ocrx_word' id='word_1_679' title='bbox 1296 5481 1362 5519; x_wconf 82' lang='lat' dir='ltr'><strong>ex</strong></span> <span class='ocrx_word' id='word_1_680' title='bbox 1413 5465 1654 5519; x_wconf 87' lang='lat' dir='ltr'><strong>vulneris</strong></span> <span class='ocrx_word' id='word_1_681' title='bbox 1703 5464 1915 5517; x_wconf 89' lang='lat' dir='ltr'><strong>acerbi-</strong></span> 
     </span>
    </p>
   </div>
   <div class='ocr_carea' id='block_1_101' title="bbox 333 5556 1917 5626">
    <p class='ocr_par' dir='ltr' id='par_1_101' title="bbox 333 5556 1917 5626">
     <span class='ocr_line' id='line_1_101' title="bbox 333 5556 1917 5626; baseline -0.005 -12"><span class='ocrx_word' id='word_1_682' title='bbox 333 5571 473 5626; x_wconf 81' lang='lat' dir='ltr'><strong>tate,</strong></span> <span class='ocrx_word' id='word_1_683' title='bbox 511 5576 607 5615; x_wconf 85' lang='lat' dir='ltr'><strong>seu</strong></span> <span class='ocrx_word' id='word_1_684' title='bbox 642 5576 705 5615; x_wconf 87' lang='lat' dir='ltr'><strong>ex</strong></span> <span class='ocrx_word' id='word_1_685' title='bbox 764 5560 935 5613; x_wconf 87' lang='lat' dir='ltr'><strong>animi</strong></span> <span class='ocrx_word' id='word_1_686' title='bbox 970 5559 1232 5613; x_wconf 76' lang='lat' dir='ltr'><strong>mcestitia</strong></span> <span class='ocrx_word' id='word_1_687' title='bbox 1266 5557 1321 5609; x_wconf 89' lang='lat' dir='ltr'><strong>in</strong></span> <span class='ocrx_word' id='word_1_688' title='bbox 1360 5560 1606 5608; x_wconf 89' lang='lat' dir='ltr'><strong>morbum</strong></span> <span class='ocrx_word' id='word_1_689' title='bbox 1645 5556 1917 5620; x_wconf 87' lang='lat' dir='ltr'><strong>incidens,</strong></span> 
     </span>
    </p>
   </div>
   <div class='ocr_carea' id='block_1_102' title="bbox 336 5649 1918 5721">
    <p class='ocr_par' dir='ltr' id='par_1_102' title="bbox 336 5649 1918 5721">
     <span class='ocr_line' id='line_1_102' title="bbox 336 5649 1918 5721; baseline -0.004 -13"><span class='ocrx_word' id='word_1_690' title='bbox 336 5653 609 5721; x_wconf 84' lang='lat' dir='ltr'><strong>inglorius</strong></span> <span class='ocrx_word' id='word_1_691' title='bbox 643 5653 807 5705; x_wconf 90' lang='lat' dir='ltr'><strong>vitam</strong></span> <span class='ocrx_word' id='word_1_692' title='bbox 849 5652 1017 5705; x_wconf 89' lang='lat' dir='ltr'><strong>finivit</strong></span> <span class='ocrx_word' id='word_1_693' title='bbox 1056 5670 1071 5704; x_wconf 89' lang='lat'><strong><em>:</em></strong></span> <span class='ocrx_word' id='word_1_694' title='bbox 1106 5651 1235 5704; x_wconf 75' lang='lat' dir='ltr'><strong>felix</strong></span> <span class='ocrx_word' id='word_1_695' title='bbox 1277 5649 1521 5720; x_wconf 87' lang='lat' dir='ltr'><strong>profecto</strong></span> <span class='ocrx_word' id='word_1_696' title='bbox 1578 5651 1918 5716; x_wconf 89' lang='lat' dir='ltr'><strong>multumque</strong></span> 
     </span>
    </p>
   </div>
   <div class='ocr_carea' id='block_1_103' title="bbox 336 5741 1909 5813">
    <p class='ocr_par' dir='ltr' id='par_1_103' title="bbox 336 5741 1909 5813">
     <span class='ocr_line' id='line_1_103' title="bbox 336 5741 1909 5813; baseline -0.003 -13"><span class='ocrx_word' id='word_1_697' title='bbox 336 5745 670 5809; x_wconf 87' lang='lat' dir='ltr'><strong>laudandus,</strong></span> <span class='ocrx_word' id='word_1_698' title='bbox 709 5746 753 5798; x_wconf 92' lang='lat' dir='ltr'><strong>si</strong></span> <span class='ocrx_word' id='word_1_699' title='bbox 793 5745 846 5796; x_wconf 90' lang='lat' dir='ltr'><strong>in</strong></span> <span class='ocrx_word' id='word_1_700' title='bbox 879 5745 1012 5813; x_wconf 89' lang='lat' dir='ltr'><strong>ipsis</strong></span> <span class='ocrx_word' id='word_1_701' title='bbox 1041 5751 1370 5813; x_wconf 64' lang='lat' dir='ltr'><strong>oppugnatae</strong></span> <span class='ocrx_word' id='word_1_702' title='bbox 1429 5741 1582 5794; x_wconf 85' lang='lat' dir='ltr'><strong>urbis</strong></span> <span class='ocrx_word' id='word_1_703' title='bbox 1632 5743 1909 5796; x_wconf 69' lang='lat' dir='ltr'><strong>mtenihus</strong></span> 
     </span>
    </p>
   </div>
   <div class='ocr_carea' id='block_1_104' title="bbox 338 5834 1917 5907">
    <p class='ocr_par' dir='ltr' id='par_1_104' title="bbox 338 5834 1917 5907">
     <span class='ocr_line' id='line_1_104' title="bbox 338 5834 1917 5907; baseline -0.001 -14"><span class='ocrx_word' id='word_1_704' title='bbox 338 5838 587 5901; x_wconf 77' lang='lat' dir='ltr'><strong>animam</strong></span> <span class='ocrx_word' id='word_1_705' title='bbox 620 5837 949 5895; x_wconf 81' lang='lat' dir='ltr'><strong>exhalasset.</strong></span> <span class='ocrx_word' id='word_1_706' title='bbox 986 5835 1045 5894; x_wconf 90' lang='lat' dir='ltr'><strong>lu</strong></span> <span class='ocrx_word' id='word_1_707' title='bbox 1092 5836 1342 5905; x_wconf 84' lang='lat' dir='ltr'><strong>ingressu</strong></span> <span class='ocrx_word' id='word_1_708' title='bbox 1418 5844 1589 5903; x_wconf 82' lang='lat' dir='ltr'><strong>portae</strong></span> <span class='ocrx_word' id='word_1_709' title='bbox 1624 5834 1917 5907; x_wconf 74' lang='lat' dir='ltr'><strong>octingenti</strong></span> 
     </span>
    </p>
   </div>
   <div class='ocr_carea' id='block_1_105' title="bbox 2018 4641 3591 4712">
    <p class='ocr_par' dir='ltr' id='par_1_105' title="bbox 2018 4641 3591 4712">
     <span class='ocr_line' id='line_1_105' title="bbox 2018 4641 3591 4712; baseline 0.002 -16"><span class='ocrx_word' id='word_1_710' title='bbox 2018 4656 2187 4697; x_wconf 85' lang='lat' dir='ltr'><strong>unum</strong></span> <span class='ocrx_word' id='word_1_711' title='bbox 2221 4655 2415 4695; x_wconf 88' lang='lat' dir='ltr'><strong>omnes</strong></span> <span class='ocrx_word' id='word_1_712' title='bbox 2441 4641 2591 4694; x_wconf 90' lang='lat' dir='ltr'><strong>vario</strong></span> <span class='ocrx_word' id='word_1_713' title='bbox 2624 4642 2816 4696; x_wconf 88' lang='lat' dir='ltr'><strong>mortis</strong></span> <span class='ocrx_word' id='word_1_714' title='bbox 2849 4659 3049 4712; x_wconf 84' lang='lat' dir='ltr'><strong>genere</strong></span> <span class='ocrx_word' id='word_1_715' title='bbox 3098 4644 3373 4699; x_wconf 87' lang='lat' dir='ltr'><strong>interfecti</strong></span> <span class='ocrx_word' id='word_1_716' title='bbox 3443 4660 3591 4699; x_wconf 81' lang='lat' dir='ltr'><strong>sunt.</strong></span> 
     </span>
    </p>
   </div>
   <div class='ocr_carea' id='block_1_106' title="bbox 2020 4730 3592 4802">
    <p class='ocr_par' dir='ltr' id='par_1_106' title="bbox 2020 4730 3592 4802">
     <span class='ocr_line' id='line_1_106' title="bbox 2020 4730 3592 4802; baseline 0.004 -17"><span class='ocrx_word' id='word_1_717' title='bbox 2020 4732 2386 4786; x_wconf 83' lang='lat' dir='ltr'><strong>Simulacrum</strong></span> <span class='ocrx_word' id='word_1_718' title='bbox 2409 4730 2692 4796; x_wconf 85' lang='lat' dir='ltr'><strong>Crucilixi,</strong></span> <span class='ocrx_word' id='word_1_719' title='bbox 2758 4748 2918 4801; x_wconf 87' lang='lat' dir='ltr'><strong>quem</strong></span> <span class='ocrx_word' id='word_1_720' title='bbox 2984 4733 3239 4802; x_wconf 88' lang='lat' dir='ltr'><strong>colimus,</strong></span> <span class='ocrx_word' id='word_1_721' title='bbox 3301 4746 3356 4791; x_wconf 90' lang='lat' dir='ltr'><strong>et</strong></span> <span class='ocrx_word' id='word_1_722' title='bbox 3405 4753 3592 4792; x_wconf 91' lang='lat' dir='ltr'><strong>verum</strong></span> 
     </span>
    </p>
   </div>
   <div class='ocr_carea' id='block_1_107' title="bbox 2018 4822 3592 4896">
    <p class='ocr_par' dir='ltr' id='par_1_107' title="bbox 2018 4822 3592 4896">
     <span class='ocr_line' id='line_1_107' title="bbox 2018 4822 3592 4896; baseline 0.003 -21"><span class='ocrx_word' id='word_1_723' title='bbox 2018 4822 2185 4877; x_wconf 89' lang='lat' dir='ltr'><strong>Deum</strong></span> <span class='ocrx_word' id='word_1_724' title='bbox 2209 4838 2328 4878; x_wconf 84' lang='lat' dir='ltr'><strong>esse</strong></span> <span class='ocrx_word' id='word_1_725' title='bbox 2360 4822 2620 4888; x_wconf 88' lang='lat' dir='ltr'><strong>fatemur,</strong></span> <span class='ocrx_word' id='word_1_726' title='bbox 2654 4823 3011 4891; x_wconf 89' lang='lat' dir='ltr'><strong>(horrendum</strong></span> <span class='ocrx_word' id='word_1_727' title='bbox 3049 4827 3222 4892; x_wconf 91' lang='lat' dir='ltr'><strong>dictu,</strong></span> <span class='ocrx_word' id='word_1_728' title='bbox 3261 4836 3427 4896; x_wconf 91' lang='lat' dir='ltr'><strong>atque</strong></span> <span class='ocrx_word' id='word_1_729' title='bbox 3494 4846 3592 4883; x_wconf 85' lang='lat' dir='ltr'><strong>au-</strong></span> 
     </span>
    </p>
   </div>
   <div class='ocr_carea' id='block_1_108' title="bbox 2017 4916 3591 4986">
    <p class='ocr_par' dir='ltr' id='par_1_108' title="bbox 2017 4916 3591 4986">
     <span class='ocr_line' id='line_1_108' title="bbox 2017 4916 3591 4986; baseline 0.001 -15"><span class='ocrx_word' id='word_1_730' title='bbox 2017 4916 2155 4986; x_wconf 89' lang='lat' dir='ltr'><strong>ditu)</strong></span> <span class='ocrx_word' id='word_1_731' title='bbox 2188 4916 2336 4970; x_wconf 91' lang='lat' dir='ltr'><strong>tubis</strong></span> <span class='ocrx_word' id='word_1_732' title='bbox 2358 4931 2422 4969; x_wconf 87' lang='lat' dir='ltr'><strong>ac</strong></span> <span class='ocrx_word' id='word_1_733' title='bbox 2478 4918 2753 4984; x_wconf 83' lang='lat' dir='ltr'><strong>tympanis</strong></span> <span class='ocrx_word' id='word_1_734' title='bbox 2801 4919 3198 4984; x_wconf 69' lang='lat' dir='ltr'><strong>praeeuntibus,</strong></span> <span class='ocrx_word' id='word_1_735' title='bbox 3268 4930 3481 4986; x_wconf 89' lang='lat' dir='ltr'><strong>raptum</strong></span> <span class='ocrx_word' id='word_1_736' title='bbox 3527 4937 3591 4972; x_wconf 78' lang='lat' dir='ltr'><strong>cx</strong></span> 
     </span>
    </p>
   </div>
   <div class='ocr_carea' id='block_1_109' title="bbox 2020 5006 3596 5080">
    <p class='ocr_par' dir='ltr' id='par_1_109' title="bbox 2020 5006 3596 5080">
     <span class='ocr_line' id='line_1_109' title="bbox 2020 5006 3596 5080; baseline 0.002 -19"><span class='ocrx_word' id='word_1_737' title='bbox 2020 5009 2154 5061; x_wconf 89' lang='lat' dir='ltr'><strong>urbe</strong></span> <span class='ocrx_word' id='word_1_738' title='bbox 2177 5010 2367 5061; x_wconf 87' lang='lat' dir='ltr'><strong>hostes</strong></span> <span class='ocrx_word' id='word_1_739' title='bbox 2400 5007 2466 5059; x_wconf 90' lang='lat' dir='ltr'><strong>ad</strong></span> <span class='ocrx_word' id='word_1_740' title='bbox 2526 5008 2761 5059; x_wconf 89' lang='lat' dir='ltr'><strong>tentoria</strong></span> <span class='ocrx_word' id='word_1_741' title='bbox 2813 5006 3087 5069; x_wconf 87' lang='lat' dir='ltr'><strong>deferunt.</strong></span> <span class='ocrx_word' id='word_1_742' title='bbox 3153 5018 3317 5078; x_wconf 89' lang='lat' dir='ltr'><strong>sputo</strong></span> <span class='ocrx_word' id='word_1_743' title='bbox 3373 5013 3596 5080; x_wconf 79' lang='lat' dir='ltr'><strong>lutoque</strong></span> 
     </span>
    </p>
   </div>
   <div class='ocr_carea' id='block_1_110' title="bbox 2020 5098 3590 5167">
    <p class='ocr_par' dir='ltr' id='par_1_110' title="bbox 2020 5098 3590 5167">
     <span class='ocr_line' id='line_1_110' title="bbox 2020 5098 3590 5167; baseline 0.003 -15"><span class='ocrx_word' id='word_1_744' title='bbox 2020 5098 2251 5161; x_wconf 80' lang='lat' dir='ltr'><strong>foedant,</strong></span> <span class='ocrx_word' id='word_1_745' title='bbox 2286 5106 2339 5150; x_wconf 90' lang='lat' dir='ltr'><strong>et</strong></span> <span class='ocrx_word' id='word_1_746' title='bbox 2368 5099 2434 5151; x_wconf 87' lang='lat' dir='ltr'><strong>ad</strong></span> <span class='ocrx_word' id='word_1_747' title='bbox 2478 5107 2680 5151; x_wconf 71' lang='lat' dir='ltr'><strong>nostrae</strong></span> <span class='ocrx_word' id='word_1_748' title='bbox 2699 5098 2987 5167; x_wconf 86' lang='lat' dir='ltr'><strong>religionis</strong></span> <span class='ocrx_word' id='word_1_749' title='bbox 3016 5100 3331 5156; x_wconf 84' lang='lat' dir='ltr'><strong>irrisionem</strong></span> <span class='ocrx_word' id='word_1_750' title='bbox 3389 5103 3590 5158; x_wconf 88' lang='lat' dir='ltr'><strong>iterum</strong></span> 
     </span>
    </p>
   </div>
   <div class='ocr_carea' id='block_1_111' title="bbox 2018 5187 3591 5260">
    <p class='ocr_par' dir='ltr' id='par_1_111' title="bbox 2018 5187 3591 5260">
     <span class='ocr_line' id='line_1_111' title="bbox 2018 5187 3591 5260; baseline 0.001 -19"><span class='ocrx_word' id='word_1_751' title='bbox 2018 5187 2169 5242; x_wconf 91' lang='lat' dir='ltr'><strong>cruci</strong></span> <span class='ocrx_word' id='word_1_752' title='bbox 2208 5188 2471 5256; x_wconf 80' lang='lat' dir='ltr'><strong>aiiigunt:</strong></span> <span class='ocrx_word' id='word_1_753' title='bbox 2503 5187 2629 5240; x_wconf 87' lang='lat' dir='ltr'><strong>exin</strong></span> <span class='ocrx_word' id='word_1_754' title='bbox 2660 5188 2822 5257; x_wconf 91' lang='lat' dir='ltr'><strong>pileo,</strong></span> <span class='ocrx_word' id='word_1_755' title='bbox 2855 5204 3019 5257; x_wconf 89' lang='lat' dir='ltr'><strong>quem</strong></span> <span class='ocrx_word' id='word_1_756' title='bbox 3048 5191 3323 5244; x_wconf 88' lang='lat' dir='ltr'><strong>sartulum</strong></span> <span class='ocrx_word' id='word_1_757' title='bbox 3374 5208 3591 5260; x_wconf 76' lang='lat' dir='ltr'><strong>vocant,</strong></span> 
     </span>
    </p>
   </div>
   <div class='ocr_carea' id='block_1_112' title="bbox 2018 5277 3596 5349">
    <p class='ocr_par' dir='ltr' id='par_1_112' title="bbox 2018 5277 3596 5349">
     <span class='ocr_line' id='line_1_112' title="bbox 2018 5277 3596 5349; baseline 0.003 -17"><span class='ocrx_word' id='word_1_758' title='bbox 2018 5280 2185 5347; x_wconf 84' lang='lat' dir='ltr'><strong>capiti</strong></span> <span class='ocrx_word' id='word_1_759' title='bbox 2216 5279 2339 5347; x_wconf 86' lang='lat' dir='ltr'><strong>ejus</strong></span> <span class='ocrx_word' id='word_1_760' title='bbox 2365 5277 2645 5348; x_wconf 90' lang='lat' dir='ltr'><strong>imposito,</strong></span> <span class='ocrx_word' id='word_1_761' title='bbox 2678 5294 2880 5333; x_wconf 92' lang='lat' dir='ltr'><strong>corona</strong></span> <span class='ocrx_word' id='word_1_762' title='bbox 2916 5281 3159 5349; x_wconf 91' lang='lat' dir='ltr'><strong>undique</strong></span> <span class='ocrx_word' id='word_1_763' title='bbox 3188 5283 3327 5335; x_wconf 89' lang='lat' dir='ltr'><strong>facta</strong></span> <span class='ocrx_word' id='word_1_764' title='bbox 3380 5284 3596 5338; x_wconf 82' lang='lat' dir='ltr'><strong>succla-</strong></span> 
     </span>
    </p>
   </div>
   <div class='ocr_carea' id='block_1_113' title="bbox 2020 5369 3595 5442">
    <p class='ocr_par' dir='ltr' id='par_1_113' title="bbox 2020 5369 3595 5442">
     <span class='ocr_line' id='line_1_113' title="bbox 2020 5369 3595 5442; baseline 0.003 -19"><span class='ocrx_word' id='word_1_765' title='bbox 2020 5380 2170 5423; x_wconf 69' lang='lat' dir='ltr'><strong>mant</strong></span> <span class='ocrx_word' id='word_1_766' title='bbox 2199 5386 2214 5426; x_wconf 84' lang='lat'><strong>:</strong></span> <span class='ocrx_word' id='word_1_767' title='bbox 2250 5369 2348 5423; x_wconf 84' lang='lat' dir='ltr'><strong>Hic</strong></span> <span class='ocrx_word' id='word_1_768' title='bbox 2372 5381 2447 5423; x_wconf 78' lang='lat' dir='ltr'><strong>est</strong></span> <span class='ocrx_word' id='word_1_769' title='bbox 2478 5370 2907 5425; x_wconf 80' lang='lat' dir='ltr'><strong>Christianorum</strong></span> <span class='ocrx_word' id='word_1_770' title='bbox 2956 5370 3098 5424; x_wconf 80' lang='lat' dir='ltr'><strong>Deus</strong></span> <span class='ocrx_word' id='word_1_771' title='bbox 3125 5387 3144 5434; x_wconf 89' lang='lat'><strong><em>;</em></strong></span> <span class='ocrx_word' id='word_1_772' title='bbox 3195 5382 3305 5425; x_wconf 89' lang='lat' dir='ltr'><strong>tum</strong></span> <span class='ocrx_word' id='word_1_773' title='bbox 3362 5374 3595 5442; x_wconf 83' lang='lat' dir='ltr'><strong>lapides.</strong></span> 
     </span>
    </p>
   </div>
   <div class='ocr_carea' id='block_1_114' title="bbox 2024 5462 3597 5530">
    <p class='ocr_par' dir='ltr' id='par_1_114' title="bbox 2024 5462 3597 5530">
     <span class='ocr_line' id='line_1_114' title="bbox 2024 5462 3597 5530; baseline 0.003 -15"><span class='ocrx_word' id='word_1_774' title='bbox 2024 5465 2306 5530; x_wconf 66' lang='lat' dir='ltr'><strong>lutumque</strong></span> <span class='ocrx_word' id='word_1_775' title='bbox 2343 5462 2612 5530; x_wconf 77' lang='lat' dir='ltr'><strong>iactantes</strong></span> <span class='ocrx_word' id='word_1_776' title='bbox 2672 5463 2827 5517; x_wconf 85' lang='lat' dir='ltr'><strong>miris</strong></span> <span class='ocrx_word' id='word_1_777' title='bbox 2859 5462 3222 5518; x_wconf 69' lang='lat' dir='ltr'><strong>dehonestent</strong></span> <span class='ocrx_word' id='word_1_778' title='bbox 3260 5466 3457 5519; x_wconf 90' lang='lat' dir='ltr'><strong>modis.</strong></span> <span class='ocrx_word' id='word_1_779' title='bbox 3492 5466 3597 5520; x_wconf 78' lang='lat' dir='ltr'><strong>Sed</strong></span> 
     </span>
    </p>
   </div>
   <div class='ocr_carea' id='block_1_115' title="bbox 2024 5552 3599 5629">
    <p class='ocr_par' dir='ltr' id='par_1_115' title="bbox 2024 5552 3599 5629">
     <span class='ocr_line' id='line_1_115' title="bbox 2024 5552 3599 5629; baseline 0.003 -22"><span class='ocrx_word' id='word_1_780' title='bbox 2024 5555 2161 5607; x_wconf 91' lang='lat' dir='ltr'><strong>nihil</strong></span> <span class='ocrx_word' id='word_1_781' title='bbox 2193 5556 2305 5607; x_wconf 78' lang='lat' dir='ltr'><strong>haec</strong></span> <span class='ocrx_word' id='word_1_782' title='bbox 2339 5554 2538 5605; x_wconf 81' lang='lat' dir='ltr'><strong>obsunt</strong></span> <span class='ocrx_word' id='word_1_783' title='bbox 2571 5552 2682 5607; x_wconf 88' lang='lat' dir='ltr'><strong>Deo</strong></span> <span class='ocrx_word' id='word_1_784' title='bbox 2719 5565 2909 5608; x_wconf 90' lang='lat' dir='ltr'><strong>nostro</strong></span> <span class='ocrx_word' id='word_1_785' title='bbox 2946 5555 3140 5609; x_wconf 73' lang='lat' dir='ltr'><strong>cmlum</strong></span> <span class='ocrx_word' id='word_1_786' title='bbox 3170 5558 3396 5625; x_wconf 89' lang='lat' dir='ltr'><strong>tenenti,</strong></span> <span class='ocrx_word' id='word_1_787' title='bbox 3422 5560 3599 5629; x_wconf 88' lang='lat' dir='ltr'><strong>inquit</strong></span> 
     </span>
    </p>
   </div>
   <div class='ocr_carea' id='block_1_116' title="bbox 2023 5643 3597 5720">
    <p class='ocr_par' dir='ltr' id='par_1_116' title="bbox 2023 5643 3597 5720">
     <span class='ocr_line' id='line_1_116' title="bbox 2023 5643 3597 5720; baseline 0.004 -22"><span class='ocrx_word' id='word_1_788' title='bbox 2023 5648 2125 5699; x_wconf 89' lang='lat' dir='ltr'><strong>hoc</strong></span> <span class='ocrx_word' id='word_1_789' title='bbox 2157 5647 2273 5697; x_wconf 86' lang='lat' dir='ltr'><strong>luco</strong></span> <span class='ocrx_word' id='word_1_790' title='bbox 2308 5643 2514 5697; x_wconf 55' lang='lat' dir='ltr'><strong>{Encas</strong></span> <span class='ocrx_word' id='word_1_791' title='bbox 2540 5645 2782 5713; x_wconf 81' lang='lat' dir='ltr'><strong>Sylvius,</strong></span> <span class='ocrx_word' id='word_1_792' title='bbox 2819 5662 2917 5700; x_wconf 90' lang='lat' dir='ltr'><strong>nec</strong></span> <span class='ocrx_word' id='word_1_793' title='bbox 2936 5648 3276 5716; x_wconf 71' lang='lat' dir='ltr'><strong>maiestatem</strong></span> <span class='ocrx_word' id='word_1_794' title='bbox 3309 5650 3427 5718; x_wconf 87' lang='lat' dir='ltr'><strong>ejus</strong></span> <span class='ocrx_word' id='word_1_795' title='bbox 3461 5667 3597 5720; x_wconf 90' lang='lat' dir='ltr'><strong>quo-</strong></span> 
     </span>
    </p>
   </div>
   <div class='ocr_carea' id='block_1_117' title="bbox 2022 5738 3594 5813">
    <p class='ocr_par' dir='ltr' id='par_1_117' title="bbox 2022 5738 3594 5813">
     <span class='ocr_line' id='line_1_117' title="bbox 2022 5738 3594 5813; baseline 0.004 -22"><span class='ocrx_word' id='word_1_796' title='bbox 2022 5754 2128 5806; x_wconf 91' lang='lat' dir='ltr'><strong>quo</strong></span> <span class='ocrx_word' id='word_1_797' title='bbox 2154 5738 2312 5790; x_wconf 90' lang='lat' dir='ltr'><strong>modo</strong></span> <span class='ocrx_word' id='word_1_798' title='bbox 2356 5738 2679 5791; x_wconf 83' lang='lat' dir='ltr'><strong>imminuere</strong></span> <span class='ocrx_word' id='word_1_799' title='bbox 2743 5749 2992 5805; x_wconf 89' lang='lat' dir='ltr'><strong>possunt,</strong></span> <span class='ocrx_word' id='word_1_800' title='bbox 3044 5740 3203 5809; x_wconf 85' lang='lat' dir='ltr'><strong>cujus</strong></span> <span class='ocrx_word' id='word_1_801' title='bbox 3266 5758 3330 5795; x_wconf 90' lang='lat' dir='ltr'><strong>ea</strong></span> <span class='ocrx_word' id='word_1_802' title='bbox 3373 5754 3459 5797; x_wconf 86' lang='lat' dir='ltr'><strong>est</strong></span> <span class='ocrx_word' id='word_1_803' title='bbox 3485 5746 3594 5813; x_wconf 90' lang='lat' dir='ltr'><strong>glo-</strong></span> 
     </span>
    </p>
   </div>
   <div class='ocr_carea' id='block_1_118' title="bbox 2024 5829 3595 5904">
    <p class='ocr_par' dir='ltr' id='par_1_118' title="bbox 2024 5829 3595 5904">
     <span class='ocr_line' id='line_1_118' title="bbox 2024 5829 3595 5904; baseline 0.006 -17"><span class='ocrx_word' id='word_1_804' title='bbox 2024 5833 2120 5901; x_wconf 76' lang='lat' dir='ltr'><strong>tia,</strong></span> <span class='ocrx_word' id='word_1_805' title='bbox 2160 5846 2222 5887; x_wconf 86' lang='lat' dir='ltr'><strong>ea</strong></span> <span class='ocrx_word' id='word_1_806' title='bbox 2253 5829 2582 5897; x_wconf 80' lang='lat' dir='ltr'><strong>sublimitas,</strong></span> <span class='ocrx_word' id='word_1_807' title='bbox 2614 5845 2677 5886; x_wconf 90' lang='lat' dir='ltr'><strong>ea</strong></span> <span class='ocrx_word' id='word_1_808' title='bbox 2711 5831 3065 5887; x_wconf 80' lang='lat' dir='ltr'><strong>beatitudinis</strong></span> <span class='ocrx_word' id='word_1_809' title='bbox 3090 5834 3377 5904; x_wconf 79' lang='lat' dir='ltr'><strong>perfectio,</strong></span> <span class='ocrx_word' id='word_1_810' title='bbox 3410 5848 3467 5891; x_wconf 89' lang='lat' dir='ltr'><strong>ut</strong></span> <span class='ocrx_word' id='word_1_811' title='bbox 3496 5854 3595 5896; x_wconf 87' lang='lat' dir='ltr'><strong>nec</strong></span> 
     </span>
    </p>
   </div>
  </div>
