4164 6426
639 341 736 398 $5.

1627 348 1992 409 lSIDORL’S
2029 352 2069 410 S
2138 353 2207 411 R.
2258 353 2320 414 Ε.
2369 356 2834 419 CARDINALIS

3795 364 3902 427 952

640 464 896 524 laudum,
923 470 1175 528 humanis
1198 476 1408 540 auom,
1465 493 1564 532 nec
1603 479 1877 534 humiliari
1933 483 2216 552 “mperiis
2251 471 2290 524 Δ
2325 468 2635 524 deratorum
2664 486 2946 525 numerum
2979 472 3294 532 inihant,ac
3318 487 3549 542 corpora
3584 474 3790 542 passim
3813 478 3898 544 ja-

644 575 936 628 pravorum
961 568 1152 634 possit.
1170 565 1276 621 Nos
1299 569 1404 622 ista
1420 569 1642 635 lzedunt,
1667 584 1831 641 atque
1847 576 2212 637 confundunt,

649 653 740 719 qui
779 668 873 720 per
904 653 1170 724 ignatiatn
1208 668 1371 726 atque
1430 660 1718 729 desidiam,
1765 666 1893 719 dum
1937 669 2048 722 veri
2123 670 2212 724 Dei

643 745 846 798 cultmn
886 763 918 816 p
938 750 1057 803 -rire
1085 751 1344 814 sinimus,
1380 764 1431 809 et
1459 755 1511 809 in
1537 758 1638 810 hoc
1669 759 1872 811 saeculo
1902 758 2101 813 bonum
2121 777 2215 815 no-

641 854 786 903 tllt'l),
810 843 938 892 etin
966 841 1136 893 altero
1154 858 1301 910 spem
1324 847 1520 900 salutis
1543 848 1869 904 amittimus.
1890 852 2030 916 Quin
2052 852 2215 919 igitur

641 945 672 995 p
710 931 833 986 sitis
863 933 1020 987 bellis
1051 946 1315 992 coeuntes
1348 937 1641 994 Christiani
1665 942 1804 998 hanc
1835 952 2039 997 tantam
2076 946 2213 1014 inju-

640 1025 772 1076 riatn
815 1026 1197 1081 vindicamus?

707 1112 839 1166 Post
870 1115 982 1170 haec
1013 1118 1335 1174 eonvivatus
1363 1119 1722 1186 Slahnmctes,
1746 1140 1868 1178 cum
1903 1126 2064 1179 solito
2094 1129 2213 1196 plus

638 1221 657 1253 \
674 1206 747 1258 ini
770 1207 1134 1274 adhibuisset,
1164 1219 1220 1265 ut
1239 1215 1555 1282 sanguinem
1573 1218 2089 1286 truculentus‘mero
2113 1220 2213 1273 ad-

639 1298 815 1365 deret,
832 1301 1106 1370 principes
1123 1304 1522 1376 Optimatesque
1545 1310 1788 1362 civitatis
1809 1323 2017 1379 captos,
2052 1312 2214 1382 inque

637 1401 990 1459 conspectum
1033 1394 1308 1451 admissos
1339 1410 1624 1469 postquam
1648 1405 1815 1470 probe
1857 1403 1965 1458 illis
2007 1405 2215 1460 illusis-

637 1489 738 1544 set,
761 1483 1002 1540 crudelis
1033 1497 1083 1541 et
1127 1491 1516 1559 sanguinarius
1547 1493 1790 1548 carnifex
1821 1494 1964 1550 {cede
1988 1497 2212 1551 misere-

637 1590 742 1640 que
764 1573 1004 1645 jugulari
1034 1580 1219 1645 jussit.
1260 1580 1538 1638 Sirelucas
1582 1586 1834 1656 princeps
1860 1589 1956 1642 alti
1988 1591 2213 1660 sangui-

641 1667 746 1730 nis,
770 1668 861 1736 qui
889 1672 1028 1738 apud
1059 1671 1473 1728 Constantinum
1500 1677 1793 1744 plurimum
1815 1690 2047 1747 poterat,
2074 1696 2214 1736 caeso

639 1763 770 1810 ante
795 1757 986 1812 oculos
1015 1761 1207 1830 majori
1241 1765 1373 1828 ﬁlio,
1405 1765 1599 1830 altero,
1635 1770 1780 1836 quod
1810 1771 2093 1838 speciosus
2123 1786 2215 1825 es-

641 1857 745 1910 set,
775 1847 840 1900 ad
871 1849 1092 1906 illicitos
1117 1869 1250 1909 usus
1275 1867 1572 1923 reservato,
1601 1860 1778 1914 securi
1801 1876 2091 1930 percussus
2110 1875 2212 1915 est.

644 1938 760 1992 Duo
795 1941 918 2009 ejus
956 1944 1045 1998 alii
1077 1947 1168 2000 lilii
1219 1948 1606 2004 oceitlerantin
1647 1953 1807 2007 bello.
1839 1952 2074 2008 Uxorem
2104 1955 2214 2008 im-

642 2033 916 2091 tieratmis
944 2033 1314 2103 Constantini,
1337 2040 1490 2106 lilias,
1524 2043 1837 2114 primasque
1877 2045 2016 2102 aulae
2053 2047 2218 2117 virgi-

643 2139 759 2190 nes,
800 2141 864 2179 ac
897 2138 1176 2185 matronas
1208 2133 1482 2203 principes
1509 2134 1671 2201 iussit
1693 2149 1960 2207 tyrannus
2012 2141 2063 2192 in
2087 2155 2218 2194 con-

640 2215 842 2269 vivium
872 2219 1092 2274 adduci.
1113 2222 1188 2276 lbi
1215 2226 1450 2292 primum
1489 2228 1556 2280 ab
1579 2230 1692 2298 ipso
1716 2229 2218 2294 Mahumete,aliis~

639 2325 744 2374 que
773 2310 1018 2375 ejusdem
1055 2318 1292 2384 satrapis
1357 2330 1748 2388 constuprataz,
1785 2325 2010 2390 pusulae
2076 2323 2213 2376 nihil

643 2397 951 2451 \nlcntibus
999 2404 1250 2469 precibus
1285 2411 1336 2458 in
1372 2405 1543 2461 frusta
1584 2409 1831 2463 dissettte
1860 2422 2011 2465 sunt.
2041 2411 2216 2480 Caput

648 2487 990 2545 Constantini
1012 2494 1079 2547 ab
1099 2496 1321 2549 invento
1339 2499 1601 2554 cadavere
1622 2500 1921 2568 desectum,
1942 2503 2216 2573 hastaeque

652 2583 895 2650 alﬁxum,
911 2596 970 2640 ut
988 2588 1244 2642 omnibus
1266 2589 1498 2645 ludibrio
1515 2602 1681 2657 esset,
1700 2610 1794 2662 per
1812 2596 1962 2650 urbis
1980 2601 2213 2665 compita

643 2687 689 2726 et
723 2688 899 2730 castra
934 2681 1168 2732 maximo
1193 2699 1315 2735 tum
1343 2686 1542 2751 probro
1578 2687 1956 2740 circumlatum
1989 2700 2092 2743 est.
2117 2688 2216 2741 Fe-

648 2776 794 2830 tnnt,
816 2769 903 2836 qui
934 2773 1120 2839 copias
1139 2772 1464 2829 Malmmetis
1489 2788 1794 2845 compertas
1820 2780 2080 2843 habuere,
2109 2789 2217 2833 tre-

646 2871 800 2912 centa
840 2859 1003 2915 fuisse
1055 2865 1222 2918 millia
1265 2876 1648 2934 pugnatorum,
1680 2871 1772 2938 qui
1805 2871 1992 2924 urbem
2056 2873 2212 2926 nobi-

648 2952 910 3007 lissimam
967 2971 995 3008 a
1053 2968 1196 3010 terra
1243 2961 1640 3028 Oppugnarint;
1696 2977 1724 3016 a
1789 2965 1925 3017 mari
1990 2965 2211 3034 triginta

649 3044 839 3110 millia,
889 3049 1148 3102 trecentis
1201 3051 1333 3104 velis
1377 3052 1668 3106 adnotatis.
1719 3054 1896 3123 Atque
1929 3055 2002 3109 ita
2037 3071 2213 3126 expu-

2317 563 2494 616 centia
2522 564 2900 633 explorabant,
2926 567 3133 634 iagenti
3165 567 3291 620 elati
3324 569 3525 637 gaudio
3547 580 3897 636 repererunt,

2317 663 2370 706 et
2395 655 2640 724 ejusdem
2667 656 2957 724 praecisum
2977 667 3141 726 caput
3199 673 3362 712 roseo
3389 667 3709 714 contectum
3745 662 3893 727 pileo

2319 747 2485 800 hasta:
2517 747 2763 817 infigunt;
2794 763 2857 802 ac
2883 750 3154 804 clamante
3182 768 3453 819 prtecone,
3478 753 3622 807 Illud
3656 773 3771 808 esse
3805 773 3894 807 ca-

2315 847 2409 906 put
2448 840 2744 894 cardinalis
2770 840 3016 906 Rutheni,
3043 858 3138 911 per
3176 855 3348 913 capta
3381 845 3618 900 civitatis
3649 850 3892 916 compita

2318 932 2540 1000 viasque
2572 933 2744 987 multa
2783 949 2906 988 cum
2943 934 3200 988 irrisione
3237 936 3658 992 circumferunt.
3689 939 3895 993 lllein-

2319 1023 2475 1076 terim
2502 1023 2657 1078 vivus
2681 1024 2822 1092 apud
2857 1025 3160 1080 Turcarum
3192 1028 3496 1096 principem
3529 1031 3766 1085 sordidis
3791 1032 3896 1086 de-

2316 1119 2552 1174 stinatus
2573 1120 2892 1175 ministeriis
2916 1122 3137 1178 latebat.
3165 1125 3282 1190 Qua
3302 1126 3569 1180 servitute
3595 1142 3700 1180 non
3725 1130 3901 1180 multo

2319 1217 2438 1276 post
2490 1209 2655 1278 (quod
2695 1210 2818 1264 vilis
2848 1212 3145 1266 homuncio
3186 1216 3545 1283 crederetur)
3606 1219 3902 1286 persolutis

2319 1302 2580 1355 trecentis
2632 1303 2844 1370 asperis
2897 1314 3203 1373 exemptus,
3239 1317 3553 1362 transverso
3587 1323 3754 1362 cursu
3791 1310 3900 1364 Bo-

2318 1403 2463 1442 ntam
2497 1391 2764 1456 pervenit.
2799 1392 2900 1447 [Ibi
2927 1408 2954 1446 a
2989 1392 3217 1448 Nicolao
3243 1397 3285 1450 ν
3325 1396 3481 1452 Pont.
3517 1397 3664 1452 Max.
3713 1402 3903 1454 multis

2319 1482 2637 1536 muneribus
2690 1483 2743 1536 in
2779 1484 2952 1538 vicem
2984 1486 3234 1541 laborum
3266 1489 3526 1553 donatus,
3586 1493 3730 1543 trino
3776 1507 3905 1547 sen-

2318 1569 2419 1623 sim
2447 1571 2785 1640 episcopatu,
2811 1576 3068 1630 nimirum
3100 1577 3417 1645 Sabinensi,
3452 1581 3808 1650 Cerpbiensi,
3840 1599 3906 1637 ac

2319 1662 2644 1728 Nicasicnsi,
2667 1676 2861 1722 auctus
2892 1679 2976 1723 est
3003 1687 3016 1719 :
3055 1671 3259 1738 quibus
3300 1689 3424 1727 cum
3461 1690 3653 1729 novem
3682 1676 3906 1730 circiter

2319 1756 2478 1809 annis
2522 1773 2733 1813 summa
2767 1761 2889 1815 vitae
2924 1761 3234 1830 integritate
3254 1774 3421 1830 atque
3447 1767 3740 1833 prudentia
3763 1783 3903 1834 pm-

2321 1847 2533 1912 luisset,
2572 1851 2790 1906 tandem
2829 1869 2973 1908 anno
3004 1855 3162 1919 1465,
3197 1857 3281 1910 die
3304 1856 3374 1911 27
3429 1859 3636 1927 Aprilis
3684 1871 3897 1915 natura:

2323 1940 2562 1995 debitum
2591 1943 2774 1998 Rome
2799 1947 3054 2009 exsolvit,
3083 1964 3284 2017 magno
3318 1952 3563 2004 omnium
3595 1952 3744 2005 luctu
3775 1963 3900 2021 post

2321 2035 2526 2087 obitum
2565 2038 2824 2092 conditus
2855 2038 2922 2093 ad
2962 2039 3225 2095 Sanctum
3265 2041 3486 2097 Petrum
3515 2044 3569 2096 in
3607 2043 3899 2099 Vaticano.

2395 2125 2467 2180 De
2504 2129 2719 2182 Isidoro
2748 2131 3028 2188 eardinalc
3049 2149 3220 2203 agens
3241 2134 3518 2190 Laonicus
3545 2137 3904 2210 Cbalcondy-

2323 2222 2401 2274 las
2422 2223 2534 2276 haec
2566 2225 2724 2279 habet
2755 2243 2769 2281 :
2810 2224 2878 2279 In
2915 2229 3012 2281 hac
3042 2245 3216 2282 rerum
3272 2231 3428 2283 turba
3452 2231 3749 2284 miserabili
3781 2234 3901 2296 (lo-

2320 2316 2506 2383 quitur
2562 2317 2630 2370 de
2682 2318 2836 2373 urbis
2887 2321 3524 2392 Constantinopolitame
3560 2325 3900 2393 direptione)

2319 2421 2501 2475 raptus
2533 2420 2606 2463 cst
2643 2411 2936 2463 cardinalis
2969 2410 3212 2467 Isidorus
3254 2413 3628 2468 Sarmatarum
3659 2417 3901 2474 antistes,

2318 2501 2407 2568 qui
2427 2504 2614 2554 ductus
2641 2505 2692 2555 in
2717 2503 2991 2556 Galatiam
3030 2507 3207 2558 urbem
3242 2509 3486 2560 venditus
3517 2519 3618 2568 est,
3658 2512 3748 2559 sel
3779 2525 3905 2560 con-

2319 2608 2507 2644 sceusa
2540 2594 2661 2645 navi
2683 2595 2925 2664 profugit
2956 2597 3008 2648 iu
3041 2595 3479 2664 Peloponnesum.
3501 2598 3560 2652 Si
3585 2615 3678 2650 rex
3707 2599 3907 2650 Turra-

2321 2701 2437 2736 rum
2471 2686 2638 2737 cirum
2665 2689 2803 2739 hunc
2837 2689 3083 2751 novisset,
3129 2690 3374 2742 videlicet
3420 2692 3561 2759 quod
3608 2693 3904 2743 cardinalis

2319 2786 2471 2839 esset,
2503 2789 2640 2831 certe
2667 2796 2784 2832 eum
2811 2781 3191 2847 interfecisset;
3219 2799 3337 2832 cum
3368 2797 3485 2834 eum
3514 2783 3655 2834 inter
3685 2793 3904 2835 cateros

2320 2871 2549 2922 occisum
2574 2881 2782 2935 putaret
2812 2913 2824 2930 ,
2856 2873 3056 2924 nullam
3095 2873 3209 2940 ejus
3248 2874 3504 2926 rationem
3565 2874 3810 2926 habebat.
3849 2873 3903 2925 ln

2322 2961 2561 3016 concilio
2588 2961 2908 3019 Florentino
2938 2966 3041 3019 sub
3089 2964 3334 3029 Eugenio
3364 2963 3426 3018 IV
3451 2965 3749 3026 celebrato,
3781 2980 3907 3032 pro-

2321 3053 2559 3109 cessioni
2593 3053 2832 3124 Spiritus
2859 3057 3034 3110 sancti
3089 3071 3155 3110 ex
3183 3056 3344 3109 Patre
3383 3067 3436 3109 et
3475 3056 3638 3117 Filio,
3705 3057 3905 3110 tertius

647 3143 802 3198 gnata
831 3136 1284 3208 quinquagesimo
1315 3151 1469 3195 sexto
1510 3143 1578 3196 ab
1617 3143 1904 3198 obsidione
1941 3148 2030 3200 die
2073 3146 2218 3200 Con-
2246 3153 2286 3208 C
2322 3155 2443 3215 post
2478 3146 2868 3215 imperatorem
2901 3146 3217 3202 Graecorum
3242 3162 3341 3216 pro
3369 3147 3647 3201 Dorotheo
3672 3150 3908 3213 patriar-

649 3230 1024 3298 staltlinopoli,
1045 3233 1332 3302 imperium
1353 3235 1788 3290 Ch:-isti.morum
1822 3239 2213 3306 imperatorum

651 3325 700 3376 in
725 3323 943 3378 Oriente
974 3341 1120 3382 anno
1154 3329 1348 3383 salutis
1381 3331 1522 3385 1455
1549 3332 1788 3395 (initum,
1823 3335 2004 3389 nobile
2038 3347 2092 3390 et
2117 3352 2214 3390 an-

653 3421 1012 3485 tqnissinmm
1051 3441 1064 3474 :
1103 3423 1248 3490 quod
1293 3425 1396 3479 sub
1446 3435 1714 3494 potestate
1759 3427 2008 3481 ﬁdelium
2059 3430 2219 3484 annis

650 3510 941 3563 duraverat
973 3512 1266 3581 nonaginta
1293 3521 1349 3568 et
1371 3528 1480 3568 uno
1510 3530 1683 3584 supra
1707 3528 1926 3570 centum
1961 3526 2016 3571 et
2046 3518 2217 3573 mille.

651 3601 709 3652 tit
734 3606 875 3670 quod
909 3612 1100 3656 notalu
1130 3603 1538 3675 dignissimum,
1564 3606 1960 3662 Constantinus
1991 3608 2219 3670 Magnus

655 3694 865 3748 Helena:
885 3696 1046 3758 lilius,
1070 3697 1275 3764 primus
1301 3697 1427 3751 illud
1457 3697 1728 3763 fundavit,
1761 3710 1813 3753 et
1839 3701 2014 3754 erexit
2045 3703 2220 3754 :altcr

656 3804 781 3838 vero
829 3788 1224 3844 (Ionsmntinns
1277 3788 1712 3858 XVimperator,
1765 3791 1949 3845 itidem
2006 3790 2222 3845 Helena:

657 3881 823 3944 nilus,
863 3881 992 3935 illttd
1025 3882 1207 3935 amisit
1236 3900 1248 3934 :
1282 3892 1340 3936 ut
1370 3882 1582 3935 initium
1611 3882 1702 3935 lini
1730 3884 2109 3938 concordaret.

727 3973 782 4025 ln
808 3975 907 4025 hac
928 3975 1258 4034 calamitate,
1281 3983 1332 4026 ct
1353 3974 1572 4042 publico
1593 3974 1945 4029 nobilissimze
1963 3976 2114 4030 urbis
2131 3991 2221 4030 ex-

655 4066 800 4119 cidio
826 4064 1064 4121 Isidorus
1086 4067 1398 4131 cardinalis,
1449 4067 1768 4135 pontiﬁcius
1797 4082 1860 4120 ea
1892 4077 2216 4136 tempestate

653 4161 717 4212 ad
747 4157 1167 4213 Constantinam
1197 4159 1424 4224 legatus,
1453 4173 1480 4210 a
1513 4158 1769 4212 Barbaris
1789 4157 1854 4212 ad
1872 4175 2055 4213 necem
2079 4176 2225 4229 qum-

653 4253 936 4320 situs,quo
961 4266 1020 4305 se
1049 4251 1489 4320 praesentissima:
1523 4249 1664 4305 cladi
1699 4250 1959 4318 eriperet,
1980 4251 2226 4306 lervente

654 4343 887 4394 luutullll
909 4343 1131 4395 mutatis
1164 4356 1394 4410 propere
1436 4357 1558 4396 cum
1579 4341 1817 4409 jacentis
1847 4343 2112 4396 cadavere
2137 4358 2224 4398 ve-

653 4437 851 4500 szihus,
877 4451 940 4489 ac
965 4435 1284 4503 fugientium
1321 4435 1489 4487 turbae
1524 4434 1796 4488 immistus
1822 4434 1954 4488 urbe
1982 4435 2222 4489 excessit

2325 3239 2427 3291 cha
2479 3237 2825 3292 Antiocheno
2845 3238 2933 3293 bis
2994 3239 3179 3293 verbis
3224 3237 3555 3305 subscripsit
3600 3255 3614 3292 :
3659 3235 3908 3290 Isidorus

2327 3329 2661 3398 metropolita
2697 3328 3010 3382 'Kioriensis
3077 3329 3340 3398 totiusque
3375 3327 3612 3394 Russite,
3652 3342 3701 3383 ct
3731 3332 3908 3383 locum

2329 3436 2506 3476 tenens
2528 3421 2835 3489 apostolica
2867 3421 3006 3474 sedis
3025 3421 3350 3474 sanctissimi
3376 3422 3702 3488 patriarcha:
3730 3423 3907 3475 domi-

2328 3513 2382 3564 ni
2415 3511 2667 3565 Dorotltci
2688 3513 2822 3566 satis
2856 3511 3050 3566 habens
3085 3512 3394 3580 subscripsi.
3423 3512 3478 3566 In
3515 3513 3707 3567 eadem
3736 3529 3911 3583 syno-

2328 3604 2641 3673 do‘pluries
2683 3605 2878 3658 lsidori
2918 3607 3126 3659 mentio
3189 3605 3497 3675 ingeritur;
3537 3607 3788 3660 sessione
3820 3607 3912 3667 25.

2329 3711 2452 3748 cum
2487 3696 2556 3750 de
2583 3699 2935 3766 processione
2954 3695 3195 3766 Spiritus
3220 3699 3396 3751 sancti
3427 3707 3703 3763 ageretur,
3737 3696 3915 3753 Isido-

2331 3804 2423 3841 ius
2452 3797 2578 3843 ante
2613 3787 2993 3842 Bessarionem
3025 3790 3164 3842 dixit
3199 3809 3214 3844 :
3253 3788 3495 3842 Dicimus
3528 3789 3763 3853 Spiritus
3788 3809 3915 3844 san-

2332 3880 2401 3930 cti
2429 3880 2807 3945 processionem
2841 3879 2987 3933 Filio
3013 3897 3215 3949 quoque
3236 3881 3396 3933 tribui
3427 3897 3529 3934 non
3551 3884 3722 3933 solum
3748 3899 3782 3933 a
3813 3881 3915 3934 Pa-

2332 3971 2498 4024 tribus
2525 3970 2977 4036 Occidentalibus,
3009 3972 3096 4025 sed
3119 3974 3281 4023 etiam
3319 3971 3708 4025 Orientalibus.
3758 3971 3912 4034 Qua-

2329 4074 2543 4134 propter
2581 4081 2789 4134 azquum
2813 4075 2914 4130 est,
2945 4074 3000 4117 ut
3028 4075 3236 4118 sanctos
3263 4073 3468 4118 nostros
3497 4073 3770 4131 sequentes
3798 4081 3916 4117 cunt

2331 4157 2570 4211 Romana
2601 4157 2839 4214 Ecclesia
2870 4158 3275 4228 conjuugantur.

2405 4253 2534 4305 Erat
2565 4260 2748 4304 autem
2795 4251 3036 4305 Isidorus
3079 4245 3385 4305 cardinalis
3411 4251 3499 4303 vir
3543 4249 3919 4316 undecunque

2332 4344 2705 4408 doctissimus,
2727 4342 3013 4410 theologus
3034 4343 3344 4397 Graecorum
3366 4344 3618 4412 insignis.
3641 4342 3696 4395 in
3714 4341 3921 4396 divinis

2333 4434 2632 4503 Seripturis
2652 4434 2896 4503 apprime
2919 4441 3194 4493 versatus.
3212 4433 3434 4503 ingenio
3457 4433 3675 4487 subtilis
3691 4443 3746 4486 et
3769 4447 3919 4496 acer,

655 4527 964 4583 incolumis.
1004 4527 1224 4588 Verum,
1259 4527 1349 4594 qui
1380 4527 1642 4579 emcntito
1695 4526 1842 4578 cultu
1879 4535 2108 4579 mortem
2145 4526 2226 4581 ef-
2254 4503 2304 4562 υ
2333 4525 2386 4578 in
2420 4524 2653 4578 dicendo
2677 4539 2946 4578 nervosus
2967 4532 3020 4577 et
3053 4523 3276 4592 gravis:
3314 4523 3436 4592 ejus
3457 4521 3776 4577 facundiam
3798 4532 3920 4575 tan-

653 4628 888 4687 lugerat,
911 4620 1050 4671 haud
1079 4618 1193 4687 pari
1217 4617 1433 4672 fortuna
1469 4617 1785 4671 servitutem
1807 4617 2022 4670 evasit:
2053 4618 2222 4687 siqui-

653 4713 776 4764 dem
815 4711 882 4762 ab
919 4709 1336 4777 insequentibus
1398 4709 1697 4761 victoribus
1746 4718 1962 4776 captus,
2011 4710 2221 4777 etquis

655 4812 799 4857 esset
828 4803 898 4856 ob
923 4818 1100 4856 rasum
1129 4809 1370 4854 mentum
1399 4810 1716 4868 vestemque
1744 4802 2084 4868 peregrinam
2118 4817 2223 4853 non

661 4896 902 4961 agnitus.
953 4893 1312 4947 nihilominus
1345 4892 1396 4945 in
1431 4892 1750 4945 servitutem
1806 4891 2072 4947 abductus
2119 4901 2223 4947 est.

660 4989 864 5040 interea
892 4987 1146 5048 Cadaver,
1173 4985 1316 5054 quod
1335 4993 1688 5052 purpuratum
1723 4981 1982 5036 EccleSia:
2002 4993 2224 5038 senato-

663 5094 772 5132 rem
811 5092 874 5132 ex
906 5076 1100 5146 injecta
1133 5076 1321 5131 lsidori
1361 5085 1507 5129 veste
1538 5073 1926 5135 mentiebatur,
1960 5076 2053 5141 qui
2084 5075 2227 5130 desi-

2333 4632 2496 4685 quam
2525 4632 2591 4669 ex
2622 4631 2803 4685 ungue
2831 4615 3045 4669 leonem
3078 4653 3095 4677 ,
3123 4630 3192 4669 ex
3223 4614 3483 4683 epistola.
3502 4628 3610 4682 qua
3648 4614 3703 4666 in
3732 4613 3916 4666 Thra-

2333 4709 2414 4762 cia
2447 4707 2692 4777 Byzantii
2721 4705 3087 4775 direptionem
3126 4713 3179 4758 et
3225 4704 3483 4759 acerbum
3549 4704 3717 4756 fultus
3757 4705 3919 4762 luxit.

2334 4797 2536 4851 Paulus
2566 4796 2852 4851 Cortesius
2872 4795 2938 4849 de
2958 4795 3302 4849 cardinalatu
3330 4806 3548 4862 persper
3562 4801 3673 4844 tam
3705 4792 3918 4844 habuit.

2337 4893 2523 4947 Dictus
2567 4890 2771 4945 alicubi
2824 4889 3089 4959 facundus
3127 4887 3435 4942 (iustorum
3467 4890 3680 4950 doctor,
3717 4897 3770 4938 et
3804 4900 3922 4953 gen-

2339 4990 2402 5040 tis
2432 4986 2608 5038 decus.
