4164 6426
664 336 772 401 955
1720 345 2017 408 ISIDORI
2058 350 2160 410 AD
2199 350 2228 411 C

2329 352 2851 418 RISTIFIDELES
3810 364 3919 427 956

664 447 935 515 dedicata,
960 449 1012 504 in
1036 451 1115 508 eis
1142 453 1489 510 comedentes
1510 464 1565 512 et
1587 455 1856 525 bibentes,
1890 461 1941 514 in
1974 461 2241 532 reliquum
2270 476 2321 535 Α

663 538 923 604 conﬂata,
968 543 1034 597 ad
1066 544 1327 615 profanos
1362 562 1497 604 usus
1526 550 1950 608 transferentes.

738 630 1046 688 Posuerunt
1086 634 1323 707 denique
1367 652 1562 696 carnes
1614 653 1939 701 sanctorum
1989 658 2231 714 tuorum.

666 725 956 781 morticina
1004 740 1285 784 servorum
1349 740 1590 799 tuorum,
1642 738 1907 809 reliquias
1946 741 2229 798 beatorum

662 826 982 882 corporum,
1050 832 1207 875 escas
1260 821 1577 880 volatilibus
1621 828 1793 884 cteli:
1846 830 2233 901 dispergentes

663 904 791 957 hinc
820 904 945 961 inde
1002 923 1203 965 carnes
1264 923 1582 971 sanctorum
1632 926 1873 988 tuorum,
1914 938 2055 993 quos
2088 928 2236 981 occi—

664 995 889 1064 debant,
930 1000 1123 1059 bestiis
1155 1013 1314 1059 terra:
1343 1023 1359 1059 :
1390 1021 1498 1060 non
1530 1011 1671 1078 erat,
1705 1013 1799 1081 qui
1832 1015 2109 1084 sepeliret.
2141 1018 2234 1072 Al-

664 1089 803 1143 taria
851 1089 1214 1157 sull‘oderunt.
1247 1094 1570 1156 invocantes
1600 1117 1794 1158 nomen
1818 1104 2090 1162 maledicti
2121 1107 2233 1164 Μει-

662 1181 887 1247 ltometi,
943 1184 1227 1242 laudantes
1260 1205 1385 1244 eum
1421 1195 1486 1246 de
1515 1193 1765 1251 victoria.

730 1273 938 1329 Omitto
964 1293 1075 1347 pra:
1105 1280 1335 1349 pudore,
1372 1284 1511 1351 quod
1539 1286 1877 1358 mingebant,
1898 1294 2231 1350 stercoriza-

660 1363 813 1429 bant,
860 1368 1046 1423 omnia
1104 1371 1485 1441 vituperabilia
1530 1381 1864 1436 exercebant
1896 1383 1948 1437 in
1984 1368 2227 1455 templis,

660 1454 993 1524 imaginibus
1050 1468 1104 1515 et
1158 1464 1405 1533 reliquiis
1450 1469 1712 1539 sanctis;
1763 1486 1952 1541 sancta
2000 1478 2229 1537 canibus

659 1544 899 1610 dabant;
948 1553 1273 1618 margaritas
1321 1551 1797 1616 sacramentorum
1846 1573 1972 1621 ante
2023 1582 2220 1636 porcos

661 1634 1047 1700 projiciehant.
1113 1638 1251 1695 Dum
1295 1643 1409 1699 lisse
1453 1649 1657 1713 recolo,
1703 1661 1851 1707 totus
1894 1671 1958 1709 ex
1999 1634 2226 1717 horrore

655 1730 1019 1785 contremisco
1047 1750 1061 1786 :
1111 1750 1212 1790 nec
1245 1739 1469 1794 ulterius
1499 1742 1635 1811 stylo
1666 1760 1892 1802 exarare
1930 1766 2073 1820 queo
2106 1754 2227 1809 illo—

2429 465 2525 520 llis
2566 470 2935 526 atrocisStmis
2965 471 3131 529 rebus
3164 487 3273 529 non
3305 482 3600 532 contentus
3640 476 3925 534 callidissi-

2342 575 2465 615 mus
2505 567 2559 615 et
2588 564 3018 622 cruentissimus
3050 566 3419 634 Maltometus,
3455 567 3918 625 Christicolarum

2338 666 2594 711 summus
2640 654 2899 711 inimicus
2926 696 2942 720 ,
2995 658 3060 713 ad
3113 658 3385 715 ulteriora
3424 642 3825 718 se‘extendit:
3865 673 3925 718 et

2339 743 2592 798 triremes
2617 744 2763 799 inter
2778 761 3004 817 magnas
3024 758 3079 804 et
3100 765 3301 820 parvas
3317 750 3429 820 jam
3449 745 3670 823 centum
3696 763 3924 821 septua-

2335 833 2482 903 ginta
2510 839 2833 907 przeparavit
2859 879 2875 903 ,
2896 847 2951 894 et
2980 839 3048 897 ad
3081 856 3232 898 mare
3265 833 3515 912 meum
3550 843 3703 900 misit
3732 846 3800 899 ad
3830 850 3919 899 in-

2334 924 2483 979 tsulas
2514 924 2782 996 Cycladas
2817 926 2921 983 sibi
2957 929 3348 1001 subjiciendas.
3386 954 3393 959 ·
3496 956 3497 959 η
3608 986 3635 1004 _.
3734 990 3742 997 .

2407 1014 2621 1075 Exinde
2675 1035 2735 1075 se
2804 1031 3080 1091 praeparat
3143 1039 3268 1079 cum
3324 1026 3540 1080 inﬁnito
3566 1028 3822 1092 exercitu
3847 1028 3917 1081 ad

2334 1115 2445 1161 tres
2504 1106 2670 1162 urbes
2713 1110 2985 1167 notabiles
3019 1120 3071 1166 et
3101 1122 3355 1181 potentes
3384 1131 3551 1186 prope
3602 1115 3916 1198 Danubium

2334 1195 2469 1255 sitas
2533 1202 2967 1271 transmigrare,
3036 1218 3247 1275 easque
3321 1222 3672 1276 expugnare:
3721 1195 3916 1263 iunam

2333 1303 2498 1361 quam
2550 1289 2799 1347 Periston
2861 1310 3271 1365 nuncupamus,
3310 1297 3540 1374 alteram
3587 1298 3919 1364 Forahium,

2328 1382 2544 1436 tertiam
2591 1382 3016 1455 Beilogradum,
3074 1388 3369 1445 intendens
3412 1400 3536 1460 post
3581 1400 3754 1446 totam
3788 1409 3920 1462 pcr-

2327 1484 2552 1526 currere
2603 1470 2896 1545 Ungariam
2930 1513 2948 1541 ,
3000 1490 3236 1546 eamque
3276 1479 3535 1549 spoliare.
3592 1480 3917 1546 devastare,

2326 1572 2652 1621 conterere:
2699 1576 2759 1622 ut
2788 1569 3063 1624 neminem
3101 1579 3250 1625 retro
3281 1586 3340 1627 se
3365 1571 3607 1627 dimittat
3638 1574 3916 1641 impedire

2330 1657 2396 1709 ad
2421 1655 2528 1710 alia
2563 1656 2684 1712 loca
2714 1658 2995 1728 proﬁcisci
3024 1661 3323 1718 volentem.
3349 1661 3493 1729 Quin
3521 1665 3684 1718 etiam
3715 1666 3782 1719 ad
3807 1664 3925 1721 Ita-

2328 1746 2455 1801 llam
2498 1764 2662 1817 quam
2694 1751 2859 1806 citius
2900 1754 3293 1824 transmigrare
3323 1756 3653 1823 contendit,
3702 1774 3920 1829 prepa-

659 1836 782 1876 rum
811 1824 1045 1889 piacula,
1083 1834 1138 1881 et
1178 1828 1303 1884 lldei
1335 1830 1666 1888 Christiana:
1693 1839 1974 1909 religionis
2003 1842 2188 1899 irrisio
2208 1876 2228 1885 ο

2335 1851 2459 1891 rare
2495 1854 2716 1908 quoque
2753 1850 2988 1896 conatur
3012 1843 3195 1912 galeas
3229 1859 3457 1916 magnas
3488 1856 3541 1901 et
3574 1864 3773 1913 parvas
3805 1859 3924 1906 tre-

655 1931 756 1972 nes
776 1930 828 1972 et
845 1919 1110 1977 dedecora
1136 1921 1352 1993 injecta.
1374 1924 1698 1984 Monasteria
1719 1942 1826 1985 tam
1845 1936 2232 1992 monachorum

658 2027 823 2078 quam
861 2016 1176 2069 monialinm
1204 2018 1528 2076 invadentes
1550 2024 1734 2094 omnia
1750 2026 2104 2098 diripiebant,
2134 2032 2234 2107 eji-

653 2104 861 2159 cientcs
884 2105 1003 2162 illos
1025 2108 1089 2160 de
1108 2108 1533 2169 habitationibus
1555 2116 1691 2183 suis,
1721 2121 2058 2176 xenodochia
2080 2104 2233 2178 inliro

664 2209 875 2248 tnui-um
894 2199 1266 2254 destruebant.
1293 2202 1403 2257 Etsi
1423 2205 1491 2259 de
1509 2207 1691 2263 multis
1707 2220 1761 2263 et
1780 2213 1986 2280 magnis
2003 2214 2230 2270 excidiis

667 2302 732 2339 ac
795 2292 1135 2347 exterminiis
1217 2294 1501 2351 civitatum
1574 2299 2006 2373 historiographi
2062 2310 2226 2362 etiam

657 2380 943 2443 gentilium
1004 2384 1263 2451 refcraut,
1317 2390 1430 2445 fere
1478 2392 1624 2446 nulla
1673 2408 1864 2463 posset
1893 2399 2222 2456 desolationi

656 2471 822 2540 hujus
859 2478 1158 2544 coaaqtiari.
1214 2478 1437 2536 Nullum
1472 2484 1704 2540 incolam
1733 2489 1876 2545 intra
1912 2492 2102 2547 urbem
2133 2510 2224 2551 rc-

654 2563 971 2631 liquernnt:
1016 2585 1123 2623 non
1178 2569 1452 2640 Graecum,
1496 2593 1605 2632 non
1646 2576 1925 2648 Latinum,
1970 2601 2079 2640 non
2125 2588 2224 2641 Ar-

654 2660 917 2721 menium,
953 2676 1060 2715 non
1090 2663 1338 2720 Judaeum
1368 2685 1382 2732 ;
1428 2670 1618 2726 urbem
1661 2674 1832 2746 ipsam
1862 2677 1975 2737 suis
2010 2678 2223 2736 civibus

651 2749 939 2817 nudatam,
980 2754 1136 2821 quasi
1188 2759 1464 2813 desertam
1498 2762 1847 2834 ell‘ecerunt;
1883 2767 2002 2837 ipse
2030 2786 2221 2827 eorum

650 2851 803 2895 actus
831 2852 882 2896 et
913 2859 1077 2911 opera
1114 2851 1350 2917 propriis
1379 2854 1553 2907 oculis
1590 2857 1719 2923 vidi,
1777 2872 1825 2913 et
1862 2876 1986 2915 cum
2028 2864 2226 2937 aliqui-

650 2930 752 2984 bus
788 2939 1255 2993 eonstantissimis
1285 2941 1419 2998 viris
1449 2961 1554 2998 una
1592 2947 1743 3016 plura
1775 2966 2068 3021 perpessus
2097 2971 2218 3011 sum

650 3024 789 3077 mala
822 3034 871 3079 et
902 3029 1147 3095 pericula
1175 3047 1189 3085 :
1226 3033 1349 3089 licet
1380 3037 1446 3091 de
1490 3043 1744 3097 manibus
1775 3060 1963 3105 eorum
2004 3064 2089 3103 me
2113 3051 2223 3105 eri-

646 3118 830 3182 ptlt‘ril
868 3118 1035 3183 Deus,
1066 3132 1123 3177 ut
1146 3121 1338 3179 Jonam
1366 3129 1433 3183 de
1466 3146 1655 3188 ventre
1684 3138 1789 3189 ceti
1816 3179 1830 3193 .

2336 1937 2547 1995 eentas,
2573 1944 2739 1984 naves
2771 1945 2991 2001 magnas
3026 1931 3241 1999 viginti,
3270 1933 3604 2002 pedestrium
3632 1946 3685 1989 et
3716 1950 3923 2005 eques-

2336 2020 2500 2074 trium
2554 2022 2893 2077 exercituum
2949 2024 3091 2078 ultra
3137 2036 3356 2081 centum
3403 2026 3622 2081 millia:
3671 2037 3729 2084 et
3758 2029 3842 2085 sic
3888 2045 3922 2084 a

2336 2111 2675 2182 Dyrrhachio
2720 2113 3097 2171 Brundusium
3157 2119 3390 2175 transire
3438 2120 3746 2188 contendit,
3787 2138 3923 2194 qua

2331 2202 2531 2257 civitas
2563 2203 2669 2257 sita
2699 2213 2785 2259 est
2816 2205 2870 2257 in
2905 2220 3075 2275 regno
3102 2206 3330 2275 Apulim.

2402 2292 2744 2364 Quapropter
2792 2298 3078 2368 deprecor,
3110 2315 3280 2355 exoro
3313 2313 3477 2371 atque
3506 2304 3775 2360 exhortor
3810 2322 3921 2363 vos

2328 2400 2523 2443 omnes
2548 2388 2931 2452 Christicolas.
2967 2399 3028 2446 ut
3057 2394 3173 2446 zelo
3215 2392 3335 2449 ﬁdei
3369 2406 3423 2449 et
3452 2394 3789 2454 Christiana!
3820 2416 3917 2455 re-

2331 2476 2552 2548 ligionis
2604 2495 2705 2550 pro
2765 2493 2949 2537 vostra
3019 2484 3272 2540 libertate
3331 2487 3511 2555 gladio
3542 2490 3919 2561 accingamini

2324 2579 2513 2647 contra
2573 2580 2679 2625 tam
2736 2573 2888 2628 diros
2938 2573 3124 2630 hostes
3163 2575 3336 2632 di'vini
3384 2579 3566 2636 cultus
3593 2620 3609 2644 ,
3642 2591 3699 2637 et
3728 2585 3920 2640 omnis

2325 2662 2720 2730 sanctimonim,
2764 2673 2819 2720 et
2864 2666 2989 2721 vitae
3041 2668 3314 2740 moralis:
3366 2680 3421 2725 et
3474 2673 3656 2741 primo
3685 2676 3917 2745 quidem

2324 2753 2651 2824 abjicientes
2685 2772 2907 2813 omnem
2959 2759 3365 2818 dissensionem
3402 2773 3570 2834 atque
3604 2768 3919 2824 armalatio—

2321 2863 2471 2909 nem.
2515 2850 2857 2907 remittentes
2898 2852 3130 2909 invicem
3162 2855 3401 2915 oﬂ’ensns
3421 2899 3437 2923 ,
3482 2859 3628 2914 sicut
3659 2870 3714 2916 et
3742 2861 3915 2918 Chri—

2321 2946 2441 2993 stus
2470 2938 2702 2996 donavit
2737 2944 3018 3009 omnibus,
3048 2961 3239 3015 pacem
3268 2959 3323 3003 et
3345 2952 3608 3007 unionem
3649 2970 3913 3010 summo-

2320 3044 2451 3099 pere
2496 3032 2643 3086 inter
2663 3049 2759 3089 vos
2787 3038 3198 3105 amplectamini
3229 3058 3243 3095 :
3286 3052 3345 3096 ut
3378 3045 3515 3098 uniti
3550 3055 3607 3100 et
3641 3046 3913 3105 fortiores

2327 3121 2455 3176 inde
2532 3123 2732 3189 cﬂ‘ecti,
2793 3130 3137 3186 conﬁdentes
3189 3133 3242 3185 in
3293 3136 3571 3205 adjutorio
3625 3137 3913 3195 Altissimi

722 3208 1043 3277 livpugnala
1098 3216 1575 3289 Cousmntinopoli
1626 3226 1815 3281 l‘eram
1850 3247 1956 3287 non
1986 3235 2215 3291 multum
2247 3207 2292 3266 ϐ
2326 3214 2507 3282 (cum
2556 3223 2641 3271 es"
2676 3217 2909 3274 νίθίονίδ
2960 3231 3015 3275 et
3082 3222 3287 3279 benum
3312 3266 3328 3290 ν
3362 3243 3470 3281 non
3501 3230 3911 3304 mumm‘lini‘)

652 3297 777 3353 inde
811 3303 1104 3359 distantem
1135 3324 1478 3379 occuparunt
1511 3334 1524 3370 :
1557 3322 1758 3374 mmnia
1790 3323 1911 3391 ejus
1946 3328 2013 3381 ad
2040 3330 2215 3385 solum

649 3406 821 3460 usque
856 3395 1210 3455 deducentes.
1262 3402 1338 3456 Ex
1365 3412 1650 3476 campanis
1670 3415 2033 3473 ecclesiarum
2065 3422 2222 3477 bom-

650 3488 847 3542 llardas
900 3491 1326 3549 conﬂaverant:
1374 3514 1618 3571 crucem,
1654 3514 1773 3572 qua:
1811 3517 1930 3569 erat
1956 3510 2009 3563 in
2050 3528 2215 3571 cacu-

651 3577 797 3632 mine
821 3585 989 3638 turris
1010 3586 1152 3653 ejus,
1179 3600 1301 3642 cu’m
1328 3591 1441 3658 ip8u
1470 3597 1603 3649 turri
1629 3600 2040 3660 contriverunt:
2068 3622 2215 3663 rem-

657 3671 930 3738 publicam
963 3667 1030 3730 ad
1061 3679 1289 3739 nihilum
1321 3685 1957 3765 reduxerunt;judicem
1987 3707 2041 3755 et
2072 3702 2224 3767 prin-

657 3763 833 3831 cipem
905 3766 1027 3836 ejus
1104 3770 1342 3831 Turcum
1420 3763 1884 3852 constituentes;
1948 3763 2220 3864 pedagia,

659 3855 936 3922 quidagia,
988 3860 1371 3929 impositiones
1411 3879 1477 3951 et
1524 3877 1838 3940 gravamina
1888 3855 2001 3940 illic
2049 3855 2224 3955 appli;

659 3947 910 4002 t'attlibtts
964 3952 1043 4006 vel
1093 3948 1537 4022 permanentibus
1580 3975 1778 4036 suapte
1816 3947 2225 4037 voluntate'sta-

657 4045 900 4092 illel‘lllii.

2326 3304 2504 3374 ipsum
2548 3306 2829 3364 Satanam'
2863 3329 2986 3366 cum
3024 3315 3357 3373 satellitibus
3382 3323 3499 3374 suis
3531 3323 3640 3385 sub
3669 3327 3916 3393 pedibus

2321 3398 2519 3452 vestris
2558 3409 2842 3457 conterere
2876 3404 3103 3462 valeatis
3127 3447 3141 3462 .
3184 3409 3335 3466 Licet
3363 3414 3509 3470 enim
3542 3415 3595 3476 in
3638 3419 3913 3474 multitu-

2324 3487 2453 3543 dine
2490 3491 2750 3554 confidat,
2798 3504 2851 3549 et
2900 3496 3113 3552 feritate
3164 3515 3436 3577 suorum,
3485 3508 3678 3581 plures
3723 3520 3918 3565 tamen

2327 3591 2480 3646 sunt,
2513 3583 2606 3651 qtti
2650 3586 2937 3642 nobiscum
2982 3601 3107 3644 sunt
3146 3611 3159 3647 :
3191 3593 3299 3648 imo
3344 3596 3613 3657 Dominus
3646 3604 3769 3673 ipse
3806 3607 3922 3659 mi-

2327 3666 2565 3722 litiarum
2591 3711 2608 3736 ,
2656 3690 2752 3741 pro
2788 3677 2945 3745 cujus
2980 3680 3085 3734 lide
3125 3692 3177 3735 et
3214 3686 3482 3755 religione
3510 3694 3808 3760 pugnatis,
3834 3696 3919 3749 ita

2329 3768 2389 3815 ut
2418 3770 2637 3816 centum
2681 3781 2747 3819 ex
2802 3769 2955 3824 vobis
3010 3776 3262 3844 persequi
3302 3787 3355 3830 et
3391 3794 3661 3850 superare
3686 3786 3928 3843 valeant

2331 3852 2481 3907 mille
2507 3870 2571 3907 ex
2605 3854 2809 3921 illis,et
2837 3861 2985 3915 mille
3014 3880 3082 3917 ex
3120 3866 3275 3925 vobis
3294 3868 3483 3927 decem
3518 3875 3719 3932 millia.
3752 3877 3930 3952 lgna-

2327 3944 2415 3999 via
2447 3947 2595 3999 enim
2625 3956 2680 4001 et
2715 3949 2986 4019 imperitia
3019 3956 3146 4009 belli
3179 3959 3258 4016 eis
3293 3962 3509 4019 innata.

2398 4035 2579 4104 Perw;
2614 4054 2757 4096 anno
2788 4041 2993 4101 Christi
3030 4047 3187 4104 “5:2.
