4164 6426
244 406 339 470 961

244 520 418 575 Εἰσὶν
457 513 569 574 οὗν
607 517 677 571 τὰ
725 516 1165 606 πρόσωπατῆς
1207 516 1531 583 διαλέξεως
1595 515 1818 582 ταύτης
1844 549 1892 606 Α

910 588 1116 641 ταῦτα.

313 703 605 771 Μανουὴλ
631 702 663 756 ὁ
695 704 996 772 Μουγγὸς,
1022 701 1295 772 Εὐλαὸής.

324 796 379 846 '0
409 794 781 863 Βουλγάρης.
820 793 1213 864 Ῥακενδύτης.

326 884 607 951 Ἰωάννης
636 886 670 939 ὁ
699 884 1105 953 Δαμασαίνης,
1134 883 1407 955 Τελὼνης.

327 974 640 1039 Ἀντώνιος
674 978 707 1029 ὀ
735 975 1056 1044 Σατρέδος,
1092 977 1500 1047 Δικαιοκρίτης.

326 1066 613 1134 Ἰωάννης
639 1066 832 1135 Ιερεὺς
865 1071 898 1121 ό
943 1068 1435 1137 Πλουσιαὸηνὸς,
1490 1067 1815 1129 Καθολικός.

318 1158 609 1231 ιἰ-ώργιος
639 1162 673 1213 d
695 1159 1013 1227 Φαλίερος,
1064 1159 1390 1230 ’Δκροατής.

317 1248 603 1318 Ἰωάννης
629 1252 662 1303 d
700 1247 1124 1318 Τζουρόούνης,
1153 1250 1403 1321 Μάρτυς.

705 1343 990 1413 Εὑλαόὴς
1010 1344 1363 1414 προλογίζὲι.

330 1436 417 1489 Ἐν
475 1438 573 1508 μιᾷ
621 1436 729 1490 τῶν
770 1432 1017 1505 ήμξερῶν,
1070 1436 1377 1507 καθήμενος
1419 1437 1583 1501 αὐτὸς
1643 1442 1701 1489 εν
1740 1436 1821 1506 τῷ

249 1524 506 1596 ἐμπορίῳ
528 1525 657 1595 περὶ
696 1524 848 1594 ὤραν
906 1524 1037 1594 μίαν
1092 1525 1185 1577 καὶ
1212 1526 1382 1595 ἥμισυ
1444 1527 1543 1597 τῆς
1586 1527 1817 1597 ἡμέρας,

249 1615 433 1667 ἀκούω
462 1614 553 1667 τοῦ
591 1616 828 1687 κήρυκος
883 1620 982 1688 τῆς
1032 1617 1281 1683 ἰξουσίας
1316 1618 1550 1685 βοῶντος
1610 1618 1820 1688 μεγάλῃ

254 1712 433 1780 φωνῇ,
467 1710 597 1779 περὶ
626 1711 717 1763 τὸν
747 1710 904 1764 κίονα
955 1712 1191 1773 ἑστῶτος
1243 1711 1344 1779 τῆς
1399 1711 1695 1780 ἐκκλησίας
1725 1710 1820 1763 τοῦ

270 1803 457 1871 ’Λγίου
497 1802 749 1871 Μάρκου,
782 1804 841 1855 ὲν
876 1801 953 1872 τῷ
977 1803 1196 1873 συνήθει
1234 1802 1438 1873 δηλαδὴ
1462 1804 1554 1855 καὶ
1582 1802 1824 1871 εἰθισμέ-

1156 399 1659 464 DlSCEPTATIO
1688 399 1837 460 PRO
1875 396 2090 458 CONC.
2128 397 2499 458 FLORENT.

3385 393 3491 458 962

2258 513 2506 568 Persona:
2537 510 2693 583 hujus
2722 510 3144 566 Dissertationis.

1989 693 2142 757 Pius,
2172 692 2393 748 Manus!
2417 689 2679 763 longum]

1992 785 2365 858 Rhacendyta,
2392 785 2673 855 Bulgares.

1990 876 2343 942 Publicanus,
2369 876 2608 932 Joannes
2635 876 3008 933 Damascnus.

1991 969 2337 1034 Dicasocrita,
2372 970 2630 1024 Antonius
2670 968 2962 1041 Sagredus.

1989 1060 2324 1125 Catliolicus,
2357 1063 2589 1117 Joannes
2622 1063 2870 1118 sacerdos
2905 1063 3281 1121 Plusiadenus.

1989 1153 2241 1220 Auditor,
2277 1153 2531 1226 Georgius
2568 1153 2868 1211 Plialierus.

1993 1246 2191 1312 Testis,
2224 1246 2457 1304 Joannes
2490 1248 2813 1304 Tzurduues.

2490 1342 2620 1398 Pius
2650 1344 2930 1414 prwfatur.

1996 1430 2092 1486 llis
2125 1432 2318 1488 diebus
2366 1434 2563 1489 sedens
2599 1436 2715 1504 ipse
2752 1436 2806 1490 in
2836 1434 3052 1491 omciua
3096 1437 3243 1493 circa
3288 1453 3488 1494 secun—

1923 1523 2049 1578 dam
2101 1532 2154 1580 et
2200 1524 2481 1580 dimidiam
2526 1525 2631 1580 diei
2667 1525 2880 1593 horam,
2907 1528 3261 1597 magistratus
3292 1545 3499 1599 praem-

1925 1630 2045 1669 nem
2100 1615 2365 1671 columnae
2426 1615 2674 1672 ecclesia:
2726 1615 2915 1672 Sancti
2969 1618 3171 1683 Marci,
3230 1629 3498 1676 consueto

1924 1706 2131 1762 scilicet
2183 1722 2496 1777 praeconum
2553 1708 2694 1773 loco,
2749 1707 3131 1774 inhaerentem,
3184 1718 3239 1765 et
3300 1726 3494 1781 magna

1925 1812 2059 1852 voce
2108 1798 2491 1853 inclamantem
2548 1800 2735 1865 audio,
2777 1800 3039 1870 videoque
3086 1801 3495 1857 multitudinem

251 1911 329 1965 νιρ
361 1894 529 1965 τόπῳ,
558 1895 652 1947 καὶ
672 1894 881 1964 πλῆθος
901 1895 1035 1947 λαοῦ
1069 1895 1419 1966 προσδραμὸν
1442 1896 1627 1966 ήκουε.
1682 1896 1825 1964 Ἐγὼ

1935 1904 2122 1960 magna
2183 1889 2493 1960 frequentia
2552 1891 2969 1949 circumfusam.
3022 1892 3135 1963 Ego
3204 1894 3494 1965 strepitum

250 1988 309 2040 δὲ
348 1988 517 2056 μόνην
548 1986 731 2057 φωνὴν
753 1986 989 2051 ἀκούων,
1050 1990 1288 2057 ἱστάμην
1323 1988 1555 2058 βλέπων.
1599 1988 1826 2057 Πληρω-

252 2077 453 2146 θείσηςι
498 2073 592 2130 οὖν
619 2078 721 2145 τῆς
764 2077 1069 2148 κηρύξεως,
1124 2073 1257 2148 ἦ).θὲ
1298 2095 1384 2142 τις
1429 2078 1567 2149 πρὸς
1623 2078 1826 2147 τούμὸν

251 2172 546 2240 ἐμπόριον,
580 2171 637 2222 ἐν
663 2164 708 2237 ᾧ
758 2170 941 2223 εἰώθει
973 2171 1178 2235 ἐκεῖνος
1231 2171 1519 2243 καθῆσθαι,
1568 2175 1663 2227 καὶ
1689 2172 1827 2240 λαμ-

252 2264 438 2317 6ἁνειν
468 2264 536 2318 τὰ
563 2264 719 2333 τέλη,
794 2262 1034 2334 τελώνης
1089 2264 1194 2333 γὰρ
1251 2259 1342 2334 ἦν,
1379 2264 1439 2318 ὃν
1494 2266 1728 2335 ἠρόμην,
1761 2266 1827 2319 Τί

255 2356 506 2425 βούλεται
558 2358 591 2427 ἡ
655 2355 814 2425 καινὴ
870 2355 1009 2426 αὕτη
1082 2358 1335 2427 κήρυξις,
1397 2357 1479 2410 ὅτι
1548 2360 1644 2413 καὶ
1686 2358 1826 2427 πλῆ-

252 2448 347 2509 οος
378 2447 578 2517 ἔστηκε
614 2446 705 2499 τοῦ
762 2445 893 2499 λαοῦ
922 2449 1025 2499 οὑκ
1051 2445 1230 2514 ὀλίγον
1276 2444 1469 2499 ἀκοῦον
1502 2462 1517 2511 ;
1552 2445 1676 2497 εἰπέ
1708 2461 1824 2515 μοι.

332 2541 399 2592 Te
414 2535 627 2605 ζώνης.
666 2539 728 2591 Οί
755 2538 964 2592 δώδεκα
991 2538 1161 2609 ἱερεῖς
1203 2538 1252 2591 οἱ
1296 2536 1393 2607 τὴν
1415 2538 1579 2606 νῆσον
1612 2537 1706 2590 καὶ
1731 2538 1829 2608 τὴν

253 2632 412 2686 πόλιν
448 2633 632 2686 πᾶσαν
654 2631 998 2703 συγχέοντες,
1033 2631 1128 2685 καὶ
1149 2629 1322 2686 ταῦτα
1347 2631 1614 2685 ποιοῦσιν.

327 2809 477 2865 an.
509 2808 575 2863 Ti
596 2810 658 2865 δή
680 2824 694 2865 :

334 2829 477 2865 no.4.
518 2829 625 2863 ιιο
680 2829 694 2838 ·

334 2905 466 2957 Tel.
502 2829 696 2955 Αὐτοὶ,
737 2902 1336 2973 Λατινοφρονήσαντες,
1398 2900 1674 2970 βιάζονται
1734 2916 1828 2953 και

252 2996 383 3059 τοὺς
414 2994 611 3058 ἄλλους
665 2994 895 3063 ποιῆσαι
935 2994 1005 3047 τὰ
1064 2995 1175 3048 τῶν
1223 2992 1473 3049 Λατίνων
1530 2993 1825 3063 φρονῆσαι.

330 3182 481 3235 Εὑλ.
513 3178 685 3232 Τοῦτο
715 3177 767 3231 τί
790 3179 946 3244 eam;
976 3177 1189 3247 Φράσον
1240 3194 1331 3246 μοι
1358 3176 1546 3248 τάχος.

1932 1992 2143 2037 tantum
2170 1984 2423 2049 audiens,
2456 1989 2717 2054 stansque
2744 1985 3293 2048 circumspectabam.
3323 1987 3501 2043 Abso-

1928 2076 2042 2131 luto
2073 2076 2289 2142 edicto,
2332 2078 2566 2134 accessit
2617 2076 2839 2147 quidam
2870 2078 2923 2133 in
2974 2078 3248 2135 olIicinam
3295 2096 3495 2142 meam.

1928 2166 1983 2221 in
2008 2180 2113 2236 qua
2140 2166 2275 2222 alias
2308 2166 2400 2222 ille
2424 2168 2647 2232 morari,
2682 2183 2747 2225 ac
2768 2170 3050 2239 vectigalia
3084 2170 3300 2241 exigere
3325 2170 3502 2243 (uani-

1927 2272 2032 2326 que
2079 2265 2199 2312 erat
2246 2256 2606 2328 Publicanus)
2644 2269 2916 2316 sueverat.
2954 2259 3032 2315 Ex
3090 2276 3157 2317 eo
3210 2262 3498 2319 sciscitor:

1928 2347 2138 2403 Novum
2188 2347 2321 2403 illud
2373 2349 2613 2405 edictum
2644 2390 2659 2416 ,
2709 2350 2840 2422 quid
2872 2352 3020 2416 velit,
3086 2366 3211 2408 cum
3249 2352 3503 2424 frequens

1930 2441 2218 2496 multitudo
2250 2441 2316 2496 ad
2346 2443 2677 2498 audiendum
2715 2444 3046 2511 accurrerit,
3086 2444 3253 2501 dicito
3282 2446 3439 2501 mihi.

2002 2530 2345 2586 Publicanus.
2378 2530 2677 2589 Duodecim
2716 2535 3034 2589 sacerdotes
3059 2572 3076 2600 ,
3114 2535 3208 2604 qui
3244 2534 3503 2601 insulam,

1928 2636 1983 2681 et
2012 2625 2200 2680 urbem
2239 2626 2552 2681 universam
2610 2640 2817 2697 susque
2861 2626 3038 2698 deque
3066 2626 3327 2695 habuere,
3359 2627 3507 2686 illius

1928 2729 2095 2771 causa
2125 2706 2273 2770 sunt.

2003 2806 2153 2861 Pius.
2192 2808 2520 2874 Quomodo?

2000 2897 2156 2954 Publ.
2192 2899 2269 2954 Illi
2311 2914 2438 2955 cum
2485 2898 2809 2958 Latinorum
2855 2901 3099 2972 dogmati
3153 2903 3508 2972 adlueserint,

1930 2999 2133 3062 cogunt
2161 2992 2419 3063 reliquos,
2452 3001 2512 3048 ut
2543 3008 2649 3048 uno
2674 3007 2951 3050 consensu
2983 3008 3107 3050 cum
3142 2993 3353 3051 Latinis
3379 2996 3507 3065 jun-

1928 3093 2147 3155 gantur.

2004 3175 2158 3229 Pius.
2200 3174 2343 3241 Quid
2378 3175 2433 3231 id
2466 3176 2587 3231 est?
2612 3175 2877 3247 Espedito
2910 3191 3072 3246 quam
3102 3176 3382 3233 ocissime.

340 3226 481 3325 ἓξὲξ
501 3226 617 3339 ’ἑήᾷ
634 3226 845 3338 {sui};
858 3226 1045 3322 ἐιιέὧῦ
1060 3226 1335 3337 ᾎῖἦμῐέὲ
1345 3226 1705 3338 ρὶῖὺζτέρες
1734 3266 1829 3319 καὶ

2004 3226 2025 3229 ἡ
2208 3226 2343 3241 ,νη
2379 3226 2433 3231 __
2472 3226 2578 3231 --η
2612 3226 2870 3247 __,-__--
2915 3226 3072 3246 Ἰν--
3108 3226 3382 3233 "mm---

2007 3268 2164 3324 Publ.
2211 3268 2415 3325 [lorum
2466 3284 2688 3333 noxam,
2731 3282 2796 3325 ac
2843 3270 3147 3339 perniciem
3181 3272 3352 3327 nostri
3409 3287 3509 3342 pa.

258 3364 578 3419 διδάσκαλοι
607 3362 985 3430 ἐννοήσαντες,
1017 3358 1263 3423 ἐδίδαξαν
1302 3358 1397 3412 τοῦ
1425 3357 1668 3430 Χριστοῦ
1698 3358 1835 3430 πρό-

260 3460 426 3522 ϐατα,
489 3455 566 3527 μὴ
602 3455 994 3523 συγκοινωνετν
1038 3454 1242 3521 αὐτοῖς,
1295 3454 1430 3523 μηδὲ
1483 3457 1562 3517 si;
1617 3456 1715 3517 τὰς
1745 3455 1837 3507 ικ-

260 3550 491 3620 κλησίας
519 3548 702 3603 αὐτῶν
747 3546 1115 3619 είσέρχεσθαι,
1174 3547 1309 3616 μηδὲ
1361 3544 1603 3617 χρῆσθαι
1650 3546 1835 3608 αὐτοῖς

259 3642 323 3696 τὺ
351 3640 611 3709 παράπαν
633 3638 707 3703 ὼς
731 3639 960 3709 ἱερεῦσι.
993 3638 1056 3693 Οἳ
1112 3638 1380 3709 μαθόντες
1425 3640 1688 3691 κατεῖπον
1742 3637 1835 3690 αὒ-

258 3734 374 3787 τῶν
401 3734 457 3785 ἐν
486 3734 551 3801 τῇ
586 3730 823 3800 ἐξουσία.
868 3729 931 3782 Ἥ
962 3728 1007 3783 δ’
1035 3728 1253 3793 ἐξουσία
1292 3727 1387 3781 νῦν
1410 3728 1707 3797 διωρίσατο
1736 3726 1835 3779 αὐ-

259 3828 378 3886 τοῖς
410 3824 499 3878 διὰ
536 3823 631 3876 τοῦ
660 3824 905 3892 κήρυκος
927 3820 1033 3885 ἕως
1063 3821 1287 3891 ἡμερῶν
1314 3818 1460 3872 ὀκτὼ
1487 3818 1835 3899 ἐμφανισθῆ-

260 3933 357 3969 ναι
382 3918 450 3984 τῇ
476 3914 717 3982 ἐξουσίᾳ·
748 3915 796 3966 εἱ
830 3912 887 3966 δὲ
925 3910 1022 3982 μὴ,
1055 3910 1176 3966 κατ’
1207 3910 1390 3964 αὐτῶν
1412 3906 1740 3977 ἁποφήναιτ’
1770 3908 1837 3961 ἂν

259 4012 295 4079 ἡ
340 4005 582 4070 ἐξουσία.

335 4100 483 4154 Εὐλ.
520 4095 675 4158 Τίνες
713 4094 853 4148 εἰσὶν
881 4092 1064 4159 οὗτοις

341 4188 479 4245 Tel.
540 4186 922 4258 Μακρογένης,
979 4184 1384 4255 ’Δσπρογένης,
1456 4184 1551 4237 καὶ
1605 4181 1836 4245 Ματζα-

262 4281 529 4354 μούρδης-

330 4376 483 4429 Εὐλ.
558 4371 892 4441 Ἐϐουλόμην
952 4370 1149 4440 μαθεῖν
1227 4370 1282 4423 τί
1333 4368 1481 4423 οὗτοι
1535 4370 1837 4433 ἐδίδασκον,

260 4468 389 4522 ὅθεν
414 4468 446 4536 ή
470 4465 688 4529 ἐξουσία
707 4462 829 4516 κατ’
858 4463 1041 4517 αὐτῶν
1069 4463 1347 4532 ἀγορεύει.

345 4648 477 4700 Τελ.
549 4645 857 4698 Ἐδίδασκον
912 4644 1217 4713 ἀπέχεσθαι
1270 4642 1381 4696 τῶν
1424 4642 1844 4712 Λατινοφρόνων

262 4736 480 4791 τούτων
528 4734 740 4789 δώδεκα
802 4735 1011 4805 ἱερέων,
1070 4735 1146 4798 ὡς
1201 4735 1300 4805 τὴν
1338 4734 1622 4804 ἡμετέραν
1663 4732 1846 4785 πίστιν

261 4830 539 4900 ἀφέντων,
571 4830 664 4882 καὶ
688 4829 1001 4882 ἑνωθέντων
1031 4826 1310 4891 Λατίνοις.

340 5005 490 5061 Εὑλ.
532 5006 608 5059 Οὐ
644 5004 881 5075 δύναμαι
913 5005 1157 5059 συνιέναι
1206 5002 1315 5056 οὐδ’
1335 5000 1588 5057 ὁπωσοῦν
1616 4999 1726 5053 τῶν
1766 4999 1851 5051 λε-

260 5100 543 5169 γομένων.

344 5186 485 5241 Tel.
530 5186 644 5239 Οὐκ
686 5180 738 5238 εἴ
764 5185 828 5237 σὺ
861 5187 925 5238 ὲκ
958 5186 1058 5255 τῆς
1086 5184 1295 5248 πόλεως
1323 5184 1563 5252 ταύτης;

339 5282 493 5333 Εὺλ.
554 5278 663 5332 Καὶ
694 5278 835 5331 πάνυ
872 5277 974 5346 μὲν
1024 5276 1140 5332 οὖν.
1185 5278 1275 5332 Ἑν
1330 5275 1510 5348 ταύτῃ
1566 5275 1676 5344 γὰρ
1726 5276 1853 5329 ἀνε-

255 5374 509 5441 τράφην.

329 5469 482 5534 Τελ.
521 5465 643 5527 Πῶς
691 5458 786 5518 οὖν
831 5464 933 5517 οὐκ
971 5462 1143 5532 ἔγνως
1192 5464 1260 5518 τὰ
1311 5466 1681 5536 πεπραγμένα
1721 5465 1852 5536 δῆλα

258 5561 384 5620 τοῖς
418 5558 591 5611 πᾶσιν
614 5557 777 5625 ὄντας

342 5650 501 5705 Εὐλ.
543 5650 730 5720 Ἰερεϊς
758 5650 868 5717 ἐγὼ
902 5650 1004 5703 οὐκ
1044 5649 1220 5717 ἔγνων
1242 5651 1399 5705 ἐᾶσαι
1433 5652 1530 5722 τὴν
1561 5652 1667 5704 τῶν
1689 5653 1853 5723 Γραι-

261 5741 386 5795 κῶν
418 5742 620 5805 πίστιν,
648 5744 744 5797 καὶ
766 5743 1036 5806 Λατίνους
1078 5742 1357 5811 γενέσθαι.
1401 5744 1473 5796 Σὺ
1500 5744 1554 5795 δέ
1613 5761 1701 5813 μοι
1742 5747 1853 5797 Λα-

260 5832 606 5902 τινόφρονας
622 5837 718 5889 καὶ
740 5834 838 5904 τὴν
866 5834 1148 5905 ἡμετέραν
1176 5836 1361 5891 πίστιν
1384 5837 1619 5898 ἀφέντας
1654 5836 1851 5905 λέγεις,

1935 3369 2118 3415 rentes
2152 3372 2207 3413 ct
2245 3360 2493 3430 magistri
2539 3362 3085 3429 comprehendentes,
3124 3362 3332 3419 Christi
3380 3379 3511 3418 oves

1938 3447 2309 3511 edocuerunt,
2343 3463 2409 3501 ne
2441 3462 2547 3502 una
2575 3463 2697 3504 cum
2735 3448 2817 3505 eis
2852 3450 3058 3515 vivant,
3087 3466 3268 3521 neque
3316 3453 3371 3507 in
3416 3469 3506 3507 ec-

1935 3540 2133 3595 clesias
2163 3555 2355 3595 eorum
2390 3540 2690 3608 introeant,
2711 3555 2888 3614 neque
2914 3544 3025 3600 illis
3050 3545 3219 3601 veluti
3255 3549 3513 3603 sacerdo-

1937 3634 2082 3687 tibus
2116 3640 2362 3687 utantur.
2399 3631 2495 3688 Rei
2531 3633 2708 3701 gnari,
2735 3635 2788 3687 in
2813 3634 2905 3705 jus
2936 3651 3031 3691 eos
3053 3636 3197 3707 apud
3223 3639 3511 3709 magistra-

1936 3735 2049 3781 tum
2082 3735 2368 3781 vocarunt.
2396 3726 2747 3796 Magistratus
2776 3744 2923 3784 nunc
2947 3728 3055 3784 illis
3080 3746 3181 3800 per
3200 3746 3507 3802 praeconem

1937 3819 2150 3875 dierum
2198 3831 2322 3875 octo
2372 3820 2663 3876 terminum
2717 3822 3075 3891 praescripsit,
3128 3832 3187 3879 ut
3233 3839 3416 3879 coram
3454 3842 3514 3880 sc

1938 3919 2325 3980 compareant;
2366 3913 2449 3967 sin
2491 3914 2674 3969 minus
2708 3915 2762 3969 in
2794 3930 2887 3972 eos
2911 3918 3182 3972 sententia
3208 3917 3466 3974 ferretur.

2012 4088 2167 4147 Pius.
2197 4089 2431 4156 Quinam
2468 4099 2600 4146 sunt
2636 4092 2734 4145 lii?

2011 4181 2170 4235 Pabl.
2206 4181 2595 4253 Longobarbus
2617 4221 2631 4247 ,
2668 4182 3014 4240 Albobarbus
3037 4226 3057 4252 ,
3086 4195 3139 4241 et
3184 4185 3516 4242 Matzamur-

1941 4274 2057 4329 des.

2019 4365 2166 4420 Pius.
2197 4366 2461 4435 Cuperem
2490 4367 2740 4433 equidem
2778 4370 2941 4429 scire.
2980 4386 3234 4441 quaenam
3275 4373 3363 4425 illa
3398 4371 3516 4425 iue-

1944 4458 2075 4521 rint.
2109 4471 2230 4523 quae
2262 4458 2350 4511 isti
2388 4459 2617 4525 docent;
2650 4462 2720 4515 ob
2746 4477 2868 4530 qua:
2891 4464 3056 4518 etiam
3090 4465 3441 4534 magistratus
3466 4467 3518 4519 in

1880 4564 1925 4619 ι)
1954 4565 2047 4605 eos
2070 4550 2475 4604 animadvertit.

2020 4640 2177 4696 Puol.
2216 4644 2511 4705 Docebant,
2557 4644 2861 4700 cavendum
2908 4648 3062 4703 nobis
3107 4665 3232 4705 esse
3288 4652 3356 4705 ab
3400 4653 3521 4705 istis

1948 4732 2237 4787 duodecim
2263 4732 2658 4797 sacerdotibus.
2687 4738 2780 4804 qui
2815 4735 3040 4793 Latinos
3068 4740 3374 4805 imitantur,
3400 4751 3521 4794 tan-

1949 4840 2111 4894 quam
2140 4824 2208 4880 ab
2237 4824 2341 4878 illis
2374 4825 2466 4893 qui
2510 4825 2671 4880 ﬁdem
2707 4836 2951 4883 nostram
2985 4828 3353 4899 deseruerint,
3392 4848 3514 4885 cum

1949 4916 2161 4972 Latinis
2197 4916 2355 4971 uniti.

2022 5011 2179 5066 Pius.
2216 5010 2443 5067 Penitus
2474 5026 2583 5068 non
2606 5014 2787 5083 capio,
2829 5027 2951 5084 qua:
2986 5014 3101 5084 ipse
3132 5014 3294 5070 dicis.

2020 5190 2180 5246 Publ.
2215 5190 2407 5246 Nonne
2445 5206 2511 5246 ex
2547 5190 2650 5245 hac
2688 5190 2824 5246 urbe
2861 5191 2967 5247 es?

2028 5282 2189 5337 Pius.
2227 5284 2294 5338 Et
2324 5283 2562 5338 maxime
2594 5282 2837 5353 quidem,
2866 5292 2920 5339 et
2950 5284 3006 5339 in
3042 5285 3158 5354 ipsa
3188 5287 3466 5340 educatus.

2030 5460 2187 5516 Pubi.
2215 5461 2501 5528 Quomodo
2547 5463 2733 5532 itaque
2762 5477 2883 5529 qua
2912 5472 3085 5533 gesta,
3135 5472 3520 5533 compertaque

1956 5553 2207 5607 omnibus
2240 5562 2387 5617 sunt,
2422 5553 2685 5624 ignoras?

2027 5645 2175 5699 Pius.
2212 5644 2327 5698 Non
2365 5661 2603 5715 agnosco
2645 5646 2759 5714 ipse
2786 5648 3135 5709 sacerdotes,
3170 5648 3260 5717 qui
3304 5647 3522 5702 Graeco—

1959 5754 2078 5791 rum
2116 5739 2220 5793 [ide
2273 5739 2485 5805 cjurata
2514 5737 2694 5792 Latini
2750 5738 2877 5794 iacti
2910 5741 3054 5805 sint;
3088 5749 3142 5793 tu
3189 5756 3349 5810 porro
3383 5738 3520 5793 mihi

1960 5848 2074 5897 cos,
2122 5844 2174 5887 ct
2215 5848 2337 5887 cum
2384 5831 2592 5889 Latinis
2621 5835 2941 5897 sentientes,
2973 5834 3296 5903 desertaque
3333 5838 3530 5894 nostra
