4164 6426
237 384 339 447 965

1144 382 1644 443 DISCEPTATIO
1676 380 1827 441 PRO
1866 380 2079 442 CONC.
2122 378 2499 440 FLOIKENT.

3391 374 3497 436 966

234 513 377 567 τριοι
414 494 502 548 ιπθ
534 494 794 567 ἀληθείας
824 492 936 547 etot
963 492 1061 564 τῆς
1108 494 1399 563 ὀρθοδόξου
1437 497 1701 558 πίστεως,
1730 490 1809 545 διὰ

1921 499 2072 545 extra
2100 490 2462 545 orthodoxam
2506 483 2667 543 ﬁdem
2704 486 3007 551 ducantur,
3046 485 3192 557 Quod
3225 496 3344 542 sese
3377 488 3498 539 nni-

241 590 301 641 τὸ
334 587 609 658 ἑνωοῆναι
637 588 833 649 αὖτοὺς
856 589 923 657 τῇ
949 583 1152 657 συνόδῳ
1182 588 1252 658 τῇ
1273 588 1331 639 ιν
1360 584 1676 657 Φλωρεντίᾳ
1700 581 1809 655 πρὸ

235 680 434 751 μικροῦ
452 680 754 753 γενομένω

316 774 477 828 Ῥωι.
508 773 621 825 Καὶ
652 774 794 825 πάνυ
828 773 928 844 μὲν
953 766 1068 837 οὖν,
1119 771 1308 841 ἐχθροί
1337 771 1446 824 εισι
1506 772 1601 823 καὶ
1650 767 1809 825 ἀλλὸο

230 881 374 936 τριοι
414 867 513 935 τῆς
541 865 852 929 εὐσεϐείας,
889 866 986 920 καὶ
1016 865 1112 920 τοῦ
1136 860 1371 934 ἀληθοῦς
1395 864 1493 919 καὶ
1535 864 1807 934 πατρικοῦ

228 959 607 1029 φρονήματος,
641 959 737 1013 καὶ
760 958 791 1010 δ
831 958 1215 1025 συγκοινωνῶν
1263 956 1451 1019 αὐτοῖς
1493 956 1809 1026 ἀφωρισμὲν

230 1071 318 1114 νος
348 1052 516 1106 ἐστίν.

302 1147 453 1200 Εὑλ.
495 1144 640 1215 Ἐγὼ
681 1144 902 1215 ίδιὼτης
945 1144 1045 1207 ὢν,
1086 1142 1283 1214 δέομαί
1329 1154 1445 1204 σου,
1486 1144 1628 1197 κατά
1676 1142 1810 1195 mo-

232 1256 315 1292 σιν
384 1241 477 1293 καὶ
529 1241 825 1308 ἀπόκρισιν
890 1239 1119 1306 ποιῆσαι
1185 1241 1277 1289 τὸν
1331 1235 1516 1304 λόγον.
1568 1236 1642 1287 Οὐ
1700 1236 1810 1305 γάρ

226 1333 465 1400 δύναμαι
520 1331 767 1402 μακροὺς
828 1331 1179 1394 ἀποτείνειν,
1235 1327 1354 1380 ἀλλ’
1415 1326 1528 1380 οὐδ’
1587 1326 1810 1381 ἀκούειν

225 1423 441 1491 λόγους.

312 1517 476 1573 Ῥακ.
506 1516 647 1585 Λέγε
697 1515 729 1568 δ
753 1513 952 1579 θέλεις,
980 1513 1076 1567 καὶ
1126 1512 1217 1566 ἐπὶ
1242 1512 1411 1565 πᾶσιν
1443 1509 1811 1582 ἀποκριθήσο-

229 1627 356 1679 μαι.
393 1609 590 1672 Καλῶς
619 1609 729 1679 γὰρ
786 1609 926 1678 ἔφης
976 1606 1237 1675 γενέσθαι
1299 1604 1399 1677 τὴν
1445 1604 1682 1672 διάλεξιν
1723 1604 1812 1663 διὰ

226 1701 485 1771 βραχέων
509 1702 711 1766 λόγων.

298 1796 450 1846 Εῠλ.
492 1792 737 1861 Ἐρωτῶ·
785 1792 938 1844 Διατί
970 1790 1198 1859 ἐχθροὺς
1237 1790 1435 1853 αὐτοὺς
1480 1788 1660 1858 λέγεις
1713 1794 1814 1861 τῆς

224 1882 516 1953 ὀρθοδόξσυ
551 1885 787 1947 πίστεως
806 1900 820 1948 ;

311 1976 479 2031 Ῥακ.
512 1976 615 2028 Διά
642 1976 703 2029 τὸ
732 1973 1176 2045 ἀπώσασθαιτὴν
1210 1974 1488 2046 ὀροόδοξον
1516 1976 1698 2028 πίστιν
1716 1976 1810 2028 καὶ

226 2071 501 2139 ἑνωθῆναι
537 2068 815 2129 Λατίνοις.

299 2163 451 2218 Εῠλ.
496 2163 634 2217 Ποία
701 2163 850 2215 ἐστὶν
884 2163 918 2232 ἡ
967 2160 1245 2232 δροόδοξος
1294 2161 1495 2226 πίστις,
1558 2160 1811 2229 ἐπιθυμῶ

235 2256 458 2325 μαθεῖν.

308 2347 473 2402 Ῥακ.
509 2348 571 2401 'H
601 2346 877 2417 Θρησκεία
900 2346 996 2399 καὶ
1022 2343 1284 2414 ὁμολογία
1307 2346 1468 2417 ἡμῶν
1498 2344 1607 2397 τῶν
1638 2345 1807 2413 Γραι-

220 2458 362 2495 κων.

295 2531 442 2587 Εὐλ.
475 2533 580 2585 Καὶ
607 2533 639 2603 ἡ
663 2530 918 2601 ἀλλοτρία
943 2529 1124 2592 πίστις
1155 2528 1237 2591 τίς
1257 2529 1403 2580 ἐστιν
1443 2546 1457 2593 ;

311 2629 479 2681 'Pax.
522 2626 589 2679 Ἦ
620 2626 730 2678 τῶν
758 2626 1028 2679 Λατίνων.

302 2720 451 2772 Εὑλ.
482 2717 689 2770 Οὐκοῦν
712 2718 759 2769 oi
787 2718 1008 2769 Λατῖνοι
1030 2716 1133 2768 οὐκ
1161 2715 1299 2769 εἰσιν
1324 2710 1627 2785 δρθόδοξοι,

315 2811 480 2865 Ῥακ.
516 2802 765 2880 Ούδαξλῆ.

306 2904 458 2957 Em.
488 2904 599 2957 Καὶ
631 2902 724 2956 νῦν
779 2902 1030 2970 ἐγένοντο
1060 2896 1379 2970 ἑτερόδοξοι,
1410 2900 1445 2970 ἢ
1478 2899 1586 2969 πρὸ
1614 2899 1808 2951 ’πολλοῦ

225 2995 331 3067 τὴν
362 2997 546 3049 πίστιν
580 2994 869 3047 ἀπώλεσαν
890 3011 903 3047 :

314 3089 480 3144 Ῥακ.
512 3089 627 3159 Πρὸ
659 3087 1036 3141 πεντακοσίων
1072 3087 1299 3156 χρόνων.

306 3182 458 3233 Εὺλ.
492 3179 602 3231 Καὶ
661 3178 711 3230 εί
773 3178 880 3248 πρὸ
917 3179 1289 3229 πεντακοσίων
1329 3174 1556 3243 χρόνων,
1616 3175 1692 3237 ὼς
1746 3174 1810 3226 σὺ

225 3276 380 3344 φῂς,
438 3273 489 3323 οἱ
555 3272 774 3325 Λατῖνοι
821 3271 921 3340 τὴν
985 3270 1163 3321 πίστιν
1226 3268 1535 3327 ἀπώλεσαν,
1569 3268 1717 3319 διατι
1762 3269 1810 3319 οἱ

226 3362 498 3432 ἡμέτεροι
553 3358 825 3431 ὀρθὸδοξοι
885 3361 1039 3421 ὄντες
1101 3358 1298 3420 αὐτοὺς
1340 3357 1439 3409 οὐκ
1478 3358 1807 3427 ἑστήριξανς

222 3454 371 3520 Φησὶ
415 3452 524 3521 γάρ
559 3454 586 3504 δ
633 3453 817 3514 κοινὸς
868 3450 1192 3512 διδάσκαλος
1234 3451 1394 3519 ἡμῶν
1423 3465 1482 3501 τε
1517 3449 1808 3512 κάκείνων,

228 3543 469 3613 Ἐτειρε
504 3542 772 3595 πεσόντα
807 3541 914 3593 τὸν
944 3537 1219 3607 ἀδελφόν
1246 3554 1385 3592 σου.

318 3637 483 3689 Ῥακ.
522 3632 592 3686 Εὖ
626 3634 804 3700 λέγεις
824 3647 837 3662 ⁸
866 3632 982 3683 ἀλλ’
1007 3631 1105 3684 οὐκ
1143 3630 1438 3700 ἠθέλησαν.

310 3732 458 3785 εὺλ.
498 3727 716 3796 Ἀπορῶ
755 3727 850 3779 ἐπὶ
877 3724 1075 3797 τούτῳ.

324 3824 477 3893 Ἀκρ.
503 3821 672 3875 Τοῦτο
706 3820 1031 3889 σαφήνισον,
1082 3818 1132 3871 τί
1175 3816 1372 3887 δηλοῦν
1426 3815 1679 3886 βούλεται
1728 3816 1809 3880 τὸ,

228 3916 406 3970 Αὐτοὶ
437 3914 539 3967 οὐκ
567 3912 841 3981 ἠθέλησαν
863 3927 878 3975 ;

318 4006 486 4060 'Pax.
528 4004 590 4055 0i
619 4002 845 4075 Γραικοὶ
881 4000 1145 4055 ἐκάλεσαν
1193 4001 1317 4063 τοὺς
1352 3999 1617 4059 Λατίνους
1667 3997 1813 4053 διδά-

226 4102 344 4168 ξαι,
380 4100 476 4152 καὶ
507 4097 762 4168 στηρίξαι
790 4095 991 4159 αὐτοὺς
1020 4096 1079 4147 ἐν
1108 4094 1174 4163 τῇ
1213 4093 1428 4147 πίστει.
1465 4089 1633 4145 Αὐτοὶ
1667 4085 1723 4144 δὲ
1750 4092 1810 4142 ού

226 4186 616 4250 κατεδέξαντο,
648 4184 758 4237 οὐδ’
793 4183 1067 4253 ἠθέλησαν
1089 4181 1417 4236 ἐπακοῦσαι.

306 4276 461 4334 Εῠι.
496 4277 676 4343 Δεῑξόν
704 4294 795 4347 μοι
826 4276 1045 4339 Θᾶττον,
1083 4274 1214 4327 πότε
1263 4273 1464 4335 αὐτοὺς
1518 4270 1811 4335 ἐκάλεσαν,

227 4373 332 4428 καὶ
366 4372 522 4424 αὐτοὶ
546 4372 649 4423 οὐκ
676 4369 1021 4432 ὑπήκουσαν.
1039 4366 1209 4421 Φοσοῦ
1219 4382 1320 4437 μαι
1333 4365 1443 4436 γὰρ
1475 4368 1671 4436 μήπως
1698 4365 1813 4417 ἐστὶ

228 4466 350 4519 πᾶν
376 4463 714 4517 τούναντίον.

315 4557 480 4611 Ῥακ.
518 4555 809 4615 Πολλάκις.
856 4551 998 4607 Ἀλλ’
1027 4551 1181 4606 αὐτοὶ
1208 4553 1311 4604 οὐκ
1338 4549 1631 4621 ἠθέλησαν.

295 4651 448 4702 Eia/1.
484 4648 559 4699 Οὐ
594 4646 733 4699 Θέλω
765 4646 959 4713 λόγους
989 4643 1213 4697 ἀκούειν
1244 4641 1462 4707 κενοὺς,
1516 4641 1629 4694 ἀλλ’
1664 4640 1803 4694 ἁπό-

222 4742 400 4805 δειξιν
435 4740 634 4810 ἀληθῆ.

313 4835 483 4887 Ῥακ.
523 4832 709 4890 Οὕτως
746 4831 931 4883 ἀκούω
977 4831 1133 4896 κάγὼ
1191 4826 1301 4880 τῶν
1356 4823 1572 4878 πολλῶν
1622 4823 1809 4890 λεγόν-

262 4944 366 4979 ων.

262 4945 366 4979 ων.

222 4945 257 4980 τ
302 5021 458 5071 Εὺλ.
491 5016 565 5067 Οὐ
584 5015 693 5067 τῶν
718 5013 932 5067 πολλῶν
954 5011 1066 5080 lycii
1081 5010 1254 5065 ὲθέλω
1272 5009 1516 5074 ἀκούειν,
1547 5008 1687 5061 ἀλλὰ
1703 5007 1810 5060 τῶν

222 5110 573 5165 διδασκάλων
607 5107 709 5176 τῆς
753 5106 1104 5175 Ἐκκλησίας.

321 5199 489 5251 Ῥακ.
528 5196 721 5258 Καλῶς
766 5195 922 5264 ἐφης.
964 5194 1077 5248 Καὶ
1114 5194 1280 5263 ἡμεῖς
1307 5192 1417 5246 τῶν
1469 5192 1809 5246 διδασκάλων

223 5289 550 5353 ἀκούοντες,
588 5288 697 5341 τῶν
728 5287 976 5340 Λατίνων
1000 5285 1355 5356 ὲσχίσθημεν.

311 5384 458 5436 Ε’ὺλ.
493 5381 607 5433 Νῦν
634 5380 789 5450 ἥκεις
826 5378 962 5449 πρὸς
998 5376 1026 5431 ὃ
1065 5375 1177 5445 ἐγὼ
1200 5378 1485 5447 βούλομαι.

315 5582 487 5635 Ῥακ.
535 5577 600 5630 Τί
634 5575 849 5646 βούλει;

302 5673 457 5726 Eam.
510 5667 842 5738 Ἀρίθμησόν
871 5684 961 5735 μοι
984 5667 1111 5730 τοὺς
1129 5668 1487 5727 διδασκάλους
1522 5667 1645 5717 κατ’
1698 5668 1817 5719 ὄνο-

229 5784 336 5836 μα,
371 5755 446 5815 ὧν
475 5759 782 5821 ἐπακούσας
811 5759 1057 5812 Λατίνων
1086 5759 1361 5831 ὲσχίσΘης.

320 5856 491 5909 Ῥακ.
529 5853 765 5922 Ἐχομεν
832 5852 1037 5903 Φώτιον
1104 5854 1321 5921 πρῶτον
1373 5854 1517 5907 κατά
1571 5853 1818 5907 Λατίνων

1912 583 2092 637 verint
2117 598 2224 637 non
2253 582 2425 636 multo
2445 587 2573 635 ante
2594 575 2880 635 celebrata!
2902 575 3109 650 synodo
3132 576 3498 633 Florentium?

1986 767 2147 822 Rliac.
2186 765 2256 824 Et
2284 764 2523 825 maxime
2561 767 2784 839 quidem
2817 775 2950 823 sunt
2976 765 3187 833 hostes,
3225 773 3280 822 et
3306 766 3495 821 δόνει-η

1911 860 2040 915 sarii
2094 858 2337 930 pietatis,
2392 869 2448 916 et
2479 858 2615 925 veri,
2665 858 2939 929 patriique
2970 857 3259 926 dogmatis.
3310 852 3373 915 Et
3401 845 3497 931 qui

1917 961 2040 1004 cum
2072 951 2151 1006 eis
2177 947 2578 1014 coinmunicat,
2603 954 2685 1005 est
2714 947 3247 1004 excomntunicatns.

1983 1135 2131 1193 Pius.
2148 1137 2262 1210 Ego
2288 1140 2438 1195 rudis
2460 1149 2584 1194 cum
2606 1139 2707 1194 sim
2729 1181 2744 1206 ,
2768 1136 2933 1195 etiam
2959 1149 3121 1209 atque
3143 1138 3305 1194 etiam
3328 1133 3495 1203 insto,

1914 1240 1974 1283 ιιι
2009 1246 2294 1285 sermones
2318 1233 2618 1286 secundum
2649 1232 3163 1300 interrogationem,
3188 1242 3243 1287 et
3268 1248 3496 1301 respOn-

1912 1324 2119 1377 sionem
2174 1323 2525 1394 dirigantur:
2569 1325 2764 1395 longos
2788 1325 2936 1381 enim
2981 1339 3266 1378 sermones
3318 1341 3494 1393 neque

1914 1415 2027 1485 ipse
2055 1414 2276 1481 ducere,
2304 1416 2371 1467 ab
2394 1430 2572 1482 neque
2599 1416 2719 1470 aliis
2748 1417 3054 1471 insinuatos
3088 1414 3279 1469 audire
3319 1416 3497 1470 valeo.

1983 1501 2156 1558 Rhac.
2188 1503 2281 1557 Dic
2303 1504 2448 1573 quod
2473 1504 2642 1569 lubet,
2671 1512 2725 1559 et
2750 1502 2804 1558 in
2827 1504 3084 1559 omnibus
3109 1504 3453 1573 respondebo
3477 1522 3492 1571 ;

1911 1594 2082 1664 probe
2131 1595 2278 1650 enim
2312 1595 2523 1665 dixisti,
2553 1597 2707 1654 brevi
2742 1611 2995 1654 sermone
3036 1598 3494 1667 disceptationem

1912 1702 2036 1758 esse
2067 1687 2465 1743 extricandam.

1984 1786 2139 1842 Pius.
2173 1788 2477 1858 interrogo.
2522 1790 2641 1857 Qua
2682 1791 2751 1847 de
2773 1806 2937 1847 causa
2986 1789 3136 1863 ipsos
3179 1792 3497 1848 orthodoxa:

1840 1872 1886 1933 Β
1913 1878 2036 1934 ﬁdei
2072 1880 2261 1936 hostes
2300 1882 2627 1952 nuncupas?

1984 1964 2156 2021 thac.
2174 1965 2330 2033 Quod
2354 1977 2495 2023 recta
2520 1969 2626 2025 ﬁde
2645 1969 2848 2040 rejecta
2869 1986 2990 2027 cum
3011 1970 3219 2028 Latinis
3242 1972 3299 2027 in
3323 1988 3492 2027 unum

1913 2063 2246 2118 coaluerint.

1982 2152 2133 2207 Pius.
2166 2150 2424 2220 Quaenam
2456 2156 2528 2211 sit
2555 2154 2688 2212 ﬁdes
2719 2158 3048 2225 orthodoxa,
3084 2160 3249 2229 cupio
3274 2160 3435 2216 scirc.

1986 2330 2150 2387 lec.
2192 2330 2422 2401 Religio,
2467 2341 2521 2387 et
2550 2335 2823 2403 professio
2849 2333 3189 2392 Graecorum.

1983 2519 2139 2576 Pius.
2170 2522 2361 2577 Aliena
2398 2536 2527 2579 vero
2563 2524 2691 2580 ﬁdes
2716 2539 2967 2595 quaenam
2999 2527 3123 2583 est?

1984 2612 2154 2669 Rhac.
2188 2612 2533 2671 Latinorum.

1986 2703 2137 2759 Pius.
2168 2704 2344 2762 Latini
2378 2710 2563 2779 itaque
2586 2712 2878 2769 orthodoxi
2908 2729 3017 2770 non
3049 2716 3212 2772 sunt!

1983 2795 2148 2853 Illinc.
2190 2797 2332 2855 Non.

1990 2888 2138 2945 Pius.
2179 2891 2411 2949 Nuncne
2477 2894 2642 2951 alieni
2672 2914 2700 2952 a
2737 2898 2837 2955 ﬁde
2876 2896 3001 2956 facti
3030 2909 3180 2971 sunt,
3217 2918 3288 2958 an
3331 2906 3497 2960 multo

1912 2991 2071 3036 antea
2107 2981 2266 3037 ﬁdem
2293 2986 2591 3042 amiserunt
2616 2988 2639 3041 ‘i

1985 3074 2150 3132 R/mc.
2183 3077 2325 3133 Ante
2350 3081 2681 3150 quingentos
2710 3097 2906 3139 annos.

1993 3167 2151 3224 Pius.
2186 3167 2251 3223 Et
2298 3172 2341 3225 si
2373 3183 2499 3227 ante
2531 3175 2863 3244 quingentos
2892 3192 3066 3235 annos
3092 3178 3272 3235 Latini
3308 3183 3491 3251 ﬁdem,

1923 3267 1982 3313 ut.
2016 3266 2071 3313 tu
2106 3261 2333 3327 astruis,
2371 3265 2691 3332 amiserunt,
2726 3283 2891 3337 quam
2928 3271 2997 3323 ob
3030 3285 3252 3326 causam
3293 3279 3489 3339 nostri,

1920 3368 2040 3406 cum
2077 3368 2261 3411 essent
2294 3359 2611 3425 orthodoxi,
2670 3376 2765 3417 eos
2802 3377 2909 3416 non
2949 3364 3330 3420 instruxerunt
3366 3384 3495 3422 co”-

1920 3447 2360 3520 ﬁrmaruntque?
2392 3452 2479 3505 Ait
2526 3455 2669 3507 enim
2714 3459 3023 3511 communis
3082 3470 3264 3513 noster
3296 3469 3350 3513 et
3382 3462 3498 3514 illo-

1920 3554 2037 3593 rmn
2075 3542 2336 3609 magister
2366 3560 2381 3598 :
2421 3543 2580 3614 Erige
2608 3546 2829 3614 fratrem
2858 3556 3028 3615 tuum,
3061 3552 3151 3619 qui
3180 3552 3387 3607 cecidit.

1990 3629 2154 3685 lec.
2183 3630 2329 3687 Bene
2357 3635 2436 3687 ais
2466 3651 2480 3699 ;
2516 3637 2611 3689 sed
2640 3638 2955 3693 noluerunt.

1989 3721 2143 3778 Pius.
2180 3725 2237 3778 In
2272 3726 2372 3779 hoc
2407 3727 2608 3782 hmreo.

1995 3818 2238 3872 Auditor.
2291 3818 2403 3873 lloc
2457 3822 2686 3888 extrico,
2734 3821 2864 3891 quid
2908 3822 3184 3893 signiﬁcat
3228 3824 3382 3895 illud,
3418 3826 3500 3881 illi

1920 3910 2198 3963 noluerunt
2219 3910 2244 3963 ?

1998 3999 2167 4053 Rhac.
2207 3999 2377 4054 Gra‘ci
2417 4001 2642 4058 Latinos
2690 4006 3119 4074 accersiverunt,
3163 4016 3223 4062 ut
3263 4009 3501 4066 instrue-

1924 4100 2049 4145 rent
2074 4104 2127 4145 et
2148 4094 2540 4148 conﬁrmarent
2568 4097 2621 4150 in
2650 4097 2791 4153 ﬁde:
2815 4099 2892 4153 illi
2916 4115 3047 4156 vero
3074 4117 3256 4172 neque
3282 4104 3492 4173 dignati

1920 4195 2070 4249 sunt,
2103 4199 2282 4252 neque
2306 4187 2599 4242 voluerunt
2628 4190 2837 4245 audire.

1992 4274 2145 4332 Pius.
2206 4277 2443 4333 Ostende
2491 4280 2624 4332 mihi
2672 4282 2846 4350 ocius,
2906 4287 3123 4351 quando
3174 4287 3297 4342 illos
3341 4303 3501 4342 voca-

1921 4378 2067 4436 runt,
2093 4379 2278 4424 etnon
2313 4372 2621 4427 audierunt.
2658 4372 2858 4430 Vereor
2888 4378 3056 4445 enim,
3093 4393 3161 4433 ne
3189 4381 3495 4449 Oppositum

1921 4463 2017 4516 sit.

1991 4549 2162 4608 Rhar.
2193 4552 2423 4622 Saepius,
2466 4554 2561 4609 sed
2595 4555 2701 4624 ipsi
2739 4558 3054 4615 noluerunt.

1986 4642 2136 4697 Pius.
2173 4644 2356 4701 Mittas
2386 4646 2518 4701 mihi
2543 4663 2827 4706 sermones
2857 4651 3070 4719 inanes,
3112 4652 3306 4707 aﬂ‘erto
3335 4669 3501 4725 argn.

1911 4745 2090 4789 menta
2123 4752 2275 4793 vera.

1983 4827 2149 4882 thac.
2183 4830 2275 4883 Sic
2302 4831 2550 4901 intelligo
2580 4841 2634 4886 et
2664 4832 2803 4909 ipse,
2849 4832 3128 4904 plerisque
3160 4833 3216 4888 id
3247 4851 3499 4889 asseren-

1914 4920 2082 4975 tibus.

1994 5011 2139 5068 Pius.
2186 5012 2322 5069 Nolo
2362 5030 2525 5071 aures
2568 5017 2844 5088 plerisque
2881 5020 3140 5090 praebere,
3188 5022 3282 5075 sed
3314 5020 3489 5075 docto-

1916 5106 2070 5160 ribus
2099 5106 2376 5162 Ecclesim.

1990 5198 2157 5253 Rhac.
2196 5199 2362 5254 Recte
2397 5211 2499 5256 est.
2545 5203 2612 5257 Et
2635 5220 2735 5259 nos
2787 5205 3108 5261 doctoribus
3154 5212 3359 5264 nostris
3402 5226 3497 5263 ana

1918 5291 2128 5345 dientes
2163 5306 2191 5344 a
2223 5290 2431 5345 Latinis
2463 5291 2620 5347 scissi
2650 5309 2863 5351 sumus.

1993 5389 2140 5443 Pius.
2186 5384 2514 5455 lsnmigrasti
2559 5386 2837 5458 ingenium
2873 5405 3074 5457 meum,
3110 5392 3177 5445 ad
3210 5392 3498 5446 arbitrium

1922 5498 2102 5539 meum
2142 5479 2409 5548 looueris.

1994 5574 2161 5627 Rhac.
2200 5570 2339 5637 Quid
2372 5570 2467 5624 tibi
2507 5572 2560 5623 in
2593 5572 2780 5626 animo
2813 5575 2935 5627 est?

1996 5667 2143 5720 Pius.
2182 5664 2378 5718 Profer
2424 5663 2554 5716 mihi
2607 5668 2933 5721 nominatim
2976 5668 3256 5737 doctores,
3299 5668 3501 5736 quibus

1927 5775 2145 5822 suasus,
2179 5772 2209 5810 a
2238 5756 2447 5808 Latinis
2481 5764 2530 5809 te
2559 5755 2875 5826 sejunxisti.

1998 5849 2157 5904 Rhac.
2221 5848 2494 5903 Habemus
2539 5847 2821 5917 Photium,
2878 5855 2968 5924 qui
3025 5866 3215 5910 contra
3271 5856 3498 5913 Latinos
