  <div class='ocr_page' id='page_1' title='image "/cluster/home/n/w/nwhite01/storage/ocr_20150623/159/nnc1.0046980628/496.png"; bbox 0 0 4164 6426; ppageno 0'>
   <div class='ocr_carea' id='block_1_1' title="bbox 196 343 3453 413">
    <p class='ocr_par' dir='ltr' id='par_1_1' title="bbox 196 343 3453 413">
     <span class='ocr_line' id='line_1_1' title="bbox 196 343 3453 413; baseline 0.001 -3"><span class='ocrx_word' id='word_1_1' title='bbox 196 350 303 411; x_wconf 75' lang='grc' dir='ltr'><strong>9Ῐ3</strong></span> <span class='ocrx_word' id='word_1_2' title='bbox 1125 346 1622 407; x_wconf 77' lang='lat' dir='ltr'><strong>DlSCEPTATIO</strong></span> <span class='ocrx_word' id='word_1_3' title='bbox 1661 345 1811 405; x_wconf 81' lang='lat' dir='ltr'><strong>PRO</strong></span> <span class='ocrx_word' id='word_1_4' title='bbox 1850 343 2062 405; x_wconf 70' lang='lat' dir='ltr'><strong>CONC.</strong></span> <span class='ocrx_word' id='word_1_5' title='bbox 2111 346 2485 410; x_wconf 80' lang='lat' dir='ltr'><strong>FLORENT.</strong></span> <span class='ocrx_word' id='word_1_6' title='bbox 3350 350 3453 413; x_wconf 62' lang='lat' dir='ltr'><strong>97L</strong></span> 
     </span>
    </p>
   </div>
   <div class='ocr_carea' id='block_1_2' title="bbox 268 460 1759 537">
    <p class='ocr_par' dir='ltr' id='par_1_2' title="bbox 268 464 1759 537">
     <span class='ocr_line' id='line_1_2' title="bbox 268 464 1759 537; baseline -0.001 -18"><span class='ocrx_word' id='word_1_7' title='bbox 268 468 425 534; x_wconf 74' lang='grc' dir='ltr'>Ἀκρ.</span> <span class='ocrx_word' id='word_1_8' title='bbox 454 466 568 520; x_wconf 71' lang='grc' dir='ltr'><strong>Νῦν</strong></span> <span class='ocrx_word' id='word_1_9' title='bbox 602 469 625 519; x_wconf 83' lang='grc' dir='ltr'>ὁ</span> <span class='ocrx_word' id='word_1_10' title='bbox 676 465 866 537; x_wconf 75' lang='grc' dir='ltr'>Πατὴρ</span> <span class='ocrx_word' id='word_1_11' title='bbox 895 464 1236 536; x_wconf 77' lang='grc' dir='ltr'>ἀμφιϐάλλει</span> <span class='ocrx_word' id='word_1_12' title='bbox 1276 466 1419 519; x_wconf 77' lang='grc' dir='ltr'><strong>κατᾶ</strong></span> <span class='ocrx_word' id='word_1_13' title='bbox 1476 466 1565 519; x_wconf 69' lang='grc' dir='ltr'><strong>τὸν</strong></span> <span class='ocrx_word' id='word_1_14' title='bbox 1613 465 1759 532; x_wconf 76' lang='grc' dir='ltr'>λόγω</span> 
     </span>
    </p>
   </div>
   <div class='ocr_carea' id='block_1_3' title="bbox 1861 460 3450 537">
    <p class='ocr_par' dir='ltr' id='par_1_3' title="bbox 1950 460 3450 535">
     <span class='ocr_line' id='line_1_3' title="bbox 1950 460 3450 535; baseline 0.003 -19"><span class='ocrx_word' id='word_1_15' title='bbox 1950 462 2091 516; x_wconf 81' lang='lat' dir='ltr'><strong>Aud.</strong></span> <span class='ocrx_word' id='word_1_16' title='bbox 2125 461 2280 517; x_wconf 81' lang='lat' dir='ltr'><strong>Nunc</strong></span> <span class='ocrx_word' id='word_1_17' title='bbox 2304 461 2462 517; x_wconf 84' lang='lat' dir='ltr'><strong>Pater</strong></span> <span class='ocrx_word' id='word_1_18' title='bbox 2494 462 2593 517; x_wconf 88' lang='lat' dir='ltr'><strong>iste</strong></span> <span class='ocrx_word' id='word_1_19' title='bbox 2623 462 2852 530; x_wconf 66' lang='lat' dir='ltr'><strong>haesitat,</strong></span> <span class='ocrx_word' id='word_1_20' title='bbox 2888 472 2947 517; x_wconf 93' lang='lat' dir='ltr'><strong>ut</strong></span> <span class='ocrx_word' id='word_1_21' title='bbox 2975 478 3037 517; x_wconf 83' lang='lat' dir='ltr'><strong>ex</strong></span> <span class='ocrx_word' id='word_1_22' title='bbox 3070 460 3246 519; x_wconf 74' lang='lat' dir='ltr'><strong>verbis</strong></span> <span class='ocrx_word' id='word_1_23' title='bbox 3274 465 3450 535; x_wconf 79' lang='lat' dir='ltr'><strong>ipsius</strong></span> 
     </span>
    </p>
   </div>
   <div class='ocr_carea' id='block_1_4' title="bbox 191 555 1759 625">
    <p class='ocr_par' dir='ltr' id='par_1_4' title="bbox 191 558 383 611">
     <span class='ocr_line' id='line_1_4' title="bbox 191 558 383 611; baseline -0.005 0"><span class='ocrx_word' id='word_1_24' title='bbox 191 558 383 611; x_wconf 72' lang='grc' dir='ltr'>αὑτοῦ.</span> 
     </span>
    </p>
   </div>
   <div class='ocr_carea' id='block_1_5' title="bbox 1861 555 2090 625">
    <p class='ocr_par' dir='ltr' id='par_1_5' title="bbox 1872 555 2090 625">
     <span class='ocr_line' id='line_1_5' title="bbox 1872 555 2090 625; baseline 0 -17"><span class='ocrx_word' id='word_1_25' title='bbox 1872 555 2090 625; x_wconf 77' lang='lat' dir='ltr'><strong>colligo.</strong></span> 
     </span>
    </p>
   </div>
   <div class='ocr_carea' id='block_1_6' title="bbox 266 646 1759 723">
    <p class='ocr_par' dir='ltr' id='par_1_6' title="bbox 266 646 1759 723">
     <span class='ocr_line' id='line_1_6' title="bbox 266 646 1759 723; baseline -0.001 -19"><span class='ocrx_word' id='word_1_26' title='bbox 266 650 415 706; x_wconf 71' lang='grc' dir='ltr'>Εὑλ.</span> <span class='ocrx_word' id='word_1_27' title='bbox 452 652 512 704; x_wconf 85' lang='grc' dir='ltr'><strong>Εί</strong></span> <span class='ocrx_word' id='word_1_28' title='bbox 541 648 629 723; x_wconf 73' lang='grc' dir='ltr'>ἦν,</span> <span class='ocrx_word' id='word_1_29' title='bbox 655 649 833 719; x_wconf 81' lang='grc' dir='ltr'>ἐφάνη</span> <span class='ocrx_word' id='word_1_30' title='bbox 873 650 961 704; x_wconf 77' lang='grc' dir='ltr'>ἄν.</span> <span class='ocrx_word' id='word_1_31' title='bbox 1007 649 1081 701; x_wconf 85' lang='grc' dir='ltr'><strong>Τὸ</strong></span> <span class='ocrx_word' id='word_1_32' title='bbox 1108 646 1168 701; x_wconf 65' lang='grc' dir='ltr'><strong>δέ</strong></span> <span class='ocrx_word' id='word_1_33' title='bbox 1198 649 1395 714; x_wconf 77' lang='grc' dir='ltr'>εἰπεῖν,</span> <span class='ocrx_word' id='word_1_34' title='bbox 1450 651 1553 714; x_wconf 88' lang='grc' dir='ltr'>ὅτι,</span> <span class='ocrx_word' id='word_1_35' title='bbox 1620 668 1637 700; x_wconf 74' lang='grc' dir='ltr'><strong>ι</strong></span> <span class='ocrx_word' id='word_1_36' title='bbox 1670 649 1759 711; x_wconf 84' lang='grc' dir='ltr'>Τίς</span> 
     </span>
    </p>
   </div>
   <div class='ocr_carea' id='block_1_7' title="bbox 1861 646 3445 723">
    <p class='ocr_par' dir='ltr' id='par_1_7' title="bbox 1945 648 3445 719">
     <span class='ocr_line' id='line_1_7' title="bbox 1945 648 3445 719; baseline 0.001 -18"><span class='ocrx_word' id='word_1_37' title='bbox 1945 648 2103 704; x_wconf 85' lang='lat' dir='ltr'><strong>Pius.</strong></span> <span class='ocrx_word' id='word_1_38' title='bbox 2141 649 2196 703; x_wconf 88' lang='lat' dir='ltr'><strong>Si</strong></span> <span class='ocrx_word' id='word_1_39' title='bbox 2225 658 2389 716; x_wconf 88' lang='lat' dir='ltr'><strong>esset,</strong></span> <span class='ocrx_word' id='word_1_40' title='bbox 2416 648 2759 719; x_wconf 87' lang='lat' dir='ltr'><strong>apparuisset</strong></span> <span class='ocrx_word' id='word_1_41' title='bbox 2794 648 3006 718; x_wconf 89' lang='lat' dir='ltr'><strong>utique.</strong></span> <span class='ocrx_word' id='word_1_42' title='bbox 3042 652 3107 703; x_wconf 71' lang='lat' dir='ltr'><strong>At</strong></span> <span class='ocrx_word' id='word_1_43' title='bbox 3132 649 3445 714; x_wconf 85' lang='lat' dir='ltr'><strong>enuntiare,</strong></span> 
     </span>
    </p>
   </div>
   <div class='ocr_carea' id='block_1_8' title="bbox 187 738 1759 812">
    <p class='ocr_par' dir='ltr' id='par_1_8' title="bbox 187 738 1759 812">
     <span class='ocr_line' id='line_1_8' title="bbox 187 738 1759 812; baseline -0.002 -15"><span class='ocrx_word' id='word_1_44' title='bbox 187 738 366 808; x_wconf 82' lang='grc' dir='ltr'>οἶδεν;</span> <span class='ocrx_word' id='word_1_45' title='bbox 408 762 427 794; x_wconf 67' lang='grc' dir='ltr'>ο</span> <span class='ocrx_word' id='word_1_46' title='bbox 491 741 652 795; x_wconf 82' lang='grc' dir='ltr'>τοῦτο</span> <span class='ocrx_word' id='word_1_47' title='bbox 706 742 1008 812; x_wconf 73' lang='grc' dir='ltr'>ἀμφίϐολον</span> <span class='ocrx_word' id='word_1_48' title='bbox 1069 740 1342 811; x_wconf 73' lang='grc' dir='ltr'><strong>ὑπάρχειο</strong></span> <span class='ocrx_word' id='word_1_49' title='bbox 1389 741 1496 794; x_wconf 66' lang='grc' dir='ltr'><strong>ἀπὸ</strong></span> <span class='ocrx_word' id='word_1_50' title='bbox 1542 742 1599 793; x_wconf 76' lang='grc' dir='ltr'>δὲ</span> <span class='ocrx_word' id='word_1_51' title='bbox 1656 742 1759 794; x_wconf 81' lang='grc' dir='ltr'><strong>τῶν</strong></span> 
     </span>
    </p>
   </div>
   <div class='ocr_carea' id='block_1_9' title="bbox 1861 738 3439 812">
    <p class='ocr_par' dir='ltr' id='par_1_9' title="bbox 1877 741 3439 812">
     <span class='ocr_line' id='line_1_9' title="bbox 1877 741 3439 812; baseline 0.001 -19"><span class='ocrx_word' id='word_1_52' title='bbox 1877 761 1895 793; x_wconf 78' lang='grc' dir='ltr'>σ</span> <span class='ocrx_word' id='word_1_53' title='bbox 1935 742 2072 808; x_wconf 84' lang='lat' dir='ltr'><strong>Quis</strong></span> <span class='ocrx_word' id='word_1_54' title='bbox 2100 744 2248 797; x_wconf 85' lang='lat' dir='ltr'><strong>scit?</strong></span> <span class='ocrx_word' id='word_1_55' title='bbox 2282 762 2300 793; x_wconf 74' lang='grc' dir='ltr'><strong>ι</strong></span> <span class='ocrx_word' id='word_1_56' title='bbox 2346 743 2659 812; x_wconf 73' lang='lat' dir='ltr'><strong>ambiguum</strong></span> <span class='ocrx_word' id='word_1_57' title='bbox 2685 751 2769 797; x_wconf 82' lang='lat' dir='ltr'><strong>est.</strong></span> <span class='ocrx_word' id='word_1_58' title='bbox 2827 750 2992 812; x_wconf 86' lang='lat' dir='ltr'><strong>atque</strong></span> <span class='ocrx_word' id='word_1_59' title='bbox 3027 743 3320 797; x_wconf 87' lang='lat' dir='ltr'><strong>incertum.</strong></span> <span class='ocrx_word' id='word_1_60' title='bbox 3365 741 3439 795; x_wconf 84' lang='lat' dir='ltr'><strong>Ex</strong></span> 
     </span>
    </p>
   </div>
   <div class='ocr_carea' id='block_1_10' title="bbox 190 833 1759 905">
    <p class='ocr_par' dir='ltr' id='par_1_10' title="bbox 190 833 1759 905">
     <span class='ocr_line' id='line_1_10' title="bbox 190 833 1759 905; baseline -0.001 -15"><span class='ocrx_word' id='word_1_61' title='bbox 190 837 517 905; x_wconf 79' lang='grc' dir='ltr'>ἀμφιϐόλων</span> <span class='ocrx_word' id='word_1_62' title='bbox 542 837 698 889; x_wconf 79' lang='grc' dir='ltr'>οὐδὲν</span> <span class='ocrx_word' id='word_1_63' title='bbox 756 835 1052 901; x_wconf 72' lang='grc' dir='ltr'>συνάγεται</span> <span class='ocrx_word' id='word_1_64' title='bbox 1107 833 1305 904; x_wconf 83' lang='grc' dir='ltr'>ἀληθὲς</span> <span class='ocrx_word' id='word_1_65' title='bbox 1363 834 1759 904; x_wconf 72' lang='grc' dir='ltr'>συμπιρασμα.</span> 
     </span>
    </p>
   </div>
   <div class='ocr_carea' id='block_1_11' title="bbox 1861 833 3448 905">
    <p class='ocr_par' dir='ltr' id='par_1_11' title="bbox 1869 833 3448 903">
     <span class='ocr_line' id='line_1_11' title="bbox 1869 833 3448 903; baseline -0.001 -16"><span class='ocrx_word' id='word_1_66' title='bbox 1869 834 2138 903; x_wconf 79' lang='lat' dir='ltr'><strong>ambiguis</strong></span> <span class='ocrx_word' id='word_1_67' title='bbox 2213 833 2550 903; x_wconf 89' lang='lat' dir='ltr'><strong>incertisque</strong></span> <span class='ocrx_word' id='word_1_68' title='bbox 2627 835 2773 888; x_wconf 88' lang='lat' dir='ltr'><strong>nulla</strong></span> <span class='ocrx_word' id='word_1_69' title='bbox 2853 849 2981 889; x_wconf 80' lang='lat' dir='ltr'><strong>vera</strong></span> <span class='ocrx_word' id='word_1_70' title='bbox 3046 833 3263 888; x_wconf 82' lang='lat' dir='ltr'><strong>elicit-ur</strong></span> <span class='ocrx_word' id='word_1_71' title='bbox 3313 849 3448 887; x_wconf 85' lang='lat' dir='ltr'><strong>cnn-</strong></span> 
     </span>
    </p>
   </div>
   <div class='ocr_carea' id='block_1_12' title="bbox 188 925 1759 996">
    <p class='ocr_par' dir='ltr' id='par_1_12' title="bbox 188 926 1759 995">
     <span class='ocr_line' id='line_1_12' title="bbox 188 926 1759 995; baseline -0.001 -12"><span class='ocrx_word' id='word_1_72' title='bbox 188 930 411 983; x_wconf 75' lang='grc' dir='ltr'>Μᾱὶλλον</span> <span class='ocrx_word' id='word_1_73' title='bbox 474 929 584 982; x_wconf 75' lang='grc' dir='ltr'><strong>ἀπὸ</strong></span> <span class='ocrx_word' id='word_1_74' title='bbox 652 928 844 981; x_wconf 88' lang='grc' dir='ltr'>τούτου</span> <span class='ocrx_word' id='word_1_75' title='bbox 892 926 989 979; x_wconf 81' lang='grc' dir='ltr'>τοῦ</span> <span class='ocrx_word' id='word_1_76' title='bbox 1054 926 1216 995; x_wconf 88' lang='grc' dir='ltr'>λόγου</span> <span class='ocrx_word' id='word_1_77' title='bbox 1267 926 1347 988; x_wconf 85' lang='grc' dir='ltr'><strong>είς</strong></span> <span class='ocrx_word' id='word_1_78' title='bbox 1399 926 1641 995; x_wconf 76' lang='grc' dir='ltr'><strong>ὑποψίαν</strong></span> <span class='ocrx_word' id='word_1_79' title='bbox 1705 928 1759 981; x_wconf 81' lang='grc' dir='ltr'><strong>ἇ-</strong></span> 
     </span>
    </p>
   </div>
   <div class='ocr_carea' id='block_1_13' title="bbox 1861 925 3440 996">
    <p class='ocr_par' dir='ltr' id='par_1_13' title="bbox 1868 925 3440 996">
     <span class='ocr_line' id='line_1_13' title="bbox 1868 925 3440 996; baseline 0.001 -19"><span class='ocrx_word' id='word_1_80' title='bbox 1868 925 2063 980; x_wconf 91' lang='lat' dir='ltr'><strong>clusio.</strong></span> <span class='ocrx_word' id='word_1_81' title='bbox 2119 925 2229 978; x_wconf 86' lang='lat' dir='ltr'><strong>lmo</strong></span> <span class='ocrx_word' id='word_1_82' title='bbox 2268 925 2370 980; x_wconf 84' lang='lat' dir='ltr'><strong>hoc</strong></span> <span class='ocrx_word' id='word_1_83' title='bbox 2398 935 2499 979; x_wconf 72' lang='lat' dir='ltr'><strong>tuo</strong></span> <span class='ocrx_word' id='word_1_84' title='bbox 2547 941 2801 980; x_wconf 86' lang='lat' dir='ltr'><strong>sermone</strong></span> <span class='ocrx_word' id='word_1_85' title='bbox 2850 941 2936 980; x_wconf 88' lang='lat' dir='ltr'><strong>me</strong></span> <span class='ocrx_word' id='word_1_86' title='bbox 2965 926 3021 979; x_wconf 85' lang='lat' dir='ltr'><strong>in</strong></span> <span class='ocrx_word' id='word_1_87' title='bbox 3073 927 3440 996; x_wconf 84' lang='lat' dir='ltr'><strong>suspicionem</strong></span> 
     </span>
    </p>
   </div>
   <div class='ocr_carea' id='block_1_14' title="bbox 192 1018 1759 1089">
    <p class='ocr_par' dir='ltr' id='par_1_14' title="bbox 192 1039 437 1089">
     <span class='ocr_line' id='line_1_14' title="bbox 192 1039 437 1089; baseline 0.004 -15"><span class='ocrx_word' id='word_1_88' title='bbox 192 1039 313 1089; x_wconf 85' lang='grc' dir='ltr'>γεις</span> <span class='ocrx_word' id='word_1_89' title='bbox 350 1039 437 1089; x_wconf 83' lang='grc' dir='ltr'><strong>με.</strong></span> 
     </span>
    </p>
   </div>
   <div class='ocr_carea' id='block_1_15' title="bbox 1861 1018 2109 1089">
    <p class='ocr_par' dir='ltr' id='par_1_15' title="bbox 1868 1018 2109 1073">
     <span class='ocr_line' id='line_1_15' title="bbox 1868 1018 2109 1073; baseline -0.012 0"><span class='ocrx_word' id='word_1_90' title='bbox 1868 1018 2109 1073; x_wconf 80' lang='lat' dir='ltr'><strong>adducis.</strong></span> 
     </span>
    </p>
   </div>
   <div class='ocr_carea' id='block_1_16' title="bbox 278 1111 1759 1182">
    <p class='ocr_par' dir='ltr' id='par_1_16' title="bbox 278 1111 1040 1177">
     <span class='ocr_line' id='line_1_16' title="bbox 278 1111 1040 1177; baseline -0.004 -10"><span class='ocrx_word' id='word_1_91' title='bbox 278 1114 442 1167; x_wconf 74' lang='grc' dir='ltr'>Ῥακ.</span> <span class='ocrx_word' id='word_1_92' title='bbox 474 1113 539 1167; x_wconf 88' lang='grc' dir='ltr'>Τί</span> <span class='ocrx_word' id='word_1_93' title='bbox 574 1113 637 1165; x_wconf 80' lang='grc' dir='ltr'>σὺ</span> <span class='ocrx_word' id='word_1_94' title='bbox 670 1111 999 1175; x_wconf 78' lang='grc' dir='ltr'><strong>ὑποπτεύεις</strong></span> <span class='ocrx_word' id='word_1_95' title='bbox 1026 1130 1040 1177; x_wconf 90' lang='lat'><strong>;</strong></span> 
     </span>
    </p>
   </div>
   <div class='ocr_carea' id='block_1_17' title="bbox 1861 1111 2658 1182">
    <p class='ocr_par' dir='ltr' id='par_1_17' title="bbox 1947 1111 2658 1182">
     <span class='ocr_line' id='line_1_17' title="bbox 1947 1111 2658 1182; baseline 0.004 -19"><span class='ocrx_word' id='word_1_96' title='bbox 1947 1111 2111 1167; x_wconf 81' lang='lat' dir='ltr'><strong>Rhac.</strong></span> <span class='ocrx_word' id='word_1_97' title='bbox 2139 1111 2280 1178; x_wconf 84' lang='lat' dir='ltr'><strong>Quid</strong></span> <span class='ocrx_word' id='word_1_98' title='bbox 2320 1113 2658 1182; x_wconf 75' lang='lat' dir='ltr'><strong>suspicaris?</strong></span> 
     </span>
    </p>
   </div>
   <div class='ocr_carea' id='block_1_18' title="bbox 265 1203 1759 1275">
    <p class='ocr_par' dir='ltr' id='par_1_18' title="bbox 265 1203 1759 1275">
     <span class='ocr_line' id='line_1_18' title="bbox 265 1203 1759 1275; baseline -0.001 -16"><span class='ocrx_word' id='word_1_99' title='bbox 265 1206 414 1260; x_wconf 72' lang='grc' dir='ltr'>Εὐλ.</span> <span class='ocrx_word' id='word_1_100' title='bbox 449 1205 773 1259; x_wconf 80' lang='grc' dir='ltr'>’Υποπτεύω</span> <span class='ocrx_word' id='word_1_101' title='bbox 796 1208 905 1259; x_wconf 76' lang='grc' dir='ltr'>πᾶν</span> <span class='ocrx_word' id='word_1_102' title='bbox 934 1204 1270 1270; x_wconf 82' lang='grc' dir='ltr'>τούναντίον,</span> <span class='ocrx_word' id='word_1_103' title='bbox 1302 1204 1439 1275; x_wconf 76' lang='grc' dir='ltr'>ὅπερ</span> <span class='ocrx_word' id='word_1_104' title='bbox 1469 1221 1534 1258; x_wconf 90' lang='grc' dir='ltr'><strong>συ</strong></span> <span class='ocrx_word' id='word_1_105' title='bbox 1558 1203 1759 1271; x_wconf 75' lang='grc' dir='ltr'>λέγεις.</span> 
     </span>
    </p>
   </div>
   <div class='ocr_carea' id='block_1_19' title="bbox 1861 1203 3447 1275">
    <p class='ocr_par' dir='ltr' id='par_1_19' title="bbox 1946 1203 3447 1275">
     <span class='ocr_line' id='line_1_19' title="bbox 1946 1203 3447 1275; baseline 0.002 -17"><span class='ocrx_word' id='word_1_106' title='bbox 1946 1203 2099 1258; x_wconf 81' lang='lat' dir='ltr'><strong>Pius.</strong></span> <span class='ocrx_word' id='word_1_107' title='bbox 2131 1204 2395 1275; x_wconf 84' lang='lat' dir='ltr'><strong>Suspicor</strong></span> <span class='ocrx_word' id='word_1_108' title='bbox 2421 1205 2605 1260; x_wconf 80' lang='lat' dir='ltr'><strong>omnia</strong></span> <span class='ocrx_word' id='word_1_109' title='bbox 2638 1206 2744 1260; x_wconf 86' lang='lat' dir='ltr'><strong>tuis</strong></span> <span class='ocrx_word' id='word_1_110' title='bbox 2771 1206 2952 1273; x_wconf 77' lang='lat' dir='ltr'><strong>verbis</strong></span> <span class='ocrx_word' id='word_1_111' title='bbox 2988 1206 3286 1262; x_wconf 86' lang='lat' dir='ltr'><strong>contraria.</strong></span> <span class='ocrx_word' id='word_1_112' title='bbox 3324 1206 3447 1261; x_wconf 68' lang='lat' dir='ltr'><strong>Ete-</strong></span> 
     </span>
    </p>
   </div>
   <div class='ocr_carea' id='block_1_20' title="bbox 186 1297 1759 1370">
    <p class='ocr_par' dir='ltr' id='par_1_20' title="bbox 186 1297 1757 1369">
     <span class='ocr_line' id='line_1_20' title="bbox 186 1297 1757 1369; baseline -0.001 -17"><span class='ocrx_word' id='word_1_113' title='bbox 186 1301 252 1352; x_wconf 81' lang='grc' dir='ltr'>Εί</span> <span class='ocrx_word' id='word_1_114' title='bbox 283 1300 393 1369; x_wconf 66' lang='grc' dir='ltr'>γὰρ</span> <span class='ocrx_word' id='word_1_115' title='bbox 420 1300 564 1351; x_wconf 83' lang='grc' dir='ltr'>κατὰ</span> <span class='ocrx_word' id='word_1_116' title='bbox 587 1298 837 1352; x_wconf 89' lang='grc' dir='ltr'>Λατίνων</span> <span class='ocrx_word' id='word_1_117' title='bbox 859 1299 915 1351; x_wconf 79' lang='grc' dir='ltr'>ἐν</span> <span class='ocrx_word' id='word_1_118' title='bbox 938 1300 1004 1366; x_wconf 81' lang='grc' dir='ltr'>τῇ</span> <span class='ocrx_word' id='word_1_119' title='bbox 1034 1297 1239 1368; x_wconf 80' lang='grc' dir='ltr'><strong>συνόδῳ</strong></span> <span class='ocrx_word' id='word_1_120' title='bbox 1271 1297 1456 1368; x_wconf 80' lang='grc' dir='ltr'>ἐκείνῃ</span> <span class='ocrx_word' id='word_1_121' title='bbox 1486 1297 1757 1368; x_wconf 81' lang='grc' dir='ltr'>ἐπράχθη,</span> 
     </span>
    </p>
   </div>
   <div class='ocr_carea' id='block_1_21' title="bbox 1861 1297 3437 1370">
    <p class='ocr_par' dir='ltr' id='par_1_21' title="bbox 1867 1297 3437 1370">
     <span class='ocr_line' id='line_1_21' title="bbox 1867 1297 3437 1370; baseline 0 -18"><span class='ocrx_word' id='word_1_122' title='bbox 1867 1298 1979 1352; x_wconf 90' lang='lat' dir='ltr'><strong>nim</strong></span> <span class='ocrx_word' id='word_1_123' title='bbox 2032 1298 2077 1352; x_wconf 90' lang='lat' dir='ltr'><strong>si</strong></span> <span class='ocrx_word' id='word_1_124' title='bbox 2125 1308 2316 1353; x_wconf 87' lang='lat' dir='ltr'><strong>contra</strong></span> <span class='ocrx_word' id='word_1_125' title='bbox 2352 1297 2578 1352; x_wconf 75' lang='lat' dir='ltr'><strong>Latinos</strong></span> <span class='ocrx_word' id='word_1_126' title='bbox 2603 1315 2667 1353; x_wconf 90' lang='lat' dir='ltr'><strong>ea</strong></span> <span class='ocrx_word' id='word_1_127' title='bbox 2700 1300 2752 1353; x_wconf 93' lang='lat' dir='ltr'><strong>in</strong></span> <span class='ocrx_word' id='word_1_128' title='bbox 2796 1300 3006 1370; x_wconf 91' lang='lat' dir='ltr'><strong>synodo</strong></span> <span class='ocrx_word' id='word_1_129' title='bbox 3043 1312 3223 1355; x_wconf 86' lang='lat' dir='ltr'><strong>actum</strong></span> <span class='ocrx_word' id='word_1_130' title='bbox 3266 1309 3437 1365; x_wconf 82' lang='lat' dir='ltr'><strong>esset,</strong></span> 
     </span>
    </p>
   </div>
   <div class='ocr_carea' id='block_1_22' title="bbox 185 1374 1759 1463">
    <p class='ocr_par' dir='ltr' id='par_1_22' title="bbox 185 1374 1759 1463">
     <span class='ocr_line' id='line_1_22' title="bbox 185 1374 1759 1463; baseline -0.001 -17"><span class='ocrx_word' id='word_1_131' title='bbox 185 1389 336 1463; x_wconf 76' lang='grc' dir='ltr'>εἶχον</span> <span class='ocrx_word' id='word_1_132' title='bbox 365 1395 431 1447; x_wconf 77' lang='grc' dir='ltr'><strong>ἂν</strong></span> <span class='ocrx_word' id='word_1_133' title='bbox 467 1394 515 1446; x_wconf 87' lang='grc' dir='ltr'><strong>οί</strong></span> <span class='ocrx_word' id='word_1_134' title='bbox 536 1393 763 1461; x_wconf 82' lang='grc' dir='ltr'>Γραικοὶ</span> <span class='ocrx_word' id='word_1_135' title='bbox 787 1374 887 1454; x_wconf 78' lang='grc' dir='ltr'>τὰς</span> <span class='ocrx_word' id='word_1_136' title='bbox 935 1391 1173 1461; x_wconf 77' lang='grc' dir='ltr'>βίϐλους,</span> <span class='ocrx_word' id='word_1_137' title='bbox 1209 1390 1398 1461; x_wconf 87' lang='grc' dir='ltr'>ῶσπερ</span> <span class='ocrx_word' id='word_1_138' title='bbox 1448 1393 1629 1460; x_wconf 79' lang='grc' dir='ltr'>χρυσᾶ</span> <span class='ocrx_word' id='word_1_139' title='bbox 1673 1392 1759 1458; x_wconf 82' lang='grc' dir='ltr'><strong>ἐγ-</strong></span> 
     </span>
    </p>
   </div>
   <div class='ocr_carea' id='block_1_23' title="bbox 1861 1374 3445 1463">
    <p class='ocr_par' dir='ltr' id='par_1_23' title="bbox 1868 1390 3445 1462">
     <span class='ocr_line' id='line_1_23' title="bbox 1868 1390 3445 1462; baseline 0.002 -19"><span class='ocrx_word' id='word_1_140' title='bbox 1868 1401 2183 1446; x_wconf 81' lang='lat' dir='ltr'><strong>servassent</strong></span> <span class='ocrx_word' id='word_1_141' title='bbox 2214 1392 2316 1446; x_wconf 85' lang='lat' dir='ltr'><strong>sibi</strong></span> <span class='ocrx_word' id='word_1_142' title='bbox 2342 1390 2517 1447; x_wconf 75' lang='lat' dir='ltr'><strong>Graeci</strong></span> <span class='ocrx_word' id='word_1_143' title='bbox 2545 1391 2734 1457; x_wconf 90' lang='lat' dir='ltr'><strong>libros,</strong></span> <span class='ocrx_word' id='word_1_144' title='bbox 2764 1402 3022 1462; x_wconf 85' lang='lat' dir='ltr'><strong>tanquam</strong></span> <span class='ocrx_word' id='word_1_145' title='bbox 3057 1408 3224 1448; x_wconf 86' lang='lat' dir='ltr'><strong>aurea</strong></span> <span class='ocrx_word' id='word_1_146' title='bbox 3264 1394 3445 1447; x_wconf 86' lang='lat' dir='ltr'><strong>moni-</strong></span> 
     </span>
    </p>
   </div>
   <div class='ocr_carea' id='block_1_24' title="bbox 186 1482 1759 1554">
    <p class='ocr_par' dir='ltr' id='par_1_24' title="bbox 186 1482 1759 1554">
     <span class='ocr_line' id='line_1_24' title="bbox 186 1482 1759 1554; baseline -0.001 -16"><span class='ocrx_word' id='word_1_147' title='bbox 186 1487 387 1538; x_wconf 79' lang='grc' dir='ltr'>κόλπια</span> <span class='ocrx_word' id='word_1_148' title='bbox 413 1485 846 1554; x_wconf 80' lang='grc' dir='ltr'><strong>φυλαττομένας,</strong></span> <span class='ocrx_word' id='word_1_149' title='bbox 886 1486 974 1546; x_wconf 82' lang='grc' dir='ltr'><strong>είς</strong></span> <span class='ocrx_word' id='word_1_150' title='bbox 1014 1484 1077 1537; x_wconf 81' lang='grc' dir='ltr'>τὸ</span> <span class='ocrx_word' id='word_1_151' title='bbox 1131 1482 1402 1536; x_wconf 80' lang='grc' dir='ltr'><strong>δεικνύειν</strong></span> <span class='ocrx_word' id='word_1_152' title='bbox 1462 1485 1575 1545; x_wconf 86' lang='grc' dir='ltr'>τοῖς</span> <span class='ocrx_word' id='word_1_153' title='bbox 1622 1482 1759 1551; x_wconf 82' lang='grc' dir='ltr'>μετὰ</span> 
     </span>
    </p>
   </div>
   <div class='ocr_carea' id='block_1_25' title="bbox 1861 1482 3441 1554">
    <p class='ocr_par' dir='ltr' id='par_1_25' title="bbox 1867 1482 3441 1553">
     <span class='ocr_line' id='line_1_25' title="bbox 1867 1482 3441 1553; baseline 0.002 -19"><span class='ocrx_word' id='word_1_154' title='bbox 1867 1482 1935 1535; x_wconf 86' lang='lat' dir='ltr'><strong>lia</strong></span> <span class='ocrx_word' id='word_1_155' title='bbox 1971 1482 2023 1537; x_wconf 91' lang='lat' dir='ltr'><strong>in</strong></span> <span class='ocrx_word' id='word_1_156' title='bbox 2058 1495 2278 1553; x_wconf 86' lang='lat' dir='ltr'><strong>pectore</strong></span> <span class='ocrx_word' id='word_1_157' title='bbox 2307 1484 2509 1539; x_wconf 81' lang='lat' dir='ltr'><strong>futuris</strong></span> <span class='ocrx_word' id='word_1_158' title='bbox 2544 1484 2856 1540; x_wconf 86' lang='lat' dir='ltr'><strong>hominibus</strong></span> <span class='ocrx_word' id='word_1_159' title='bbox 2887 1486 3181 1551; x_wconf 90' lang='lat' dir='ltr'><strong>ostensuri,</strong></span> <span class='ocrx_word' id='word_1_160' title='bbox 3219 1501 3322 1539; x_wconf 90' lang='lat' dir='ltr'><strong>non</strong></span> <span class='ocrx_word' id='word_1_161' title='bbox 3358 1486 3441 1537; x_wconf 73' lang='lat' dir='ltr'><strong>in-</strong></span> 
     </span>
    </p>
   </div>
   <div class='ocr_carea' id='block_1_26' title="bbox 186 1572 1759 1647">
    <p class='ocr_par' dir='ltr' id='par_1_26' title="bbox 186 1572 1759 1647">
     <span class='ocr_line' id='line_1_26' title="bbox 186 1572 1759 1647; baseline -0.001 -18"><span class='ocrx_word' id='word_1_162' title='bbox 186 1579 384 1644; x_wconf 75' lang='grc' dir='ltr'>ταῦτα,</span> <span class='ocrx_word' id='word_1_163' title='bbox 417 1578 498 1630; x_wconf 81' lang='grc' dir='ltr'>ὅτι</span> <span class='ocrx_word' id='word_1_164' title='bbox 538 1579 761 1640; x_wconf 86' lang='grc' dir='ltr'>δικαίως</span> <span class='ocrx_word' id='word_1_165' title='bbox 782 1572 973 1629; x_wconf 84' lang='grc' dir='ltr'>αὐτῶν</span> <span class='ocrx_word' id='word_1_166' title='bbox 1020 1576 1427 1647; x_wconf 80' lang='grc' dir='ltr'>ἐχωρίσθησαν.</span> <span class='ocrx_word' id='word_1_167' title='bbox 1490 1576 1645 1628; x_wconf 77' lang='grc' dir='ltr'><strong>Ἐπεὶ</strong></span> <span class='ocrx_word' id='word_1_168' title='bbox 1703 1575 1759 1629; x_wconf 82' lang='grc' dir='ltr'>δὲ</span> 
     </span>
    </p>
   </div>
   <div class='ocr_carea' id='block_1_27' title="bbox 1861 1572 3443 1647">
    <p class='ocr_par' dir='ltr' id='par_1_27' title="bbox 1861 1573 3443 1647">
     <span class='ocr_line' id='line_1_27' title="bbox 1861 1573 3443 1647; baseline 0.005 -24"><span class='ocrx_word' id='word_1_169' title='bbox 1861 1573 2001 1642; x_wconf 83' lang='lat' dir='ltr'><strong>jnria</strong></span> <span class='ocrx_word' id='word_1_170' title='bbox 2030 1589 2088 1629; x_wconf 92' lang='lat' dir='ltr'><strong>se</strong></span> <span class='ocrx_word' id='word_1_171' title='bbox 2116 1575 2185 1628; x_wconf 90' lang='lat' dir='ltr'><strong>ab</strong></span> <span class='ocrx_word' id='word_1_172' title='bbox 2222 1574 2330 1629; x_wconf 86' lang='lat' dir='ltr'><strong>illis</strong></span> <span class='ocrx_word' id='word_1_173' title='bbox 2372 1585 2672 1645; x_wconf 87' lang='lat' dir='ltr'><strong>separatos.</strong></span> <span class='ocrx_word' id='word_1_174' title='bbox 2710 1576 2848 1631; x_wconf 83' lang='lat' dir='ltr'><strong>Cum</strong></span> <span class='ocrx_word' id='word_1_175' title='bbox 2885 1592 3016 1631; x_wconf 76' lang='lat' dir='ltr'><strong>vero</strong></span> <span class='ocrx_word' id='word_1_176' title='bbox 3049 1577 3192 1647; x_wconf 88' lang='lat' dir='ltr'><strong>apud</strong></span> <span class='ocrx_word' id='word_1_177' title='bbox 3223 1576 3443 1632; x_wconf 70' lang='lat' dir='ltr'><strong>Grarcos</strong></span> 
     </span>
    </p>
   </div>
   <div class='ocr_carea' id='block_1_28' title="bbox 186 1668 1759 1741">
    <p class='ocr_par' dir='ltr' id='par_1_28' title="bbox 186 1668 1759 1740">
     <span class='ocr_line' id='line_1_28' title="bbox 186 1668 1759 1740; baseline 0 -19"><span class='ocrx_word' id='word_1_178' title='bbox 186 1672 345 1740; x_wconf 80' lang='grc' dir='ltr'>παρὰ</span> <span class='ocrx_word' id='word_1_179' title='bbox 373 1671 470 1739; x_wconf 82' lang='grc' dir='ltr'>μὲν</span> <span class='ocrx_word' id='word_1_180' title='bbox 498 1674 610 1734; x_wconf 79' lang='grc' dir='ltr'>τοῖς</span> <span class='ocrx_word' id='word_1_181' title='bbox 636 1670 892 1739; x_wconf 81' lang='grc' dir='ltr'>Γραικοῖς</span> <span class='ocrx_word' id='word_1_182' title='bbox 917 1668 1097 1739; x_wconf 79' lang='grc' dir='ltr'>βίῦλος</span> <span class='ocrx_word' id='word_1_183' title='bbox 1130 1669 1192 1721; x_wconf 79' lang='grc' dir='ltr'>οὐ</span> <span class='ocrx_word' id='word_1_184' title='bbox 1246 1669 1499 1738; x_wconf 82' lang='grc' dir='ltr'>φαίνεται</span> <span class='ocrx_word' id='word_1_185' title='bbox 1535 1668 1759 1739; x_wconf 79' lang='grc' dir='ltr'>οὐδεμία</span> 
     </span>
    </p>
   </div>
   <div class='ocr_carea' id='block_1_29' title="bbox 1861 1668 3442 1741">
    <p class='ocr_par' dir='ltr' id='par_1_29' title="bbox 1865 1668 3442 1741">
     <span class='ocr_line' id='line_1_29' title="bbox 1865 1668 3442 1741; baseline 0.003 -22"><span class='ocrx_word' id='word_1_186' title='bbox 1865 1668 2048 1721; x_wconf 87' lang='lat' dir='ltr'><strong>nullus</strong></span> <span class='ocrx_word' id='word_1_187' title='bbox 2083 1669 2219 1725; x_wconf 81' lang='lat' dir='ltr'><strong>libcr</strong></span> <span class='ocrx_word' id='word_1_188' title='bbox 2252 1670 2400 1725; x_wconf 91' lang='lat' dir='ltr'><strong>illius</strong></span> <span class='ocrx_word' id='word_1_189' title='bbox 2433 1671 2623 1739; x_wconf 83' lang='lat' dir='ltr'><strong>synodi</strong></span> <span class='ocrx_word' id='word_1_190' title='bbox 2676 1680 2864 1726; x_wconf 87' lang='lat' dir='ltr'><strong>contra</strong></span> <span class='ocrx_word' id='word_1_191' title='bbox 2892 1671 3115 1727; x_wconf 88' lang='lat' dir='ltr'><strong>Latinos</strong></span> <span class='ocrx_word' id='word_1_192' title='bbox 3158 1681 3442 1741; x_wconf 84' lang='lat' dir='ltr'><strong>appareat,</strong></span> 
     </span>
    </p>
   </div>
   <div class='ocr_carea' id='block_1_30' title="bbox 185 1758 1759 1832">
    <p class='ocr_par' dir='ltr' id='par_1_30' title="bbox 185 1761 1758 1832">
     <span class='ocr_line' id='line_1_30' title="bbox 185 1761 1758 1832; baseline -0.003 -15"><span class='ocrx_word' id='word_1_193' title='bbox 185 1765 335 1818; x_wconf 81' lang='grc' dir='ltr'>κατὰ</span> <span class='ocrx_word' id='word_1_194' title='bbox 359 1764 610 1818; x_wconf 82' lang='grc' dir='ltr'><strong>Λατίνων</strong></span> <span class='ocrx_word' id='word_1_195' title='bbox 634 1763 735 1832; x_wconf 84' lang='grc' dir='ltr'>τῆς</span> <span class='ocrx_word' id='word_1_196' title='bbox 771 1763 991 1815; x_wconf 84' lang='grc' dir='ltr'>συνόδου</span> <span class='ocrx_word' id='word_1_197' title='bbox 1016 1762 1257 1832; x_wconf 75' lang='grc' dir='ltr'>ἐκείνης,</span> <span class='ocrx_word' id='word_1_198' title='bbox 1298 1762 1451 1830; x_wconf 70' lang='grc' dir='ltr'>παρὰ</span> <span class='ocrx_word' id='word_1_199' title='bbox 1501 1761 1560 1813; x_wconf 80' lang='grc' dir='ltr'>δὲ</span> <span class='ocrx_word' id='word_1_200' title='bbox 1594 1761 1758 1813; x_wconf 84' lang='grc' dir='ltr'>Λατί-</span> 
     </span>
    </p>
   </div>
   <div class='ocr_carea' id='block_1_31' title="bbox 1861 1758 3443 1832">
    <p class='ocr_par' dir='ltr' id='par_1_31' title="bbox 1866 1758 3443 1832">
     <span class='ocr_line' id='line_1_31' title="bbox 1866 1758 3443 1832; baseline 0.006 -24"><span class='ocrx_word' id='word_1_201' title='bbox 1866 1760 2008 1826; x_wconf 85' lang='lat' dir='ltr'><strong>apud</strong></span> <span class='ocrx_word' id='word_1_202' title='bbox 2057 1758 2283 1814; x_wconf 87' lang='lat' dir='ltr'><strong>Latinos</strong></span> <span class='ocrx_word' id='word_1_203' title='bbox 2317 1775 2445 1815; x_wconf 84' lang='lat' dir='ltr'><strong>vero</strong></span> <span class='ocrx_word' id='word_1_204' title='bbox 2477 1761 2812 1827; x_wconf 81' lang='lat' dir='ltr'><strong>inveniatur,</strong></span> <span class='ocrx_word' id='word_1_205' title='bbox 2856 1762 2987 1831; x_wconf 88' lang='lat' dir='ltr'><strong>quin</strong></span> <span class='ocrx_word' id='word_1_206' title='bbox 3019 1771 3073 1816; x_wconf 91' lang='lat' dir='ltr'><strong>et</strong></span> <span class='ocrx_word' id='word_1_207' title='bbox 3119 1763 3260 1832; x_wconf 81' lang='lat' dir='ltr'><strong>apud</strong></span> <span class='ocrx_word' id='word_1_208' title='bbox 3294 1761 3443 1817; x_wconf 65' lang='lat' dir='ltr'><strong>Grie-</strong></span> 
     </span>
    </p>
   </div>
   <div class='ocr_carea' id='block_1_32' title="bbox 185 1820 1759 1927">
    <p class='ocr_par' dir='ltr' id='par_1_32' title="bbox 185 1854 1759 1927">
     <span class='ocr_line' id='line_1_32' title="bbox 185 1854 1759 1927; baseline -0.004 -16"><span class='ocrx_word' id='word_1_209' title='bbox 185 1877 302 1920; x_wconf 81' lang='grc' dir='ltr'>νοις</span> <span class='ocrx_word' id='word_1_210' title='bbox 322 1859 660 1927; x_wconf 82' lang='grc' dir='ltr'>εὑρίσκεται,</span> <span class='ocrx_word' id='word_1_211' title='bbox 698 1857 935 1925; x_wconf 81' lang='grc' dir='ltr'>μάλιστα</span> <span class='ocrx_word' id='word_1_212' title='bbox 956 1856 1013 1909; x_wconf 82' lang='grc' dir='ltr'>δὲ</span> <span class='ocrx_word' id='word_1_213' title='bbox 1044 1858 1138 1909; x_wconf 85' lang='grc' dir='ltr'>καὶ</span> <span class='ocrx_word' id='word_1_214' title='bbox 1169 1856 1321 1925; x_wconf 85' lang='grc' dir='ltr'><strong>παρὰ</strong></span> <span class='ocrx_word' id='word_1_215' title='bbox 1366 1856 1404 1907; x_wconf 91' lang='grc' dir='ltr'><strong>Γ</strong></span> <span class='ocrx_word' id='word_1_216' title='bbox 1410 1858 1638 1923; x_wconf 86' lang='grc' dir='ltr'>ραικοῖς,</span> <span class='ocrx_word' id='word_1_217' title='bbox 1668 1854 1759 1906; x_wconf 80' lang='grc' dir='ltr'>καὶ</span> 
     </span>
    </p>
   </div>
   <div class='ocr_carea' id='block_1_33' title="bbox 1861 1820 3439 1927">
    <p class='ocr_par' dir='ltr' id='par_1_33' title="bbox 1865 1853 3439 1926">
     <span class='ocr_line' id='line_1_33' title="bbox 1865 1853 3439 1926; baseline 0.004 -21"><span class='ocrx_word' id='word_1_218' title='bbox 1865 1867 1981 1919; x_wconf 85' lang='lat' dir='ltr'><strong>cos,</strong></span> <span class='ocrx_word' id='word_1_219' title='bbox 2024 1853 2389 1924; x_wconf 82' lang='lat' dir='ltr'><strong>inclamctque</strong></span> <span class='ocrx_word' id='word_1_220' title='bbox 2430 1857 2702 1911; x_wconf 78' lang='lat' dir='ltr'><strong>actionem</strong></span> <span class='ocrx_word' id='word_1_221' title='bbox 2737 1856 2881 1910; x_wconf 86' lang='lat' dir='ltr'><strong>illam</strong></span> <span class='ocrx_word' id='word_1_222' title='bbox 2921 1872 3019 1926; x_wconf 89' lang='lat' dir='ltr'><strong>pro</strong></span> <span class='ocrx_word' id='word_1_223' title='bbox 3041 1856 3250 1912; x_wconf 82' lang='lat' dir='ltr'><strong>Latinis</strong></span> <span class='ocrx_word' id='word_1_224' title='bbox 3295 1872 3439 1917; x_wconf 87' lang='lat' dir='ltr'><strong>esse.</strong></span> 
     </span>
    </p>
   </div>
   <div class='ocr_carea' id='block_1_34' title="bbox 186 1943 1759 2023">
    <p class='ocr_par' dir='ltr' id='par_1_34' title="bbox 186 1943 1759 2023">
     <span class='ocr_line' id='line_1_34' title="bbox 186 1943 1759 2023; baseline -0.002 -20"><span class='ocrx_word' id='word_1_225' title='bbox 186 1952 308 2023; x_wconf 77' lang='grc' dir='ltr'>βοᾷ,</span> <span class='ocrx_word' id='word_1_226' title='bbox 336 1951 417 2004; x_wconf 84' lang='grc' dir='ltr'>ὅτι</span> <span class='ocrx_word' id='word_1_227' title='bbox 451 1952 484 2021; x_wconf 82' lang='grc' dir='ltr'>ἡ</span> <span class='ocrx_word' id='word_1_228' title='bbox 509 1950 715 2023; x_wconf 76' lang='grc' dir='ltr'>πρᾶξις</span> <span class='ocrx_word' id='word_1_229' title='bbox 744 1946 928 2018; x_wconf 85' lang='grc' dir='ltr'>ἐκείνη</span> <span class='ocrx_word' id='word_1_230' title='bbox 951 1947 1090 2018; x_wconf 81' lang='grc' dir='ltr'>ὑπὲρ</span> <span class='ocrx_word' id='word_1_231' title='bbox 1122 1949 1371 2003; x_wconf 78' lang='grc' dir='ltr'><strong>Λατίνων</strong></span> <span class='ocrx_word' id='word_1_232' title='bbox 1402 1943 1493 2019; x_wconf 81' lang='grc' dir='ltr'>ἦν,</span> <span class='ocrx_word' id='word_1_233' title='bbox 1525 1946 1759 2015; x_wconf 77' lang='grc' dir='ltr'>ὑποψίαν</span> 
     </span>
    </p>
   </div>
   <div class='ocr_carea' id='block_1_35' title="bbox 1861 1943 3440 2023">
    <p class='ocr_par' dir='ltr' id='par_1_35' title="bbox 1864 1944 3440 2018">
     <span class='ocr_line' id='line_1_35' title="bbox 1864 1944 3440 2018; baseline 0.003 -23"><span class='ocrx_word' id='word_1_234' title='bbox 1864 1944 2234 2011; x_wconf 84' lang='lat' dir='ltr'><strong>suspicionem</strong></span> <span class='ocrx_word' id='word_1_235' title='bbox 2269 1945 2399 1999; x_wconf 88' lang='lat' dir='ltr'><strong>mihi</strong></span> <span class='ocrx_word' id='word_1_236' title='bbox 2426 1946 2621 2013; x_wconf 84' lang='lat' dir='ltr'><strong>injicit,</strong></span> <span class='ocrx_word' id='word_1_237' title='bbox 2652 1962 2886 2016; x_wconf 88' lang='lat' dir='ltr'><strong>eamque</strong></span> <span class='ocrx_word' id='word_1_238' title='bbox 2926 1963 3201 2018; x_wconf 82' lang='lat' dir='ltr'><strong>magnam,</strong></span> <span class='ocrx_word' id='word_1_239' title='bbox 3230 1958 3340 2000; x_wconf 88' lang='lat' dir='ltr'><strong>tum</strong></span> <span class='ocrx_word' id='word_1_240' title='bbox 3374 1964 3440 1999; x_wconf 83' lang='lat' dir='ltr'><strong>eo</strong></span> 
     </span>
    </p>
   </div>
   <div class='ocr_carea' id='block_1_36' title="bbox 188 2036 1759 2115">
    <p class='ocr_par' dir='ltr' id='par_1_36' title="bbox 188 2040 1759 2115">
     <span class='ocr_line' id='line_1_36' title="bbox 188 2040 1759 2115; baseline -0.003 -18"><span class='ocrx_word' id='word_1_241' title='bbox 188 2063 285 2114; x_wconf 88' lang='grc' dir='ltr'>μοι</span> <span class='ocrx_word' id='word_1_242' title='bbox 334 2043 563 2114; x_wconf 79' lang='grc' dir='ltr'><strong>παρέχει</strong></span> <span class='ocrx_word' id='word_1_243' title='bbox 622 2043 888 2113; x_wconf 84' lang='grc' dir='ltr'><strong>μεγάλην,</strong></span> <span class='ocrx_word' id='word_1_244' title='bbox 937 2042 1139 2115; x_wconf 80' lang='grc' dir='ltr'>μᾶλλον</span> <span class='ocrx_word' id='word_1_245' title='bbox 1187 2041 1241 2094; x_wconf 79' lang='grc' dir='ltr'>δὲ</span> <span class='ocrx_word' id='word_1_246' title='bbox 1300 2042 1395 2095; x_wconf 75' lang='grc' dir='ltr'>καὶ</span> <span class='ocrx_word' id='word_1_247' title='bbox 1425 2043 1490 2095; x_wconf 71' lang='grc' dir='ltr'>σὺ</span> <span class='ocrx_word' id='word_1_248' title='bbox 1522 2040 1759 2110; x_wconf 72' lang='grc' dir='ltr'>ἔφθασας</span> 
     </span>
    </p>
   </div>
   <div class='ocr_carea' id='block_1_37' title="bbox 1861 2036 3439 2115">
    <p class='ocr_par' dir='ltr' id='par_1_37' title="bbox 1864 2036 3439 2108">
     <span class='ocr_line' id='line_1_37' title="bbox 1864 2036 3439 2108; baseline 0.004 -19"><span class='ocrx_word' id='word_1_249' title='bbox 1864 2036 2233 2105; x_wconf 81' lang='lat' dir='ltr'><strong>petissimum,</strong></span> <span class='ocrx_word' id='word_1_250' title='bbox 2277 2038 2424 2108; x_wconf 91' lang='lat' dir='ltr'><strong>quod</strong></span> <span class='ocrx_word' id='word_1_251' title='bbox 2454 2049 2509 2094; x_wconf 92' lang='lat' dir='ltr'><strong>et</strong></span> <span class='ocrx_word' id='word_1_252' title='bbox 2553 2049 2611 2094; x_wconf 92' lang='lat' dir='ltr'><strong>tu</strong></span> <span class='ocrx_word' id='word_1_253' title='bbox 2659 2049 2820 2095; x_wconf 80' lang='lat' dir='ltr'><strong>antea</strong></span> <span class='ocrx_word' id='word_1_254' title='bbox 2862 2042 3103 2107; x_wconf 85' lang='lat' dir='ltr'><strong>dixeras,</strong></span> <span class='ocrx_word' id='word_1_255' title='bbox 3148 2044 3439 2098; x_wconf 86' lang='lat' dir='ltr'><strong>nonnullos</strong></span> 
     </span>
    </p>
   </div>
   <div class='ocr_carea' id='block_1_38' title="bbox 187 2134 1765 2207">
    <p class='ocr_par' dir='ltr' id='par_1_38' title="bbox 187 2134 1765 2207">
     <span class='ocr_line' id='line_1_38' title="bbox 187 2134 1765 2207; baseline -0.002 -16"><span class='ocrx_word' id='word_1_256' title='bbox 187 2138 382 2204; x_wconf 75' lang='grc' dir='ltr'>εἰπὼν,</span> <span class='ocrx_word' id='word_1_257' title='bbox 409 2138 493 2190; x_wconf 86' lang='grc' dir='ltr'><strong>ὅτι</strong></span> <span class='ocrx_word' id='word_1_258' title='bbox 516 2137 662 2200; x_wconf 79' lang='grc' dir='ltr'>τινὲς</span> <span class='ocrx_word' id='word_1_259' title='bbox 682 2134 790 2189; x_wconf 89' lang='grc' dir='ltr'><strong>τῶν</strong></span> <span class='ocrx_word' id='word_1_260' title='bbox 815 2134 1069 2205; x_wconf 84' lang='grc' dir='ltr'><strong>Γραικῶν</strong></span> <span class='ocrx_word' id='word_1_261' title='bbox 1124 2137 1182 2187; x_wconf 82' lang='grc' dir='ltr'><strong>ἐν</strong></span> <span class='ocrx_word' id='word_1_262' title='bbox 1229 2134 1367 2207; x_wconf 80' lang='grc' dir='ltr'>αὐτῇ</span> <span class='ocrx_word' id='word_1_263' title='bbox 1411 2134 1765 2205; x_wconf 70' lang='grc' dir='ltr'>ἐλατινοφρόο</span> 
     </span>
    </p>
   </div>
   <div class='ocr_carea' id='block_1_39' title="bbox 188 2246 383 2298">
    <p class='ocr_par' dir='ltr' id='par_1_39' title="bbox 188 2246 383 2298">
     <span class='ocr_line' id='line_1_39' title="bbox 188 2246 383 2298; baseline 0.005 -16"><span class='ocrx_word' id='word_1_264' title='bbox 188 2246 257 2298; x_wconf 80' lang='grc' dir='ltr'>νη</span> <span class='ocrx_word' id='word_1_265' title='bbox 265 2246 383 2283; x_wconf 85' lang='grc' dir='ltr'>σαν.</span> 
     </span>
    </p>
   </div>
   <div class='ocr_carea' id='block_1_40' title="bbox 248 2317 1758 2389">
    <p class='ocr_par' dir='ltr' id='par_1_40' title="bbox 248 2317 1758 2389">
     <span class='ocr_line' id='line_1_40' title="bbox 248 2317 1758 2389; baseline -0.003 -14"><span class='ocrx_word' id='word_1_266' title='bbox 248 2322 422 2375; x_wconf 87' lang='grc' dir='ltr'>Ῥακ.</span> <span class='ocrx_word' id='word_1_267' title='bbox 459 2317 630 2374; x_wconf 78' lang='grc' dir='ltr'>Εἷπόν</span> <span class='ocrx_word' id='word_1_268' title='bbox 657 2336 761 2387; x_wconf 91' lang='grc' dir='ltr'>σοι,</span> <span class='ocrx_word' id='word_1_269' title='bbox 808 2321 899 2373; x_wconf 59' lang='grc' dir='ltr'><strong>καί⁸</strong></span> <span class='ocrx_word' id='word_1_270' title='bbox 950 2319 1115 2374; x_wconf 83' lang='grc' dir='ltr'>πάλιν</span> <span class='ocrx_word' id='word_1_271' title='bbox 1151 2317 1262 2389; x_wconf 78' lang='grc' dir='ltr'><strong>ὲρῶ</strong></span> <span class='ocrx_word' id='word_1_272' title='bbox 1302 2335 1406 2385; x_wconf 90' lang='grc' dir='ltr'>σοι,</span> <span class='ocrx_word' id='word_1_273' title='bbox 1457 2318 1539 2372; x_wconf 85' lang='grc' dir='ltr'>ὅτι</span> <span class='ocrx_word' id='word_1_274' title='bbox 1591 2320 1646 2372; x_wconf 85' lang='grc' dir='ltr'><strong>ἐν</strong></span> <span class='ocrx_word' id='word_1_275' title='bbox 1690 2321 1758 2388; x_wconf 75' lang='grc' dir='ltr'><strong>τῇ</strong></span> 
     </span>
    </p>
   </div>
   <div class='ocr_carea' id='block_1_41' title="bbox 187 2411 1761 2486">
    <p class='ocr_par' dir='ltr' id='par_1_41' title="bbox 187 2411 1761 2486">
     <span class='ocr_line' id='line_1_41' title="bbox 187 2411 1761 2486; baseline -0.003 -19"><span class='ocrx_word' id='word_1_276' title='bbox 187 2416 395 2485; x_wconf 82' lang='grc' dir='ltr'>συνόδῳ</span> <span class='ocrx_word' id='word_1_277' title='bbox 421 2415 608 2486; x_wconf 77' lang='grc' dir='ltr'>ἐκείνῃ</span> <span class='ocrx_word' id='word_1_278' title='bbox 655 2412 1031 2484; x_wconf 78' lang='grc' dir='ltr'>ὑπερίσχυσαν</span> <span class='ocrx_word' id='word_1_279' title='bbox 1080 2412 1130 2465; x_wconf 80' lang='grc' dir='ltr'>οἱ</span> <span class='ocrx_word' id='word_1_280' title='bbox 1174 2411 1416 2478; x_wconf 75' lang='grc' dir='ltr'>Λατῖνοι,</span> <span class='ocrx_word' id='word_1_281' title='bbox 1476 2414 1571 2467; x_wconf 70' lang='grc' dir='ltr'>καὶ</span> <span class='ocrx_word' id='word_1_282' title='bbox 1602 2412 1761 2464; x_wconf 82' lang='grc' dir='ltr'>κατέ-</span> 
     </span>
    </p>
   </div>
   <div class='ocr_carea' id='block_1_42' title="bbox 185 2504 1759 2577">
    <p class='ocr_par' dir='ltr' id='par_1_42' title="bbox 185 2504 1759 2577">
     <span class='ocr_line' id='line_1_42' title="bbox 185 2504 1759 2577; baseline -0.001 -19"><span class='ocrx_word' id='word_1_283' title='bbox 185 2523 389 2562; x_wconf 71' lang='grc' dir='ltr'><strong>⁶πιεισαν</strong></span> <span class='ocrx_word' id='word_1_284' title='bbox 422 2508 672 2571; x_wconf 75' lang='grc' dir='ltr'>καὶτοὺς</span> <span class='ocrx_word' id='word_1_285' title='bbox 728 2506 998 2577; x_wconf 78' lang='grc' dir='ltr'><strong>Γραικοὺς</strong></span> <span class='ocrx_word' id='word_1_286' title='bbox 1045 2506 1305 2571; x_wconf 81' lang='grc' dir='ltr'>δέξασθαι</span> <span class='ocrx_word' id='word_1_287' title='bbox 1356 2508 1451 2561; x_wconf 81' lang='grc' dir='ltr'>καὶ</span> <span class='ocrx_word' id='word_1_288' title='bbox 1484 2504 1759 2574; x_wconf 79' lang='grc' dir='ltr'>φρονῆσαι</span> 
     </span>
    </p>
   </div>
   <div class='ocr_carea' id='block_1_43' title="bbox 185 2596 1760 2669">
    <p class='ocr_par' dir='ltr' id='par_1_43' title="bbox 185 2596 1760 2669">
     <span class='ocr_line' id='line_1_43' title="bbox 185 2596 1760 2669; baseline -0.003 -15"><span class='ocrx_word' id='word_1_289' title='bbox 185 2602 255 2654; x_wconf 77' lang='grc' dir='ltr'>τὰ</span> <span class='ocrx_word' id='word_1_290' title='bbox 289 2600 504 2653; x_wconf 81' lang='grc' dir='ltr'>ἑαυτῶν</span> <span class='ocrx_word' id='word_1_291' title='bbox 558 2600 697 2654; x_wconf 85' lang='grc' dir='ltr'>ἀλλὰ</span> <span class='ocrx_word' id='word_1_292' title='bbox 724 2599 979 2668; x_wconf 75' lang='grc' dir='ltr'>λυθείσης</span> <span class='ocrx_word' id='word_1_293' title='bbox 1018 2601 1119 2669; x_wconf 81' lang='grc' dir='ltr'>τῆς</span> <span class='ocrx_word' id='word_1_294' title='bbox 1175 2598 1417 2660; x_wconf 86' lang='grc' dir='ltr'>συνόδου,</span> <span class='ocrx_word' id='word_1_295' title='bbox 1465 2596 1526 2649; x_wconf 77' lang='grc' dir='ltr'>τὸ</span> <span class='ocrx_word' id='word_1_296' title='bbox 1574 2598 1760 2649; x_wconf 81' lang='grc' dir='ltr'>πλεῖον</span> 
     </span>
    </p>
   </div>
   <div class='ocr_carea' id='block_1_44' title="bbox 187 2690 1545 2764">
    <p class='ocr_par' dir='ltr' id='par_1_44' title="bbox 187 2690 1545 2764">
     <span class='ocr_line' id='line_1_44' title="bbox 187 2690 1545 2764; baseline -0.001 -18"><span class='ocrx_word' id='word_1_297' title='bbox 187 2695 359 2764; x_wconf 80' lang='grc' dir='ltr'>μέρος</span> <span class='ocrx_word' id='word_1_298' title='bbox 385 2692 547 2745; x_wconf 71' lang='grc' dir='ltr'>πάλιν</span> <span class='ocrx_word' id='word_1_299' title='bbox 582 2690 829 2763; x_wconf 86' lang='grc' dir='ltr'>ἐσχίσθη,</span> <span class='ocrx_word' id='word_1_300' title='bbox 862 2692 972 2744; x_wconf 85' lang='grc' dir='ltr'><strong>τῶν</strong></span> <span class='ocrx_word' id='word_1_301' title='bbox 1000 2692 1251 2762; x_wconf 82' lang='grc' dir='ltr'><strong>Γραικῶν</strong></span> <span class='ocrx_word' id='word_1_302' title='bbox 1279 2690 1545 2761; x_wconf 78' lang='grc' dir='ltr'>δηλονότι.</span> 
     </span>
    </p>
   </div>
   <div class='ocr_carea' id='block_1_45' title="bbox 260 2782 1762 2853">
    <p class='ocr_par' dir='ltr' id='par_1_45' title="bbox 260 2782 1762 2853">
     <span class='ocr_line' id='line_1_45' title="bbox 260 2782 1762 2853; baseline -0.001 -15"><span class='ocrx_word' id='word_1_303' title='bbox 260 2787 409 2839; x_wconf 70' lang='grc' dir='ltr'>Εὺλ.</span> <span class='ocrx_word' id='word_1_304' title='bbox 451 2784 593 2852; x_wconf 82' lang='grc' dir='ltr'><strong>Ἐγὼ</strong></span> <span class='ocrx_word' id='word_1_305' title='bbox 620 2786 677 2837; x_wconf 81' lang='grc' dir='ltr'>οὐ</span> <span class='ocrx_word' id='word_1_306' title='bbox 702 2784 940 2853; x_wconf 82' lang='grc' dir='ltr'>δύναμαι</span> <span class='ocrx_word' id='word_1_307' title='bbox 980 2784 1216 2851; x_wconf 78' lang='grc' dir='ltr'>συνάψαι</span> <span class='ocrx_word' id='word_1_308' title='bbox 1252 2784 1319 2835; x_wconf 68' lang='grc' dir='ltr'>τὰ</span> <span class='ocrx_word' id='word_1_309' title='bbox 1344 2783 1498 2852; x_wconf 78' lang='grc' dir='ltr'>παρὰ</span> <span class='ocrx_word' id='word_1_310' title='bbox 1537 2782 1632 2835; x_wconf 81' lang='grc' dir='ltr'><strong>σοῦ</strong></span> <span class='ocrx_word' id='word_1_311' title='bbox 1680 2783 1762 2836; x_wconf 80' lang='grc' dir='ltr'><strong>εί·-</strong></span> 
     </span>
    </p>
   </div>
   <div class='ocr_carea' id='block_1_46' title="bbox 188 2869 1754 2951">
    <p class='ocr_par' dir='ltr' id='par_1_46' title="bbox 188 2869 1754 2951">
     <span class='ocr_line' id='line_1_46' title="bbox 188 2869 1754 2951; baseline -0.003 -18"><span class='ocrx_word' id='word_1_312' title='bbox 188 2883 429 2951; x_wconf 80' lang='grc' dir='ltr'>ρημὲνα.</span> <span class='ocrx_word' id='word_1_313' title='bbox 468 2876 729 2931; x_wconf 84' lang='grc' dir='ltr'>Δοκοῦσιν</span> <span class='ocrx_word' id='word_1_314' title='bbox 762 2872 856 2930; x_wconf 86' lang='grc' dir='ltr'>οὖν</span> <span class='ocrx_word' id='word_1_315' title='bbox 890 2894 982 2947; x_wconf 89' lang='grc' dir='ltr'><strong>μοι</strong></span> <span class='ocrx_word' id='word_1_316' title='bbox 1034 2877 1254 2929; x_wconf 82' lang='grc' dir='ltr'>ἐναντία</span> <span class='ocrx_word' id='word_1_317' title='bbox 1303 2874 1556 2944; x_wconf 84' lang='grc' dir='ltr'>ἀλλήλοις</span> <span class='ocrx_word' id='word_1_318' title='bbox 1589 2869 1754 2929; x_wconf 71' lang='grc' dir='ltr'>εἶναι.</span> 
     </span>
    </p>
   </div>
   <div class='ocr_carea' id='block_1_47' title="bbox 186 2964 1759 3043">
    <p class='ocr_par' dir='ltr' id='par_1_47' title="bbox 186 2964 1759 3043">
     <span class='ocr_line' id='line_1_47' title="bbox 186 2964 1759 3043; baseline -0.004 -17"><span class='ocrx_word' id='word_1_319' title='bbox 186 2974 305 3043; x_wconf 74' lang='grc' dir='ltr'>Πρὸ</span> <span class='ocrx_word' id='word_1_320' title='bbox 363 2971 547 3038; x_wconf 85' lang='grc' dir='ltr'>ὀλίγου</span> <span class='ocrx_word' id='word_1_321' title='bbox 581 2972 689 3039; x_wconf 84' lang='grc' dir='ltr'><strong>γὰρ</strong></span> <span class='ocrx_word' id='word_1_322' title='bbox 718 2964 877 3031; x_wconf 83' lang='grc' dir='ltr'>εἶπας</span> <span class='ocrx_word' id='word_1_323' title='bbox 909 2969 991 3022; x_wconf 83' lang='grc' dir='ltr'>ὅτι</span> <span class='ocrx_word' id='word_1_324' title='bbox 1030 2968 1172 3022; x_wconf 82' lang='grc' dir='ltr'>κατὰ</span> <span class='ocrx_word' id='word_1_325' title='bbox 1207 2968 1458 3022; x_wconf 83' lang='grc' dir='ltr'>Λατίνων</span> <span class='ocrx_word' id='word_1_326' title='bbox 1492 2969 1524 3039; x_wconf 85' lang='grc' dir='ltr'>ή</span> <span class='ocrx_word' id='word_1_327' title='bbox 1559 2968 1759 3037; x_wconf 80' lang='grc' dir='ltr'>πρᾶξις</span> 
     </span>
    </p>
   </div>
   <div class='ocr_carea' id='block_1_48' title="bbox 183 3060 1757 3135">
    <p class='ocr_par' dir='ltr' id='par_1_48' title="bbox 183 3060 1757 3135">
     <span class='ocr_line' id='line_1_48' title="bbox 183 3060 1757 3135; baseline -0.003 -18"><span class='ocrx_word' id='word_1_328' title='bbox 183 3068 288 3135; x_wconf 84' lang='grc' dir='ltr'>τῆς</span> <span class='ocrx_word' id='word_1_329' title='bbox 338 3065 556 3119; x_wconf 78' lang='grc' dir='ltr'>συνόδου</span> <span class='ocrx_word' id='word_1_330' title='bbox 616 3065 830 3131; x_wconf 77' lang='grc' dir='ltr'>ἐκείνης</span> <span class='ocrx_word' id='word_1_331' title='bbox 865 3062 1110 3129; x_wconf 76' lang='grc' dir='ltr'>ἐγένετο·</span> <span class='ocrx_word' id='word_1_332' title='bbox 1180 3060 1457 3131; x_wconf 71' lang='grc' dir='ltr'><strong>ἐλεγχθεὶς</strong></span> <span class='ocrx_word' id='word_1_333' title='bbox 1518 3061 1576 3113; x_wconf 81' lang='grc' dir='ltr'>δὲ</span> <span class='ocrx_word' id='word_1_334' title='bbox 1625 3061 1757 3131; x_wconf 84' lang='grc' dir='ltr'>παρ’</span> 
     </span>
    </p>
   </div>
   <div class='ocr_carea' id='block_1_49' title="bbox 1862 2126 3161 2190">
    <p class='ocr_par' dir='ltr' id='par_1_49' title="bbox 1862 2126 3161 2190">
     <span class='ocr_line' id='line_1_49' title="bbox 1862 2126 3161 2190; baseline 0.007 -9"><span class='ocrx_word' id='word_1_335' title='bbox 1862 2144 1928 2182; x_wconf 88' lang='lat' dir='ltr'><strong>cx</strong></span> <span class='ocrx_word' id='word_1_336' title='bbox 1953 2126 2157 2183; x_wconf 64' lang='lat' dir='ltr'><strong>Graecis</strong></span> <span class='ocrx_word' id='word_1_337' title='bbox 2186 2128 2509 2185; x_wconf 85' lang='lat' dir='ltr'><strong>Latinorum</strong></span> <span class='ocrx_word' id='word_1_338' title='bbox 2536 2136 2825 2187; x_wconf 63' lang='lat' dir='ltr'><strong>sententiae</strong></span> <span class='ocrx_word' id='word_1_339' title='bbox 2846 2134 3161 2190; x_wconf 81' lang='lat' dir='ltr'><strong>adhaesisse.</strong></span> 
     </span>
    </p>
   </div>
   <div class='ocr_carea' id='block_1_50' title="bbox 1934 2306 3440 2386">
    <p class='ocr_par' dir='ltr' id='par_1_50' title="bbox 1934 2306 3440 2386">
     <span class='ocr_line' id='line_1_50' title="bbox 1934 2306 3440 2386; baseline 0.004 -25"><span class='ocrx_word' id='word_1_340' title='bbox 1934 2306 2101 2363; x_wconf 77' lang='lat' dir='ltr'><strong>Illinc.</strong></span> <span class='ocrx_word' id='word_1_341' title='bbox 2136 2307 2257 2363; x_wconf 89' lang='lat' dir='ltr'><strong>Dixi</strong></span> <span class='ocrx_word' id='word_1_342' title='bbox 2301 2310 2436 2378; x_wconf 92' lang='lat' dir='ltr'><strong>tibi,</strong></span> <span class='ocrx_word' id='word_1_343' title='bbox 2477 2311 2768 2382; x_wconf 85' lang='lat' dir='ltr'><strong>dicamque</strong></span> <span class='ocrx_word' id='word_1_344' title='bbox 2803 2312 3001 2368; x_wconf 90' lang='lat' dir='ltr'><strong>iterum</strong></span> <span class='ocrx_word' id='word_1_345' title='bbox 3040 2329 3103 2368; x_wconf 85' lang='lat' dir='ltr'><strong>ea</strong></span> <span class='ocrx_word' id='word_1_346' title='bbox 3142 2314 3193 2367; x_wconf 91' lang='lat' dir='ltr'><strong>in</strong></span> <span class='ocrx_word' id='word_1_347' title='bbox 3227 2317 3440 2386; x_wconf 83' lang='lat' dir='ltr'><strong>synodo</strong></span> 
     </span>
    </p>
   </div>
   <div class='ocr_carea' id='block_1_51' title="bbox 1863 2398 3441 2479">
    <p class='ocr_par' dir='ltr' id='par_1_51' title="bbox 1863 2398 3441 2479">
     <span class='ocr_line' id='line_1_51' title="bbox 1863 2398 3441 2479; baseline 0.006 -25"><span class='ocrx_word' id='word_1_348' title='bbox 1863 2398 2067 2456; x_wconf 64' lang='lat' dir='ltr'><strong>Graecis</strong></span> <span class='ocrx_word' id='word_1_349' title='bbox 2106 2400 2334 2458; x_wconf 86' lang='lat' dir='ltr'><strong>Latinos</strong></span> <span class='ocrx_word' id='word_1_350' title='bbox 2371 2404 2687 2474; x_wconf 82' lang='lat' dir='ltr'><strong>superiores</strong></span> <span class='ocrx_word' id='word_1_351' title='bbox 2724 2404 2899 2461; x_wconf 80' lang='lat' dir='ltr'><strong>fuisse</strong></span> <span class='ocrx_word' id='word_1_352' title='bbox 2924 2445 2940 2471; x_wconf 90' lang='lat'><strong>,</strong></span> <span class='ocrx_word' id='word_1_353' title='bbox 2991 2409 3441 2479; x_wconf 82' lang='lat' dir='ltr'><strong>persuasisseque</strong></span> 
     </span>
    </p>
   </div>
   <div class='ocr_carea' id='block_1_52' title="bbox 1863 2492 3437 2568">
    <p class='ocr_par' dir='ltr' id='par_1_52' title="bbox 1863 2492 3437 2568">
     <span class='ocr_line' id='line_1_52' title="bbox 1863 2492 3437 2568; baseline 0.005 -21"><span class='ocrx_word' id='word_1_354' title='bbox 1863 2492 2068 2548; x_wconf 65' lang='lat' dir='ltr'><strong>Graecis</strong></span> <span class='ocrx_word' id='word_1_355' title='bbox 2108 2494 2359 2564; x_wconf 87' lang='lat' dir='ltr'><strong>accipere</strong></span> <span class='ocrx_word' id='word_1_356' title='bbox 2408 2502 2463 2551; x_wconf 84' lang='lat' dir='ltr'><strong>et</strong></span> <span class='ocrx_word' id='word_1_357' title='bbox 2504 2498 2694 2553; x_wconf 89' lang='lat' dir='ltr'><strong>eadem</strong></span> <span class='ocrx_word' id='word_1_358' title='bbox 2746 2508 2908 2568; x_wconf 77' lang='lat' dir='ltr'><strong>atque</strong></span> <span class='ocrx_word' id='word_1_359' title='bbox 2948 2499 3023 2553; x_wconf 88' lang='lat' dir='ltr'><strong>illi</strong></span> <span class='ocrx_word' id='word_1_360' title='bbox 3072 2502 3296 2555; x_wconf 85' lang='lat' dir='ltr'><strong>sentire.</strong></span> <span class='ocrx_word' id='word_1_361' title='bbox 3332 2500 3437 2557; x_wconf 88' lang='lat' dir='ltr'><strong>Sed</strong></span> 
     </span>
    </p>
   </div>
   <div class='ocr_carea' id='block_1_53' title="bbox 1863 2586 3443 2663">
    <p class='ocr_par' dir='ltr' id='par_1_53' title="bbox 1863 2586 3443 2663">
     <span class='ocr_line' id='line_1_53' title="bbox 1863 2586 3443 2663; baseline 0.008 -24"><span class='ocrx_word' id='word_1_362' title='bbox 1863 2586 2111 2642; x_wconf 81' lang='lat' dir='ltr'><strong>absoluta</strong></span> <span class='ocrx_word' id='word_1_363' title='bbox 2144 2588 2354 2660; x_wconf 85' lang='lat' dir='ltr'><strong>synodo</strong></span> <span class='ocrx_word' id='word_1_364' title='bbox 2404 2592 2687 2661; x_wconf 88' lang='lat' dir='ltr'><strong>potissima</strong></span> <span class='ocrx_word' id='word_1_365' title='bbox 2732 2608 2861 2663; x_wconf 87' lang='lat' dir='ltr'><strong>pars</strong></span> <span class='ocrx_word' id='word_1_366' title='bbox 2888 2593 3057 2649; x_wconf 87' lang='lat' dir='ltr'><strong>scissa</strong></span> <span class='ocrx_word' id='word_1_367' title='bbox 3090 2605 3195 2661; x_wconf 88' lang='lat' dir='ltr'><strong>est,</strong></span> <span class='ocrx_word' id='word_1_368' title='bbox 3224 2595 3443 2651; x_wconf 72' lang='lat' dir='ltr'><strong>Graeco-</strong></span> 
     </span>
    </p>
   </div>
   <div class='ocr_carea' id='block_1_54' title="bbox 1864 2682 2254 2738">
    <p class='ocr_par' dir='ltr' id='par_1_54' title="bbox 1864 2682 2254 2738">
     <span class='ocr_line' id='line_1_54' title="bbox 1864 2682 2254 2738; baseline 0.01 -4"><span class='ocrx_word' id='word_1_369' title='bbox 1864 2696 1985 2735; x_wconf 88' lang='lat' dir='ltr'><strong>rum</strong></span> <span class='ocrx_word' id='word_1_370' title='bbox 2028 2682 2254 2738; x_wconf 90' lang='lat' dir='ltr'><strong>scilicet.</strong></span> 
     </span>
    </p>
   </div>
   <div class='ocr_carea' id='block_1_55' title="bbox 1938 2779 3440 2858">
    <p class='ocr_par' dir='ltr' id='par_1_55' title="bbox 1938 2779 3440 2858">
     <span class='ocr_line' id='line_1_55' title="bbox 1938 2779 3440 2858; baseline 0.008 -25"><span class='ocrx_word' id='word_1_371' title='bbox 1938 2779 2095 2835; x_wconf 86' lang='lat' dir='ltr'><strong>Pius.</strong></span> <span class='ocrx_word' id='word_1_372' title='bbox 2162 2782 2283 2852; x_wconf 89' lang='lat' dir='ltr'><strong>Ipse</strong></span> <span class='ocrx_word' id='word_1_373' title='bbox 2310 2783 2570 2855; x_wconf 88' lang='lat' dir='ltr'><strong>equidem</strong></span> <span class='ocrx_word' id='word_1_374' title='bbox 2608 2785 2751 2841; x_wconf 88' lang='lat' dir='ltr'><strong>haud</strong></span> <span class='ocrx_word' id='word_1_375' title='bbox 2782 2787 2969 2853; x_wconf 80' lang='lat' dir='ltr'><strong>valeo,</strong></span> <span class='ocrx_word' id='word_1_376' title='bbox 3012 2805 3133 2858; x_wconf 82' lang='lat' dir='ltr'><strong>quae</strong></span> <span class='ocrx_word' id='word_1_377' title='bbox 3168 2801 3222 2844; x_wconf 89' lang='lat' dir='ltr'><strong>tu</strong></span> <span class='ocrx_word' id='word_1_378' title='bbox 3275 2790 3440 2852; x_wconf 87' lang='lat' dir='ltr'><strong>dicis.</strong></span> 
     </span>
    </p>
   </div>
   <div class='ocr_carea' id='block_1_56' title="bbox 1862 2875 3443 2947">
    <p class='ocr_par' dir='ltr' id='par_1_56' title="bbox 1862 2875 3443 2947">
     <span class='ocr_line' id='line_1_56' title="bbox 1862 2875 3443 2947; baseline 0.006 -18"><span class='ocrx_word' id='word_1_379' title='bbox 1862 2875 2210 2930; x_wconf 83' lang='lat' dir='ltr'><strong>committere</strong></span> <span class='ocrx_word' id='word_1_380' title='bbox 2232 2892 2248 2942; x_wconf 86' lang='lat'><strong>;</strong></span> <span class='ocrx_word' id='word_1_381' title='bbox 2270 2891 2510 2947; x_wconf 83' lang='lat' dir='ltr'><strong>namque</strong></span> <span class='ocrx_word' id='word_1_382' title='bbox 2533 2878 2638 2933; x_wconf 89' lang='lat' dir='ltr'><strong>sibi</strong></span> <span class='ocrx_word' id='word_1_383' title='bbox 2658 2882 2941 2936; x_wconf 82' lang='lat' dir='ltr'><strong>adversari</strong></span> <span class='ocrx_word' id='word_1_384' title='bbox 2965 2882 3245 2939; x_wconf 90' lang='lat' dir='ltr'><strong>videntur.</strong></span> <span class='ocrx_word' id='word_1_385' title='bbox 3272 2884 3443 2940; x_wconf 85' lang='lat' dir='ltr'><strong>Paulo</strong></span> 
     </span>
    </p>
   </div>
   <div class='ocr_carea' id='block_1_57' title="bbox 1860 2952 3439 3038">
    <p class='ocr_par' dir='ltr' id='par_1_57' title="bbox 1860 2952 3439 3038">
     <span class='ocr_line' id='line_1_57' title="bbox 1860 2952 3439 3038; baseline 0.006 -16"><span class='ocrx_word' id='word_1_386' title='bbox 1860 2978 1990 3023; x_wconf 88' lang='lat' dir='ltr'><strong>ante</strong></span> <span class='ocrx_word' id='word_1_387' title='bbox 2031 2968 2307 3038; x_wconf 84' lang='lat' dir='ltr'><strong>siquidem</strong></span> <span class='ocrx_word' id='word_1_388' title='bbox 2341 2969 2564 3025; x_wconf 80' lang='lat' dir='ltr'><strong>dixeras</strong></span> <span class='ocrx_word' id='word_1_389' title='bbox 2596 2972 2867 3028; x_wconf 83' lang='lat' dir='ltr'><strong>adversus</strong></span> <span class='ocrx_word' id='word_1_390' title='bbox 2896 2973 3125 3031; x_wconf 88' lang='lat' dir='ltr'><strong>Latinos</strong></span> <span class='ocrx_word' id='word_1_391' title='bbox 3164 2952 3439 3033; x_wconf 79' lang='lat' dir='ltr'><strong>actionem</strong></span> 
     </span>
    </p>
   </div>
   <div class='ocr_carea' id='block_1_58' title="bbox 1861 3059 3441 3135">
    <p class='ocr_par' dir='ltr' id='par_1_58' title="bbox 1861 3059 3441 3135">
     <span class='ocr_line' id='line_1_58' title="bbox 1861 3059 3441 3135; baseline 0.007 -21"><span class='ocrx_word' id='word_1_392' title='bbox 1861 3059 2012 3114; x_wconf 89' lang='lat' dir='ltr'><strong>illius</strong></span> <span class='ocrx_word' id='word_1_393' title='bbox 2057 3059 2253 3131; x_wconf 85' lang='lat' dir='ltr'><strong>synodi</strong></span> <span class='ocrx_word' id='word_1_394' title='bbox 2310 3072 2590 3130; x_wconf 88' lang='lat' dir='ltr'><strong>peractam</strong></span> <span class='ocrx_word' id='word_1_395' title='bbox 2644 3062 2856 3131; x_wconf 79' lang='lat' dir='ltr'><strong>fuisse;</strong></span> <span class='ocrx_word' id='word_1_396' title='bbox 2906 3074 3093 3135; x_wconf 85' lang='lat' dir='ltr'><strong>postea</strong></span> <span class='ocrx_word' id='word_1_397' title='bbox 3152 3070 3441 3126; x_wconf 84' lang='lat' dir='ltr'><strong>convictus</strong></span> 
     </span>
    </p>
   </div>
   <div class='ocr_carea' id='block_1_59' title="bbox 184 3152 1759 3234">
    <p class='ocr_par' dir='ltr' id='par_1_59' title="bbox 184 3152 1757 3227">
     <span class='ocr_line' id='line_1_59' title="bbox 184 3152 1757 3227; baseline -0.004 -16"><span class='ocrx_word' id='word_1_398' title='bbox 184 3157 350 3227; x_wconf 76' lang='grc' dir='ltr'>ἐμοῦ,</span> <span class='ocrx_word' id='word_1_399' title='bbox 370 3158 446 3220; x_wconf 87' lang='grc' dir='ltr'>ὡς</span> <span class='ocrx_word' id='word_1_400' title='bbox 473 3158 571 3227; x_wconf 83' lang='grc' dir='ltr'>οὐχ</span> <span class='ocrx_word' id='word_1_401' title='bbox 598 3156 827 3227; x_wconf 77' lang='grc' dir='ltr'>εὓρηται</span> <span class='ocrx_word' id='word_1_402' title='bbox 849 3153 1030 3224; x_wconf 78' lang='grc' dir='ltr'>βίϐλος</span> <span class='ocrx_word' id='word_1_403' title='bbox 1052 3153 1185 3207; x_wconf 79' lang='grc' dir='ltr'>ποτέ</span> <span class='ocrx_word' id='word_1_404' title='bbox 1212 3152 1565 3226; x_wconf 75' lang='grc' dir='ltr'>μαρτυροῦσα</span> <span class='ocrx_word' id='word_1_405' title='bbox 1586 3156 1757 3220; x_wconf 78' lang='grc' dir='ltr'>τουτὶ,</span> 
     </span>
    </p>
   </div>
   <div class='ocr_carea' id='block_1_60' title="bbox 1861 3152 3440 3234">
    <p class='ocr_par' dir='ltr' id='par_1_60' title="bbox 1862 3156 3440 3227">
     <span class='ocr_line' id='line_1_60' title="bbox 1862 3156 3440 3227; baseline 0.01 -22"><span class='ocrx_word' id='word_1_406' title='bbox 1862 3166 2135 3223; x_wconf 88' lang='lat' dir='ltr'><strong>nusquam</strong></span> <span class='ocrx_word' id='word_1_407' title='bbox 2197 3168 2466 3225; x_wconf 85' lang='lat' dir='ltr'><strong>apparere</strong></span> <span class='ocrx_word' id='word_1_408' title='bbox 2519 3156 2747 3221; x_wconf 89' lang='lat' dir='ltr'><strong>librum,</strong></span> <span class='ocrx_word' id='word_1_409' title='bbox 2790 3158 2885 3227; x_wconf 85' lang='lat' dir='ltr'><strong>qui</strong></span> <span class='ocrx_word' id='word_1_410' title='bbox 2926 3159 2978 3213; x_wconf 91' lang='lat' dir='ltr'><strong>id</strong></span> <span class='ocrx_word' id='word_1_411' title='bbox 3027 3169 3278 3227; x_wconf 90' lang='lat' dir='ltr'><strong>testetur,</strong></span> <span class='ocrx_word' id='word_1_412' title='bbox 3333 3165 3440 3220; x_wconf 89' lang='lat' dir='ltr'><strong>alio</strong></span> 
     </span>
    </p>
   </div>
   <div class='ocr_carea' id='block_1_61' title="bbox 183 3248 1758 3321">
    <p class='ocr_par' dir='ltr' id='par_1_61' title="bbox 183 3248 1758 3321">
     <span class='ocr_line' id='line_1_61' title="bbox 183 3248 1758 3321; baseline -0.004 -16"><span class='ocrx_word' id='word_1_413' title='bbox 183 3253 381 3321; x_wconf 72' lang='grc' dir='ltr'>ἐτέραν</span> <span class='ocrx_word' id='word_1_414' title='bbox 432 3251 677 3320; x_wconf 76' lang='grc' dir='ltr'>ἑτρὰπης</span> <span class='ocrx_word' id='word_1_415' title='bbox 706 3291 719 3315; x_wconf 90' lang='grc'><strong>,</strong></span> <span class='ocrx_word' id='word_1_416' title='bbox 775 3248 860 3302; x_wconf 81' lang='grc' dir='ltr'>ὅτι</span> <span class='ocrx_word' id='word_1_417' title='bbox 906 3248 1284 3319; x_wconf 81' lang='grc' dir='ltr'>ὑπερίσχυσαν</span> <span class='ocrx_word' id='word_1_418' title='bbox 1325 3250 1374 3301; x_wconf 86' lang='lat' dir='ltr'><strong>oi</strong></span> <span class='ocrx_word' id='word_1_419' title='bbox 1422 3248 1643 3301; x_wconf 82' lang='grc' dir='ltr'>Λατῖνοι</span> <span class='ocrx_word' id='word_1_420' title='bbox 1700 3249 1758 3300; x_wconf 82' lang='grc' dir='ltr'><strong>ἐν</strong></span> 
     </span>
    </p>
   </div>
   <div class='ocr_carea' id='block_1_62' title="bbox 182 3337 1757 3413">
    <p class='ocr_par' dir='ltr' id='par_1_62' title="bbox 182 3337 1757 3413">
     <span class='ocr_line' id='line_1_62' title="bbox 182 3337 1757 3413; baseline -0.003 -17"><span class='ocrx_word' id='word_1_421' title='bbox 182 3344 345 3413; x_wconf 79' lang='grc' dir='ltr'>αὐτῇ.</span> <span class='ocrx_word' id='word_1_422' title='bbox 382 3345 476 3396; x_wconf 79' lang='grc' dir='ltr'>καὶ</span> <span class='ocrx_word' id='word_1_423' title='bbox 504 3341 839 3394; x_wconf 74' lang='grc' dir='ltr'>κατέπεισαν</span> <span class='ocrx_word' id='word_1_424' title='bbox 879 3340 973 3392; x_wconf 74' lang='grc' dir='ltr'><strong>καὶ</strong></span> <span class='ocrx_word' id='word_1_425' title='bbox 1009 3340 1135 3403; x_wconf 80' lang='grc' dir='ltr'>τοὺς</span> <span class='ocrx_word' id='word_1_426' title='bbox 1170 3338 1474 3409; x_wconf 72' lang='grc' dir='ltr'>ἡμετέρους</span> <span class='ocrx_word' id='word_1_427' title='bbox 1502 3337 1757 3405; x_wconf 81' lang='grc' dir='ltr'>δέξασθαι</span> 
     </span>
    </p>
   </div>
   <div class='ocr_carea' id='block_1_63' title="bbox 182 3430 1761 3503">
    <p class='ocr_par' dir='ltr' id='par_1_63' title="bbox 182 3430 1761 3503">
     <span class='ocr_line' id='line_1_63' title="bbox 182 3430 1761 3503; baseline -0.003 -14"><span class='ocrx_word' id='word_1_428' title='bbox 182 3437 255 3489; x_wconf 75' lang='grc' dir='ltr'>τὰ</span> <span class='ocrx_word' id='word_1_429' title='bbox 288 3435 489 3489; x_wconf 77' lang='grc' dir='ltr'>αὐτῶν·</span> <span class='ocrx_word' id='word_1_430' title='bbox 525 3435 619 3487; x_wconf 77' lang='grc' dir='ltr'><strong>καὶ</strong></span> <span class='ocrx_word' id='word_1_431' title='bbox 664 3432 823 3495; x_wconf 81' lang='grc' dir='ltr'>αὖθις</span> <span class='ocrx_word' id='word_1_432' title='bbox 869 3432 1016 3503; x_wconf 76' lang='grc' dir='ltr'>φῂς,</span> <span class='ocrx_word' id='word_1_433' title='bbox 1054 3434 1137 3485; x_wconf 84' lang='grc' dir='ltr'><strong>ὅτι</strong></span> <span class='ocrx_word' id='word_1_434' title='bbox 1180 3432 1320 3501; x_wconf 78' lang='grc' dir='ltr'>μετὰ</span> <span class='ocrx_word' id='word_1_435' title='bbox 1369 3430 1471 3501; x_wconf 79' lang='grc' dir='ltr'><strong>τὴν</strong></span> <span class='ocrx_word' id='word_1_436' title='bbox 1516 3431 1761 3485; x_wconf 72' lang='grc' dir='ltr'>διάλυσιν</span> 
     </span>
    </p>
   </div>
   <div class='ocr_carea' id='block_1_64' title="bbox 181 3523 1759 3598">
    <p class='ocr_par' dir='ltr' id='par_1_64' title="bbox 181 3523 1759 3598">
     <span class='ocr_line' id='line_1_64' title="bbox 181 3523 1759 3598; baseline -0.003 -17"><span class='ocrx_word' id='word_1_437' title='bbox 181 3528 287 3598; x_wconf 70' lang='grc' dir='ltr'>τῆς</span> <span class='ocrx_word' id='word_1_438' title='bbox 334 3527 551 3580; x_wconf 79' lang='grc' dir='ltr'>συνόδου</span> <span class='ocrx_word' id='word_1_439' title='bbox 582 3526 746 3579; x_wconf 80' lang='grc' dir='ltr'>πάλιν</span> <span class='ocrx_word' id='word_1_440' title='bbox 794 3524 1146 3594; x_wconf 77' lang='grc' dir='ltr'>ἐσχίσθησαν,</span> <span class='ocrx_word' id='word_1_441' title='bbox 1181 3524 1277 3578; x_wconf 72' lang='grc' dir='ltr'><strong>καὶ</strong></span> <span class='ocrx_word' id='word_1_442' title='bbox 1324 3523 1497 3591; x_wconf 84' lang='grc' dir='ltr'><strong>ὀλίγοι</strong></span> <span class='ocrx_word' id='word_1_443' title='bbox 1530 3524 1759 3594; x_wconf 73' lang='grc' dir='ltr'>ἔμειναν</span> 
     </span>
    </p>
   </div>
   <div class='ocr_carea' id='block_1_65' title="bbox 181 3615 1761 3687">
    <p class='ocr_par' dir='ltr' id='par_1_65' title="bbox 181 3615 1761 3687">
     <span class='ocr_line' id='line_1_65' title="bbox 181 3615 1761 3687; baseline -0.002 -15"><span class='ocrx_word' id='word_1_444' title='bbox 181 3623 253 3673; x_wconf 68' lang='grc' dir='ltr'>τὰ</span> <span class='ocrx_word' id='word_1_445' title='bbox 279 3620 526 3674; x_wconf 85' lang='grc' dir='ltr'>Λατίνων</span> <span class='ocrx_word' id='word_1_446' title='bbox 552 3616 896 3687; x_wconf 71' lang='grc' dir='ltr'>φρονοῦντες.</span> <span class='ocrx_word' id='word_1_447' title='bbox 936 3617 1069 3671; x_wconf 77' lang='grc' dir='ltr'>Ἰδοὺ</span> <span class='ocrx_word' id='word_1_448' title='bbox 1093 3615 1186 3670; x_wconf 78' lang='grc' dir='ltr'><strong>οὖν</strong></span> <span class='ocrx_word' id='word_1_449' title='bbox 1210 3616 1304 3669; x_wconf 76' lang='grc' dir='ltr'>καὶ</span> <span class='ocrx_word' id='word_1_450' title='bbox 1328 3618 1458 3678; x_wconf 81' lang='grc' dir='ltr'>τοὺς</span> <span class='ocrx_word' id='word_1_451' title='bbox 1487 3616 1761 3685; x_wconf 81' lang='grc' dir='ltr'><strong>Γραικοὺς</strong></span> 
     </span>
    </p>
   </div>
   <div class='ocr_carea' id='block_1_66' title="bbox 181 3702 1755 3779">
    <p class='ocr_par' dir='ltr' id='par_1_66' title="bbox 181 3702 1755 3779">
     <span class='ocr_line' id='line_1_66' title="bbox 181 3702 1755 3779; baseline -0.004 -13"><span class='ocrx_word' id='word_1_452' title='bbox 181 3712 372 3775; x_wconf 76' lang='grc' dir='ltr'>καλεῖς</span> <span class='ocrx_word' id='word_1_453' title='bbox 402 3710 839 3779; x_wconf 76' lang='grc' dir='ltr'>Λατινόφρονας.</span> <span class='ocrx_word' id='word_1_454' title='bbox 872 3709 1087 3778; x_wconf 78' lang='grc' dir='ltr'>Φράσον</span> <span class='ocrx_word' id='word_1_455' title='bbox 1118 3726 1208 3776; x_wconf 90' lang='grc' dir='ltr'>μοι</span> <span class='ocrx_word' id='word_1_456' title='bbox 1238 3702 1356 3773; x_wconf 79' lang='grc' dir='ltr'>οὖν,</span> <span class='ocrx_word' id='word_1_457' title='bbox 1388 3708 1440 3760; x_wconf 79' lang='grc' dir='ltr'><strong>τί</strong></span> <span class='ocrx_word' id='word_1_458' title='bbox 1478 3708 1755 3777; x_wconf 72' lang='grc' dir='ltr'>δηλοῦσιν,</span> 
     </span>
    </p>
   </div>
   <div class='ocr_carea' id='block_1_67' title="bbox 180 3800 1759 3875">
    <p class='ocr_par' dir='ltr' id='par_1_67' title="bbox 180 3800 1759 3875">
     <span class='ocr_line' id='line_1_67' title="bbox 180 3800 1759 3875; baseline -0.002 -17"><span class='ocrx_word' id='word_1_459' title='bbox 180 3806 330 3875; x_wconf 70' lang='grc' dir='ltr'><strong>ᾇπερ</strong></span> <span class='ocrx_word' id='word_1_460' title='bbox 364 3802 461 3857; x_wconf 80' lang='grc' dir='ltr'>νῦν</span> <span class='ocrx_word' id='word_1_461' title='bbox 527 3804 731 3872; x_wconf 81' lang='grc' dir='ltr'>λέγεις,</span> <span class='ocrx_word' id='word_1_462' title='bbox 763 3803 846 3854; x_wconf 78' lang='grc' dir='ltr'><strong>ὅτι</strong></span> <span class='ocrx_word' id='word_1_463' title='bbox 901 3800 1124 3855; x_wconf 84' lang='grc' dir='ltr'>ἐναντία</span> <span class='ocrx_word' id='word_1_464' title='bbox 1159 3800 1412 3871; x_wconf 83' lang='grc' dir='ltr'>ἀλλήλοις</span> <span class='ocrx_word' id='word_1_465' title='bbox 1460 3802 1759 3874; x_wconf 75' lang='grc' dir='ltr'>διαρρήδην</span> 
     </span>
    </p>
   </div>
   <div class='ocr_carea' id='block_1_68' title="bbox 180 3898 365 3962">
    <p class='ocr_par' dir='ltr' id='par_1_68' title="bbox 180 3898 365 3962">
     <span class='ocr_line' id='line_1_68' title="bbox 180 3898 365 3962; baseline -0.011 -11"><span class='ocrx_word' id='word_1_466' title='bbox 180 3898 326 3951; x_wconf 85' lang='grc' dir='ltr'>είσίν</span> <span class='ocrx_word' id='word_1_467' title='bbox 350 3914 365 3962; x_wconf 91' lang='grc'>;</span> 
     </span>
    </p>
   </div>
   <div class='ocr_carea' id='block_1_69' title="bbox 266 3985 1575 4062">
    <p class='ocr_par' dir='ltr' id='par_1_69' title="bbox 266 3985 1575 4062">
     <span class='ocr_line' id='line_1_69' title="bbox 266 3985 1575 4062; baseline -0.003 -18"><span class='ocrx_word' id='word_1_468' title='bbox 266 3992 435 4047; x_wconf 78' lang='grc' dir='ltr'>Ῥακ.</span> <span class='ocrx_word' id='word_1_469' title='bbox 468 3988 658 4053; x_wconf 80' lang='grc' dir='ltr'>Οὕτως</span> <span class='ocrx_word' id='word_1_470' title='bbox 692 3989 968 4062; x_wconf 78' lang='grc' dir='ltr'>ἐπράχθη,</span> <span class='ocrx_word' id='word_1_471' title='bbox 1004 3990 1100 4041; x_wconf 76' lang='grc' dir='ltr'>καὶ</span> <span class='ocrx_word' id='word_1_472' title='bbox 1124 3985 1271 4040; x_wconf 80' lang='grc' dir='ltr'>οὕτω</span> <span class='ocrx_word' id='word_1_473' title='bbox 1298 4004 1381 4040; x_wconf 92' lang='grc' dir='ltr'><strong>σοι</strong></span> <span class='ocrx_word' id='word_1_474' title='bbox 1406 3985 1575 4055; x_wconf 77' lang='grc' dir='ltr'>λέγω.</span> 
     </span>
    </p>
   </div>
   <div class='ocr_carea' id='block_1_70' title="bbox 254 4078 1757 4152">
    <p class='ocr_par' dir='ltr' id='par_1_70' title="bbox 254 4078 1757 4152">
     <span class='ocr_line' id='line_1_70' title="bbox 254 4078 1757 4152; baseline -0.002 -18"><span class='ocrx_word' id='word_1_475' title='bbox 254 4086 378 4135; x_wconf 83' lang='grc' dir='ltr'>Δικ.</span> <span class='ocrx_word' id='word_1_476' title='bbox 416 4082 509 4133; x_wconf 81' lang='grc' dir='ltr'><strong>Δεῖ</strong></span> <span class='ocrx_word' id='word_1_477' title='bbox 547 4080 651 4152; x_wconf 75' lang='grc' dir='ltr'>τὴν</span> <span class='ocrx_word' id='word_1_478' title='bbox 688 4079 953 4149; x_wconf 77' lang='grc' dir='ltr'><strong>ἀλήθειαν</strong></span> <span class='ocrx_word' id='word_1_479' title='bbox 1007 4078 1217 4146; x_wconf 84' lang='grc' dir='ltr'>λέγειν,</span> <span class='ocrx_word' id='word_1_480' title='bbox 1266 4078 1359 4129; x_wconf 78' lang='grc' dir='ltr'>καὶ</span> <span class='ocrx_word' id='word_1_481' title='bbox 1411 4078 1487 4147; x_wconf 84' lang='grc' dir='ltr'>μὴ</span> <span class='ocrx_word' id='word_1_482' title='bbox 1540 4079 1610 4131; x_wconf 62' lang='grc' dir='ltr'>τὰ</span> <span class='ocrx_word' id='word_1_483' title='bbox 1655 4080 1757 4145; x_wconf 86' lang='grc' dir='ltr'>τῆς</span> 
     </span>
    </p>
   </div>
   <div class='ocr_carea' id='block_1_71' title="bbox 179 4166 1755 4241">
    <p class='ocr_par' dir='ltr' id='par_1_71' title="bbox 179 4166 1755 4241">
     <span class='ocr_line' id='line_1_71' title="bbox 179 4166 1755 4241; baseline -0.004 -15"><span class='ocrx_word' id='word_1_484' title='bbox 179 4172 322 4235; x_wconf 81' lang='grc' dir='ltr'>ἰδίας</span> <span class='ocrx_word' id='word_1_485' title='bbox 356 4170 590 4241; x_wconf 77' lang='grc' dir='ltr'>ὀρέξεως</span> <span class='ocrx_word' id='word_1_486' title='bbox 611 4211 626 4234; x_wconf 95' lang='grc'><strong>,</strong></span> <span class='ocrx_word' id='word_1_487' title='bbox 656 4169 802 4237; x_wconf 74' lang='grc' dir='ltr'><strong>ᾇπερ</strong></span> <span class='ocrx_word' id='word_1_488' title='bbox 833 4171 924 4222; x_wconf 75' lang='grc' dir='ltr'><strong>καὶ</strong></span> <span class='ocrx_word' id='word_1_489' title='bbox 960 4166 1354 4233; x_wconf 79' lang='grc' dir='ltr'>ἀναπόδεικτα,</span> <span class='ocrx_word' id='word_1_490' title='bbox 1391 4170 1624 4231; x_wconf 77' lang='grc' dir='ltr'>καὶτοῖς</span> <span class='ocrx_word' id='word_1_491' title='bbox 1658 4169 1755 4220; x_wconf 83' lang='grc' dir='ltr'><strong>ἀν-</strong></span> 
     </span>
    </p>
   </div>
   <div class='ocr_carea' id='block_1_72' title="bbox 174 4260 1020 4333">
    <p class='ocr_par' dir='ltr' id='par_1_72' title="bbox 174 4260 1020 4333">
     <span class='ocr_line' id='line_1_72' title="bbox 174 4260 1020 4333; baseline -0.002 -17"><span class='ocrx_word' id='word_1_492' title='bbox 174 4261 423 4333; x_wconf 79' lang='grc' dir='ltr'>θρώποις</span> <span class='ocrx_word' id='word_1_493' title='bbox 458 4262 663 4332; x_wconf 71' lang='grc' dir='ltr'>μισητὰ</span> <span class='ocrx_word' id='word_1_494' title='bbox 714 4260 1020 4329; x_wconf 81' lang='grc' dir='ltr'>φαίνονται.</span> 
     </span>
    </p>
   </div>
   <div class='ocr_carea' id='block_1_73' title="bbox 250 4352 1755 4423">
    <p class='ocr_par' dir='ltr' id='par_1_73' title="bbox 250 4352 1755 4423">
     <span class='ocr_line' id='line_1_73' title="bbox 250 4352 1755 4423; baseline -0.003 -15"><span class='ocrx_word' id='word_1_495' title='bbox 250 4357 405 4409; x_wconf 74' lang='grc' dir='ltr'>Εὺλ.</span> <span class='ocrx_word' id='word_1_496' title='bbox 446 4353 873 4423; x_wconf 78' lang='grc' dir='ltr'>Ἐμειναν,,φῂς</span> <span class='ocrx_word' id='word_1_497' title='bbox 894 4392 910 4420; x_wconf 93' lang='grc'><strong>,</strong></span> <span class='ocrx_word' id='word_1_498' title='bbox 940 4352 1040 4407; x_wconf 82' lang='grc' dir='ltr'><strong>καί</strong></span> <span class='ocrx_word' id='word_1_499' title='bbox 1068 4369 1215 4416; x_wconf 88' lang='grc' dir='ltr'>τινες</span> <span class='ocrx_word' id='word_1_500' title='bbox 1246 4352 1472 4423; x_wconf 79' lang='grc' dir='ltr'>Γραικοὶ</span> <span class='ocrx_word' id='word_1_501' title='bbox 1503 4352 1570 4405; x_wconf 80' lang='grc' dir='ltr'>τὰ</span> <span class='ocrx_word' id='word_1_502' title='bbox 1595 4352 1755 4405; x_wconf 89' lang='grc' dir='ltr'>Λατί-</span> 
     </span>
    </p>
   </div>
   <div class='ocr_carea' id='block_1_74' title="bbox 172 4447 672 4519">
    <p class='ocr_par' dir='ltr' id='par_1_74' title="bbox 172 4447 672 4519">
     <span class='ocr_line' id='line_1_74' title="bbox 172 4447 672 4519; baseline -0.004 -17"><span class='ocrx_word' id='word_1_503' title='bbox 172 4466 290 4503; x_wconf 88' lang='grc' dir='ltr'><strong>νων</strong></span> <span class='ocrx_word' id='word_1_504' title='bbox 321 4447 672 4519; x_wconf 82' lang='grc' dir='ltr'>φρονοῦντες.</span> 
     </span>
    </p>
   </div>
   <div class='ocr_carea' id='block_1_75' title="bbox 262 4536 823 4609">
    <p class='ocr_par' dir='ltr' id='par_1_75' title="bbox 262 4536 823 4609">
     <span class='ocr_line' id='line_1_75' title="bbox 262 4536 823 4609; baseline -0.004 -15"><span class='ocrx_word' id='word_1_505' title='bbox 262 4544 425 4594; x_wconf 85' lang='grc' dir='ltr'>Ῥακ.</span> <span class='ocrx_word' id='word_1_506' title='bbox 462 4538 650 4601; x_wconf 78' lang='grc' dir='ltr'>Οὕτως</span> <span class='ocrx_word' id='word_1_507' title='bbox 682 4536 823 4609; x_wconf 73' lang='grc' dir='ltr'>ἔχει.</span> 
     </span>
    </p>
   </div>
   <div class='ocr_carea' id='block_1_76' title="bbox 176 4720 1755 4797">
    <p class='ocr_par' dir='ltr' id='par_1_76' title="bbox 176 4720 1755 4797">
     <span class='ocr_line' id='line_1_76' title="bbox 176 4720 1755 4797; baseline -0.005 -16"><span class='ocrx_word' id='word_1_508' title='bbox 176 4725 437 4797; x_wconf 75' lang='grc' dir='ltr'>Γραικοὶ,</span> <span class='ocrx_word' id='word_1_509' title='bbox 467 4723 536 4777; x_wconf 80' lang='grc' dir='ltr'><strong>τὰ</strong></span> <span class='ocrx_word' id='word_1_510' title='bbox 567 4721 821 4790; x_wconf 81' lang='grc' dir='ltr'>Γραικῶν</span> <span class='ocrx_word' id='word_1_511' title='bbox 854 4721 1105 4790; x_wconf 80' lang='grc' dir='ltr'>ἀφέντες,</span> <span class='ocrx_word' id='word_1_512' title='bbox 1127 4721 1198 4773; x_wconf 80' lang='grc' dir='ltr'>τὰ</span> <span class='ocrx_word' id='word_1_513' title='bbox 1220 4721 1467 4774; x_wconf 87' lang='grc' dir='ltr'>Λατίνων</span> <span class='ocrx_word' id='word_1_514' title='bbox 1492 4720 1755 4789; x_wconf 71' lang='grc' dir='ltr'>φρονοῦν-</span> 
     </span>
    </p>
   </div>
   <div class='ocr_carea' id='block_1_77' title="bbox 175 4811 1751 4885">
    <p class='ocr_par' dir='ltr' id='par_1_77' title="bbox 175 4811 1751 4885">
     <span class='ocr_line' id='line_1_77' title="bbox 175 4811 1751 4885; baseline -0.003 -16"><span class='ocrx_word' id='word_1_515' title='bbox 175 4834 275 4880; x_wconf 84' lang='grc' dir='ltr'><strong>τες</strong></span> <span class='ocrx_word' id='word_1_516' title='bbox 318 4816 560 4885; x_wconf 77' lang='grc' dir='ltr'>ἔμειναν,</span> <span class='ocrx_word' id='word_1_517' title='bbox 594 4816 643 4866; x_wconf 85' lang='grc' dir='ltr'>εί</span> <span class='ocrx_word' id='word_1_518' title='bbox 673 4813 820 4867; x_wconf 74' lang='grc' dir='ltr'>κατὰ</span> <span class='ocrx_word' id='word_1_519' title='bbox 868 4811 1118 4867; x_wconf 83' lang='grc' dir='ltr'>Λατίνων</span> <span class='ocrx_word' id='word_1_520' title='bbox 1169 4813 1202 4882; x_wconf 81' lang='grc' dir='ltr'><strong>ὴ</strong></span> <span class='ocrx_word' id='word_1_521' title='bbox 1264 4812 1464 4879; x_wconf 75' lang='grc' dir='ltr'>πρᾶξις</span> <span class='ocrx_word' id='word_1_522' title='bbox 1508 4812 1751 4881; x_wconf 82' lang='grc' dir='ltr'>ἐγένετο,</span> 
     </span>
    </p>
   </div>
   <div class='ocr_carea' id='block_1_78' title="bbox 172 4901 1757 4975">
    <p class='ocr_par' dir='ltr' id='par_1_78' title="bbox 172 4901 1757 4975">
     <span class='ocr_line' id='line_1_78' title="bbox 172 4901 1757 4975; baseline -0.003 -16"><span class='ocrx_word' id='word_1_523' title='bbox 172 4907 370 4975; x_wconf 81' lang='grc' dir='ltr'>ὥσπερ</span> <span class='ocrx_word' id='word_1_524' title='bbox 406 4904 581 4958; x_wconf 84' lang='grc' dir='ltr'>είπῶν</span> <span class='ocrx_word' id='word_1_525' title='bbox 622 4904 886 4972; x_wconf 75' lang='grc' dir='ltr'>ἔφθασας,</span> <span class='ocrx_word' id='word_1_526' title='bbox 928 4902 1109 4956; x_wconf 84' lang='grc' dir='ltr'>καίτοι</span> <span class='ocrx_word' id='word_1_527' title='bbox 1152 4919 1217 4970; x_wconf 81' lang='grc' dir='ltr'><strong>γε</strong></span> <span class='ocrx_word' id='word_1_528' title='bbox 1275 4901 1757 4973; x_wconf 84' lang='grc' dir='ltr'>ίσχυρογνώμονές</span> 
     </span>
    </p>
   </div>
   <div class='ocr_carea' id='block_1_79' title="bbox 174 4993 1747 5069">
    <p class='ocr_par' dir='ltr' id='par_1_79' title="bbox 174 4993 1747 5069">
     <span class='ocr_line' id='line_1_79' title="bbox 174 4993 1747 5069; baseline -0.003 -16"><span class='ocrx_word' id='word_1_529' title='bbox 174 5002 291 5053; x_wconf 83' lang='grc' dir='ltr'>είσι</span> <span class='ocrx_word' id='word_1_530' title='bbox 320 5003 388 5069; x_wconf 78' lang='grc' dir='ltr'><strong>τῇ</strong></span> <span class='ocrx_word' id='word_1_531' title='bbox 436 4996 677 5067; x_wconf 75' lang='grc' dir='ltr'>σφετέρα</span> <span class='ocrx_word' id='word_1_532' title='bbox 723 4994 940 5048; x_wconf 73' lang='grc' dir='ltr'>ἑαυτῶν</span> <span class='ocrx_word' id='word_1_533' title='bbox 992 4993 1145 5064; x_wconf 77' lang='grc' dir='ltr'>δόξῃ,</span> <span class='ocrx_word' id='word_1_534' title='bbox 1193 4995 1289 5048; x_wconf 77' lang='grc' dir='ltr'>καὶ</span> <span class='ocrx_word' id='word_1_535' title='bbox 1334 4994 1747 5064; x_wconf 85' lang='grc' dir='ltr'>δεισιδαίμονες.</span> 
     </span>
    </p>
   </div>
   <div class='ocr_carea' id='block_1_80' title="bbox 174 5085 1757 5162">
    <p class='ocr_par' dir='ltr' id='par_1_80' title="bbox 174 5085 1757 5162">
     <span class='ocr_line' id='line_1_80' title="bbox 174 5085 1757 5162; baseline -0.003 -18"><span class='ocrx_word' id='word_1_536' title='bbox 174 5094 370 5155; x_wconf 72' lang='grc' dir='ltr'>οὐδεὶς</span> <span class='ocrx_word' id='word_1_537' title='bbox 392 5092 499 5162; x_wconf 79' lang='grc' dir='ltr'><strong>γὰρ</strong></span> <span class='ocrx_word' id='word_1_538' title='bbox 528 5088 722 5152; x_wconf 76' lang='grc' dir='ltr'>εὕνους</span> <span class='ocrx_word' id='word_1_539' title='bbox 750 5088 818 5141; x_wconf 66' lang='grc' dir='ltr'>τὰ</span> <span class='ocrx_word' id='word_1_540' title='bbox 846 5086 973 5140; x_wconf 79' lang='grc' dir='ltr'>κατ’</span> <span class='ocrx_word' id='word_1_541' title='bbox 1000 5085 1191 5153; x_wconf 77' lang='grc' dir='ltr'>αὑτοῦ,</span> <span class='ocrx_word' id='word_1_542' title='bbox 1224 5086 1364 5141; x_wconf 79' lang='grc' dir='ltr'>ἀλλὰ</span> <span class='ocrx_word' id='word_1_543' title='bbox 1393 5088 1461 5139; x_wconf 83' lang='grc' dir='ltr'>τὰ</span> <span class='ocrx_word' id='word_1_544' title='bbox 1492 5087 1629 5157; x_wconf 74' lang='grc' dir='ltr'>ὑπὲρ</span> <span class='ocrx_word' id='word_1_545' title='bbox 1656 5087 1757 5156; x_wconf 84' lang='grc' dir='ltr'>τῆς</span> 
     </span>
    </p>
   </div>
   <div class='ocr_carea' id='block_1_81' title="bbox 174 5178 1755 5261">
    <p class='ocr_par' dir='ltr' id='par_1_81' title="bbox 174 5178 1755 5261">
     <span class='ocr_line' id='line_1_81' title="bbox 174 5178 1755 5261; baseline -0.008 -15"><span class='ocrx_word' id='word_1_546' title='bbox 174 5191 405 5246; x_wconf 80' lang='grc' dir='ltr'>συνόδου</span> <span class='ocrx_word' id='word_1_547' title='bbox 450 5190 661 5261; x_wconf 75' lang='grc' dir='ltr'>φρονεῖ.</span> <span class='ocrx_word' id='word_1_548' title='bbox 703 5187 766 5239; x_wconf 84' lang='grc' dir='ltr'><strong>Εἰ</strong></span> <span class='ocrx_word' id='word_1_549' title='bbox 796 5185 906 5256; x_wconf 80' lang='grc' dir='ltr'><strong>γὰρ</strong></span> <span class='ocrx_word' id='word_1_550' title='bbox 941 5184 1081 5253; x_wconf 72' lang='grc' dir='ltr'><strong>ὑπὲρ</strong></span> <span class='ocrx_word' id='word_1_551' title='bbox 1118 5183 1372 5251; x_wconf 85' lang='grc' dir='ltr'>Γραικῶν</span> <span class='ocrx_word' id='word_1_552' title='bbox 1413 5178 1504 5257; x_wconf 79' lang='grc' dir='ltr'><strong>ἦν⁹</strong></span> <span class='ocrx_word' id='word_1_553' title='bbox 1538 5184 1641 5235; x_wconf 72' lang='grc' dir='ltr'>οὐκ</span> <span class='ocrx_word' id='word_1_554' title='bbox 1688 5183 1755 5236; x_wconf 81' lang='grc' dir='ltr'><strong>ἂν</strong></span> 
     </span>
    </p>
   </div>
   <div class='ocr_carea' id='block_1_82' title="bbox 174 5276 1755 5356">
    <p class='ocr_par' dir='ltr' id='par_1_82' title="bbox 174 5276 1755 5356">
     <span class='ocr_line' id='line_1_82' title="bbox 174 5276 1755 5356; baseline -0.008 -16"><span class='ocrx_word' id='word_1_555' title='bbox 174 5284 456 5356; x_wconf 77' lang='grc' dir='ltr'>ἐσχίζοντο</span> <span class='ocrx_word' id='word_1_556' title='bbox 491 5281 586 5336; x_wconf 83' lang='grc' dir='ltr'><strong>ἀπ’</strong></span> <span class='ocrx_word' id='word_1_557' title='bbox 629 5281 812 5335; x_wconf 80' lang='grc' dir='ltr'>αὐτῶν</span> <span class='ocrx_word' id='word_1_558' title='bbox 848 5279 899 5331; x_wconf 89' lang='grc' dir='ltr'><strong>οί</strong></span> <span class='ocrx_word' id='word_1_559' title='bbox 950 5277 1204 5350; x_wconf 77' lang='grc' dir='ltr'>Γραικοὶ.</span> <span class='ocrx_word' id='word_1_560' title='bbox 1238 5276 1352 5329; x_wconf 79' lang='grc' dir='ltr'><strong>ἀλλ’</strong></span> <span class='ocrx_word' id='word_1_561' title='bbox 1391 5278 1590 5329; x_wconf 77' lang='grc' dir='ltr'>ἐκεῖνοι</span> <span class='ocrx_word' id='word_1_562' title='bbox 1645 5276 1755 5328; x_wconf 77' lang='grc' dir='ltr'><strong>ἀπὸ</strong></span> 
     </span>
    </p>
   </div>
   <div class='ocr_carea' id='block_1_83' title="bbox 170 5366 1756 5438">
    <p class='ocr_par' dir='ltr' id='par_1_83' title="bbox 170 5366 1756 5438">
     <span class='ocr_line' id='line_1_83' title="bbox 170 5366 1756 5438; baseline -0.006 -10"><span class='ocrx_word' id='word_1_563' title='bbox 170 5377 388 5428; x_wconf 83' lang='grc' dir='ltr'>τούτων</span> <span class='ocrx_word' id='word_1_564' title='bbox 439 5372 525 5426; x_wconf 75' lang='grc' dir='ltr'>ἄν.</span> <span class='ocrx_word' id='word_1_565' title='bbox 594 5372 888 5424; x_wconf 79' lang='grc' dir='ltr'>Δείκνυται</span> <span class='ocrx_word' id='word_1_566' title='bbox 934 5368 991 5422; x_wconf 74' lang='grc' dir='ltr'>δὲ</span> <span class='ocrx_word' id='word_1_567' title='bbox 1048 5368 1248 5438; x_wconf 82' lang='grc' dir='ltr'>μᾶλλον</span> <span class='ocrx_word' id='word_1_568' title='bbox 1283 5369 1393 5421; x_wconf 79' lang='grc' dir='ltr'><strong>ἀπὸ</strong></span> <span class='ocrx_word' id='word_1_569' title='bbox 1447 5366 1538 5421; x_wconf 80' lang='grc' dir='ltr'>τοῦ</span> <span class='ocrx_word' id='word_1_570' title='bbox 1591 5368 1756 5435; x_wconf 84' lang='grc' dir='ltr'>λόγου</span> 
     </span>
    </p>
   </div>
   <div class='ocr_carea' id='block_1_84' title="bbox 170 5460 1757 5532">
    <p class='ocr_par' dir='ltr' id='par_1_84' title="bbox 170 5460 1757 5532">
     <span class='ocr_line' id='line_1_84' title="bbox 170 5460 1757 5532; baseline -0.006 -13"><span class='ocrx_word' id='word_1_571' title='bbox 170 5466 395 5531; x_wconf 80' lang='grc' dir='ltr'>τούτου,</span> <span class='ocrx_word' id='word_1_572' title='bbox 430 5466 513 5518; x_wconf 85' lang='grc' dir='ltr'><strong>ὃτι</strong></span> <span class='ocrx_word' id='word_1_573' title='bbox 560 5464 703 5532; x_wconf 78' lang='grc' dir='ltr'><strong>ὑπὲρ</strong></span> <span class='ocrx_word' id='word_1_574' title='bbox 757 5462 1000 5516; x_wconf 85' lang='grc' dir='ltr'>Λατίνων</span> <span class='ocrx_word' id='word_1_575' title='bbox 1057 5463 1091 5531; x_wconf 86' lang='grc' dir='ltr'><strong>ή</strong></span> <span class='ocrx_word' id='word_1_576' title='bbox 1145 5460 1348 5530; x_wconf 79' lang='grc' dir='ltr'>πρᾶξις</span> <span class='ocrx_word' id='word_1_577' title='bbox 1406 5460 1623 5527; x_wconf 81' lang='grc' dir='ltr'>ἐγένετο</span> <span class='ocrx_word' id='word_1_578' title='bbox 1656 5460 1757 5530; x_wconf 84' lang='grc' dir='ltr'>τῆς</span> 
     </span>
    </p>
   </div>
   <div class='ocr_carea' id='block_1_85' title="bbox 174 5552 1753 5625">
    <p class='ocr_par' dir='ltr' id='par_1_85' title="bbox 174 5552 1753 5625">
     <span class='ocr_line' id='line_1_85' title="bbox 174 5552 1753 5625; baseline -0.005 -14"><span class='ocrx_word' id='word_1_579' title='bbox 174 5558 403 5612; x_wconf 77' lang='grc' dir='ltr'>συνόδου</span> <span class='ocrx_word' id='word_1_580' title='bbox 462 5557 701 5625; x_wconf 80' lang='grc' dir='ltr'>ἐκείνης·</span> <span class='ocrx_word' id='word_1_581' title='bbox 738 5554 827 5607; x_wconf 72' lang='grc' dir='ltr'>διὰ</span> <span class='ocrx_word' id='word_1_582' title='bbox 860 5554 1019 5606; x_wconf 77' lang='grc' dir='ltr'>τοῦτο</span> <span class='ocrx_word' id='word_1_583' title='bbox 1055 5553 1395 5624; x_wconf 79' lang='grc' dir='ltr'>ἐσχίσθησαν</span> <span class='ocrx_word' id='word_1_584' title='bbox 1442 5554 1491 5605; x_wconf 91' lang='grc' dir='ltr'><strong>οί</strong></span> <span class='ocrx_word' id='word_1_585' title='bbox 1521 5552 1753 5623; x_wconf 78' lang='grc' dir='ltr'>Γραικοὶ</span> 
     </span>
    </p>
   </div>
   <div class='ocr_carea' id='block_1_86' title="bbox 170 5643 1755 5717">
    <p class='ocr_par' dir='ltr' id='par_1_86' title="bbox 170 5643 1755 5717">
     <span class='ocr_line' id='line_1_86' title="bbox 170 5643 1755 5717; baseline -0.006 -14"><span class='ocrx_word' id='word_1_586' title='bbox 170 5650 278 5704; x_wconf 78' lang='grc' dir='ltr'><strong>ἀπ’</strong></span> <span class='ocrx_word' id='word_1_587' title='bbox 313 5649 513 5708; x_wconf 60' lang='grc' dir='ltr'>αὐτῶν,</span> <span class='ocrx_word' id='word_1_588' title='bbox 557 5649 632 5717; x_wconf 76' lang='grc' dir='ltr'>μὴ</span> <span class='ocrx_word' id='word_1_589' title='bbox 670 5647 1002 5717; x_wconf 82' lang='grc' dir='ltr'>θελήσαντες</span> <span class='ocrx_word' id='word_1_590' title='bbox 1060 5646 1328 5716; x_wconf 83' lang='grc' dir='ltr'>ὲνωθῆναι</span> <span class='ocrx_word' id='word_1_591' title='bbox 1371 5645 1578 5709; x_wconf 78' lang='grc' dir='ltr'>αὐτοῖς,</span> <span class='ocrx_word' id='word_1_592' title='bbox 1614 5643 1755 5714; x_wconf 77' lang='grc' dir='ltr'>μηδέ</span> 
     </span>
    </p>
   </div>
   <div class='ocr_carea' id='block_1_87' title="bbox 168 5738 1188 5812">
    <p class='ocr_par' dir='ltr' id='par_1_87' title="bbox 168 5738 1188 5812">
     <span class='ocr_line' id='line_1_87' title="bbox 168 5738 1188 5812; baseline -0.006 -16"><span class='ocrx_word' id='word_1_593' title='bbox 168 5745 280 5812; x_wconf 79' lang='grc' dir='ltr'>τῆς</span> <span class='ocrx_word' id='word_1_594' title='bbox 319 5742 541 5794; x_wconf 89' lang='grc' dir='ltr'>συνόδου</span> <span class='ocrx_word' id='word_1_595' title='bbox 580 5741 679 5809; x_wconf 77' lang='grc' dir='ltr'><strong>τὴν</strong></span> <span class='ocrx_word' id='word_1_596' title='bbox 707 5740 887 5809; x_wconf 79' lang='grc' dir='ltr'>ψῆφον</span> <span class='ocrx_word' id='word_1_597' title='bbox 911 5738 1188 5802; x_wconf 77' lang='grc' dir='ltr'>δέξασθαι.</span> 
     </span>
    </p>
   </div>
   <div class='ocr_carea' id='block_1_88' title="bbox 247 5830 1735 5899">
    <p class='ocr_par' dir='ltr' id='par_1_88' title="bbox 247 5830 1735 5899">
     <span class='ocr_line' id='line_1_88' title="bbox 247 5830 1735 5899; baseline -0.003 -10"><span class='ocrx_word' id='word_1_598' title='bbox 247 5839 376 5889; x_wconf 69' lang='lat' dir='ltr'><strong>Arx.</strong></span> <span class='ocrx_word' id='word_1_599' title='bbox 410 5834 635 5896; x_wconf 80' lang='grc' dir='ltr'>Πιθανδς</span> <span class='ocrx_word' id='word_1_600' title='bbox 669 5833 698 5884; x_wconf 84' lang='grc' dir='ltr'><strong>ό</strong></span> <span class='ocrx_word' id='word_1_601' title='bbox 736 5833 889 5899; x_wconf 87' lang='grc' dir='ltr'>λόγος</span> <span class='ocrx_word' id='word_1_602' title='bbox 936 5832 1025 5884; x_wconf 83' lang='grc' dir='ltr'>τοῦ</span> <span class='ocrx_word' id='word_1_603' title='bbox 1078 5830 1353 5896; x_wconf 72' lang='grc' dir='ltr'>Εὐλαὸοὖς</span> <span class='ocrx_word' id='word_1_604' title='bbox 1389 5834 1535 5887; x_wconf 72' lang='grc' dir='ltr'>κατὰ</span> <span class='ocrx_word' id='word_1_605' title='bbox 1572 5834 1735 5895; x_wconf 64' lang='grc' dir='ltr'>πόδας</span> 
     </span>
    </p>
   </div>
   <div class='ocr_carea' id='block_1_89' title="bbox 1864 3247 3439 3317">
    <p class='ocr_par' dir='ltr' id='par_1_89' title="bbox 1864 3247 3439 3317">
     <span class='ocr_line' id='line_1_89' title="bbox 1864 3247 3439 3317; baseline 0.008 -17"><span class='ocrx_word' id='word_1_606' title='bbox 1864 3261 2190 3312; x_wconf 84' lang='lat' dir='ltr'><strong>conversus,</strong></span> <span class='ocrx_word' id='word_1_607' title='bbox 2242 3247 2581 3317; x_wconf 84' lang='lat' dir='ltr'><strong>superiores,</strong></span> <span class='ocrx_word' id='word_1_608' title='bbox 2612 3250 2716 3314; x_wconf 82' lang='lat' dir='ltr'><strong>ais,</strong></span> <span class='ocrx_word' id='word_1_609' title='bbox 2763 3250 2968 3306; x_wconf 66' lang='lat' dir='ltr'><strong>Gramis</strong></span> <span class='ocrx_word' id='word_1_610' title='bbox 3007 3250 3233 3308; x_wconf 88' lang='lat' dir='ltr'><strong>Latinos</strong></span> <span class='ocrx_word' id='word_1_611' title='bbox 3269 3255 3439 3312; x_wconf 76' lang='lat' dir='ltr'><strong>factos</strong></span> 
     </span>
    </p>
   </div>
   <div class='ocr_carea' id='block_1_90' title="bbox 1863 3335 3443 3413">
    <p class='ocr_par' dir='ltr' id='par_1_90' title="bbox 1863 3335 3443 3413">
     <span class='ocr_line' id='line_1_90' title="bbox 1863 3335 3443 3413; baseline 0.007 -25"><span class='ocrx_word' id='word_1_612' title='bbox 1863 3335 1973 3390; x_wconf 89' lang='lat' dir='ltr'><strong>illis</strong></span> <span class='ocrx_word' id='word_1_613' title='bbox 2011 3336 2352 3403; x_wconf 85' lang='lat' dir='ltr'><strong>persuasisse</strong></span> <span class='ocrx_word' id='word_1_614' title='bbox 2403 3346 2464 3390; x_wconf 89' lang='lat' dir='ltr'><strong>ut</strong></span> <span class='ocrx_word' id='word_1_615' title='bbox 2505 3336 2831 3392; x_wconf 89' lang='lat' dir='ltr'><strong>Latinorum</strong></span> <span class='ocrx_word' id='word_1_616' title='bbox 2882 3340 3140 3410; x_wconf 69' lang='lat' dir='ltr'><strong>dogmata</strong></span> <span class='ocrx_word' id='word_1_617' title='bbox 3188 3354 3443 3413; x_wconf 88' lang='lat' dir='ltr'><strong>accepta-</strong></span> 
     </span>
    </p>
   </div>
   <div class='ocr_carea' id='block_1_91' title="bbox 1864 3428 3440 3505">
    <p class='ocr_par' dir='ltr' id='par_1_91' title="bbox 1864 3428 3440 3505">
     <span class='ocr_line' id='line_1_91' title="bbox 1864 3428 3440 3505; baseline 0.008 -24"><span class='ocrx_word' id='word_1_618' title='bbox 1864 3437 2031 3483; x_wconf 88' lang='lat' dir='ltr'><strong>rent:</strong></span> <span class='ocrx_word' id='word_1_619' title='bbox 2079 3444 2413 3499; x_wconf 88' lang='lat' dir='ltr'><strong>rursumque</strong></span> <span class='ocrx_word' id='word_1_620' title='bbox 2466 3428 2645 3494; x_wconf 83' lang='lat' dir='ltr'><strong>addis,</strong></span> <span class='ocrx_word' id='word_1_621' title='bbox 2702 3430 2954 3485; x_wconf 88' lang='lat' dir='ltr'><strong>absoluta</strong></span> <span class='ocrx_word' id='word_1_622' title='bbox 2999 3439 3209 3505; x_wconf 89' lang='lat' dir='ltr'><strong>synodo</strong></span> <span class='ocrx_word' id='word_1_623' title='bbox 3236 3437 3440 3492; x_wconf 86' lang='lat' dir='ltr'><strong>scissos</strong></span> 
     </span>
    </p>
   </div>
   <div class='ocr_carea' id='block_1_92' title="bbox 1863 3517 3439 3592">
    <p class='ocr_par' dir='ltr' id='par_1_92' title="bbox 1863 3517 3439 3592">
     <span class='ocr_line' id='line_1_92' title="bbox 1863 3517 3439 3592; baseline 0.008 -20"><span class='ocrx_word' id='word_1_624' title='bbox 1863 3517 2053 3582; x_wconf 73' lang='lat' dir='ltr'><strong>fuisse,</strong></span> <span class='ocrx_word' id='word_1_625' title='bbox 2088 3528 2144 3574; x_wconf 85' lang='lat' dir='ltr'><strong>et</strong></span> <span class='ocrx_word' id='word_1_626' title='bbox 2170 3534 2372 3589; x_wconf 87' lang='lat' dir='ltr'><strong>paucos</strong></span> <span class='ocrx_word' id='word_1_627' title='bbox 2404 3522 2739 3576; x_wconf 86' lang='lat' dir='ltr'><strong>remansisse</strong></span> <span class='ocrx_word' id='word_1_628' title='bbox 2765 3526 2859 3592; x_wconf 92' lang='lat' dir='ltr'><strong>qui</strong></span> <span class='ocrx_word' id='word_1_629' title='bbox 2894 3536 3020 3578; x_wconf 91' lang='lat' dir='ltr'><strong>cum</strong></span> <span class='ocrx_word' id='word_1_630' title='bbox 3070 3526 3280 3583; x_wconf 83' lang='lat' dir='ltr'><strong>Latinis</strong></span> <span class='ocrx_word' id='word_1_631' title='bbox 3311 3546 3439 3585; x_wconf 88' lang='lat' dir='ltr'><strong>sen-</strong></span> 
     </span>
    </p>
   </div>
   <div class='ocr_carea' id='block_1_93' title="bbox 1865 3610 3439 3692">
    <p class='ocr_par' dir='ltr' id='par_1_93' title="bbox 1865 3610 3439 3692">
     <span class='ocr_line' id='line_1_93' title="bbox 1865 3610 3439 3692; baseline 0.008 -26"><span class='ocrx_word' id='word_1_632' title='bbox 1865 3610 2054 3666; x_wconf 90' lang='lat' dir='ltr'><strong>tirent.</strong></span> <span class='ocrx_word' id='word_1_633' title='bbox 2095 3611 2237 3666; x_wconf 90' lang='lat' dir='ltr'><strong>Ecce</strong></span> <span class='ocrx_word' id='word_1_634' title='bbox 2299 3614 2485 3682; x_wconf 88' lang='lat' dir='ltr'><strong>itaque</strong></span> <span class='ocrx_word' id='word_1_635' title='bbox 2519 3612 2719 3680; x_wconf 78' lang='lat' dir='ltr'><strong>Graeci,</strong></span> <span class='ocrx_word' id='word_1_636' title='bbox 2754 3624 2815 3669; x_wconf 93' lang='lat' dir='ltr'><strong>ut</strong></span> <span class='ocrx_word' id='word_1_637' title='bbox 2868 3617 2972 3680; x_wconf 86' lang='lat' dir='ltr'><strong>ais,</strong></span> <span class='ocrx_word' id='word_1_638' title='bbox 3032 3620 3223 3675; x_wconf 82' lang='lat' dir='ltr'><strong>eadem</strong></span> <span class='ocrx_word' id='word_1_639' title='bbox 3273 3631 3439 3692; x_wconf 88' lang='lat' dir='ltr'><strong>atque</strong></span> 
     </span>
    </p>
   </div>
   <div class='ocr_carea' id='block_1_94' title="bbox 1862 3700 3434 3780">
    <p class='ocr_par' dir='ltr' id='par_1_94' title="bbox 1862 3700 3434 3780">
     <span class='ocr_line' id='line_1_94' title="bbox 1862 3700 3434 3780; baseline 0.009 -25"><span class='ocrx_word' id='word_1_640' title='bbox 1862 3700 2045 3756; x_wconf 85' lang='lat' dir='ltr'><strong>Latini</strong></span> <span class='ocrx_word' id='word_1_641' title='bbox 2086 3703 2359 3759; x_wconf 90' lang='lat' dir='ltr'><strong>sentiunt.</strong></span> <span class='ocrx_word' id='word_1_642' title='bbox 2403 3704 2629 3774; x_wconf 77' lang='lat' dir='ltr'><strong>Explica</strong></span> <span class='ocrx_word' id='word_1_643' title='bbox 2670 3721 2799 3778; x_wconf 76' lang='lat' dir='ltr'><strong>ergo</strong></span> <span class='ocrx_word' id='word_1_644' title='bbox 2833 3708 2968 3761; x_wconf 87' lang='lat' dir='ltr'><strong>mihi</strong></span> <span class='ocrx_word' id='word_1_645' title='bbox 3010 3713 3141 3780; x_wconf 91' lang='lat' dir='ltr'><strong>quid</strong></span> <span class='ocrx_word' id='word_1_646' title='bbox 3180 3713 3434 3779; x_wconf 88' lang='lat' dir='ltr'><strong>innnant,</strong></span> 
     </span>
    </p>
   </div>
   <div class='ocr_carea' id='block_1_95' title="bbox 1860 3796 3438 3872">
    <p class='ocr_par' dir='ltr' id='par_1_95' title="bbox 1860 3796 3438 3872">
     <span class='ocr_line' id='line_1_95' title="bbox 1860 3796 3438 3872; baseline 0.01 -25"><span class='ocrx_word' id='word_1_647' title='bbox 1860 3809 1981 3863; x_wconf 75' lang='lat' dir='ltr'><strong>quae</strong></span> <span class='ocrx_word' id='word_1_648' title='bbox 2021 3796 2183 3851; x_wconf 79' lang='lat' dir='ltr'><strong>modo</strong></span> <span class='ocrx_word' id='word_1_649' title='bbox 2211 3798 2455 3860; x_wconf 88' lang='lat' dir='ltr'><strong>asseris;</strong></span> <span class='ocrx_word' id='word_1_650' title='bbox 2514 3813 2641 3852; x_wconf 89' lang='lat' dir='ltr'><strong>nam</strong></span> <span class='ocrx_word' id='word_1_651' title='bbox 2694 3799 2969 3870; x_wconf 87' lang='lat' dir='ltr'><strong>sibiipsis</strong></span> <span class='ocrx_word' id='word_1_652' title='bbox 3002 3804 3182 3872; x_wconf 82' lang='lat' dir='ltr'><strong>palam</strong></span> <span class='ocrx_word' id='word_1_653' title='bbox 3242 3806 3438 3862; x_wconf 79' lang='lat' dir='ltr'><strong>adver-</strong></span> 
     </span>
    </p>
   </div>
   <div class='ocr_carea' id='block_1_96' title="bbox 1860 3897 2079 3943">
    <p class='ocr_par' dir='ltr' id='par_1_96' title="bbox 1860 3897 2079 3943">
     <span class='ocr_line' id='line_1_96' title="bbox 1860 3897 2079 3943; baseline -0.005 0"><span class='ocrx_word' id='word_1_654' title='bbox 1860 3897 2079 3943; x_wconf 67' lang='lat' dir='ltr'><strong>bantur.</strong></span> 
     </span>
    </p>
   </div>
   <div class='ocr_carea' id='block_1_97' title="bbox 1930 3979 3181 4050">
    <p class='ocr_par' dir='ltr' id='par_1_97' title="bbox 1930 3979 3181 4050">
     <span class='ocr_line' id='line_1_97' title="bbox 1930 3979 3181 4050; baseline 0.009 -16"><span class='ocrx_word' id='word_1_655' title='bbox 1930 3979 2095 4035; x_wconf 84' lang='lat' dir='ltr'><strong>Rhac.</strong></span> <span class='ocrx_word' id='word_1_656' title='bbox 2131 3982 2209 4036; x_wconf 84' lang='lat' dir='ltr'><strong>ita</strong></span> <span class='ocrx_word' id='word_1_657' title='bbox 2244 3992 2428 4038; x_wconf 88' lang='lat' dir='ltr'><strong>actum</strong></span> <span class='ocrx_word' id='word_1_658' title='bbox 2463 3991 2583 4050; x_wconf 83' lang='lat' dir='ltr'><strong>est;</strong></span> <span class='ocrx_word' id='word_1_659' title='bbox 2618 3994 2671 4040; x_wconf 85' lang='lat' dir='ltr'><strong>et</strong></span> <span class='ocrx_word' id='word_1_660' title='bbox 2702 3986 2776 4039; x_wconf 89' lang='lat' dir='ltr'><strong>ita</strong></span> <span class='ocrx_word' id='word_1_661' title='bbox 2805 3987 2903 4041; x_wconf 89' lang='lat' dir='ltr'><strong>tibi</strong></span> <span class='ocrx_word' id='word_1_662' title='bbox 2933 3993 3181 4045; x_wconf 87' lang='lat' dir='ltr'><strong>enuntio.</strong></span> 
     </span>
    </p>
   </div>
   <div class='ocr_carea' id='block_1_98' title="bbox 1930 4072 3439 4154">
    <p class='ocr_par' dir='ltr' id='par_1_98' title="bbox 1930 4072 3439 4154">
     <span class='ocr_line' id='line_1_98' title="bbox 1930 4072 3439 4154; baseline 0.013 -29"><span class='ocrx_word' id='word_1_663' title='bbox 1930 4072 2050 4127; x_wconf 86' lang='lat' dir='ltr'><strong>Dic.</strong></span> <span class='ocrx_word' id='word_1_664' title='bbox 2089 4072 2303 4129; x_wconf 84' lang='lat' dir='ltr'><strong>Veritas</strong></span> <span class='ocrx_word' id='word_1_665' title='bbox 2334 4078 2602 4132; x_wconf 86' lang='lat' dir='ltr'><strong>edicenda</strong></span> <span class='ocrx_word' id='word_1_666' title='bbox 2639 4088 2746 4144; x_wconf 90' lang='lat' dir='ltr'><strong>est,</strong></span> <span class='ocrx_word' id='word_1_667' title='bbox 2795 4090 2851 4135; x_wconf 93' lang='lat' dir='ltr'><strong>et</strong></span> <span class='ocrx_word' id='word_1_668' title='bbox 2897 4096 3005 4136; x_wconf 90' lang='lat' dir='ltr'><strong>non</strong></span> <span class='ocrx_word' id='word_1_669' title='bbox 3036 4100 3098 4138; x_wconf 84' lang='lat' dir='ltr'><strong>ea</strong></span> <span class='ocrx_word' id='word_1_670' title='bbox 3129 4100 3251 4154; x_wconf 72' lang='lat' dir='ltr'><strong>qua:</strong></span> <span class='ocrx_word' id='word_1_671' title='bbox 3307 4099 3439 4144; x_wconf 82' lang='lat' dir='ltr'><strong>sunt</strong></span> 
     </span>
    </p>
   </div>
   <div class='ocr_carea' id='block_1_99' title="bbox 1860 4168 3439 4248">
    <p class='ocr_par' dir='ltr' id='par_1_99' title="bbox 1860 4168 3439 4248">
     <span class='ocr_line' id='line_1_99' title="bbox 1860 4168 3439 4248; baseline 0.01 -29"><span class='ocrx_word' id='word_1_672' title='bbox 1860 4168 2064 4236; x_wconf 87' lang='lat' dir='ltr'><strong>proprii</strong></span> <span class='ocrx_word' id='word_1_673' title='bbox 2098 4170 2401 4239; x_wconf 85' lang='lat' dir='ltr'><strong>appetitus,</strong></span> <span class='ocrx_word' id='word_1_674' title='bbox 2440 4186 2563 4240; x_wconf 72' lang='lat' dir='ltr'><strong>qua:</strong></span> <span class='ocrx_word' id='word_1_675' title='bbox 2596 4188 2700 4228; x_wconf 89' lang='lat' dir='ltr'><strong>nec</strong></span> <span class='ocrx_word' id='word_1_676' title='bbox 2726 4173 3096 4231; x_wconf 89' lang='lat' dir='ltr'><strong>demonstrari</strong></span> <span class='ocrx_word' id='word_1_677' title='bbox 3128 4190 3360 4248; x_wconf 83' lang='lat' dir='ltr'><strong>queunt.</strong></span> <span class='ocrx_word' id='word_1_678' title='bbox 3383 4193 3439 4237; x_wconf 89' lang='lat' dir='ltr'><strong>et</strong></span> 
     </span>
    </p>
   </div>
   <div class='ocr_carea' id='block_1_100' title="bbox 1860 4256 2952 4329">
    <p class='ocr_par' dir='ltr' id='par_1_100' title="bbox 1860 4256 2952 4329">
     <span class='ocr_line' id='line_1_100' title="bbox 1860 4256 2952 4329; baseline 0.009 -20"><span class='ocrx_word' id='word_1_679' title='bbox 1860 4256 2177 4313; x_wconf 83' lang='lat' dir='ltr'><strong>hominibus</strong></span> <span class='ocrx_word' id='word_1_680' title='bbox 2210 4260 2578 4315; x_wconf 82' lang='lat' dir='ltr'><strong>exsecranilia</strong></span> <span class='ocrx_word' id='word_1_681' title='bbox 2612 4263 2952 4329; x_wconf 88' lang='lat' dir='ltr'><strong>judicantur.</strong></span> 
     </span>
    </p>
   </div>
   <div class='ocr_carea' id='block_1_101' title="bbox 1933 4345 3433 4428">
    <p class='ocr_par' dir='ltr' id='par_1_101' title="bbox 1933 4345 3433 4428">
     <span class='ocr_line' id='line_1_101' title="bbox 1933 4345 3433 4428; baseline 0.013 -27"><span class='ocrx_word' id='word_1_682' title='bbox 1933 4345 2088 4403; x_wconf 80' lang='lat' dir='ltr'><strong>Pius.</strong></span> <span class='ocrx_word' id='word_1_683' title='bbox 2148 4346 2578 4415; x_wconf 78' lang='lat' dir='ltr'><strong>Remanserunt,</strong></span> <span class='ocrx_word' id='word_1_684' title='bbox 2630 4354 2838 4423; x_wconf 88' lang='lat' dir='ltr'><strong>inquis,</strong></span> <span class='ocrx_word' id='word_1_685' title='bbox 2871 4366 2927 4410; x_wconf 90' lang='lat' dir='ltr'><strong>et</strong></span> <span class='ocrx_word' id='word_1_686' title='bbox 2979 4359 3205 4428; x_wconf 89' lang='lat' dir='ltr'><strong>quidam</strong></span> <span class='ocrx_word' id='word_1_687' title='bbox 3256 4363 3433 4419; x_wconf 69' lang='grc' dir='ltr'><strong>(ἱεωεί</strong></span> 
     </span>
    </p>
   </div>
   <div class='ocr_carea' id='block_1_102' title="bbox 1860 4439 2756 4501">
    <p class='ocr_par' dir='ltr' id='par_1_102' title="bbox 1860 4439 2756 4501">
     <span class='ocr_line' id='line_1_102' title="bbox 1860 4439 2756 4501; baseline 0.008 -8"><span class='ocrx_word' id='word_1_688' title='bbox 1860 4439 2179 4495; x_wconf 89' lang='lat' dir='ltr'><strong>Latinorum</strong></span> <span class='ocrx_word' id='word_1_689' title='bbox 2213 4444 2497 4498; x_wconf 70' lang='lat' dir='ltr'><strong>sententia:</strong></span> <span class='ocrx_word' id='word_1_690' title='bbox 2526 4446 2756 4501; x_wconf 87' lang='lat' dir='ltr'><strong>addicti.</strong></span> 
     </span>
    </p>
   </div>
   <div class='ocr_carea' id='block_1_103' title="bbox 1790 4531 2335 4590">
    <p class='ocr_par' dir='ltr' id='par_1_103' title="bbox 1790 4531 2335 4590">
     <span class='ocr_line' id='line_1_103' title="bbox 1790 4531 2335 4590; baseline 0.006 -3"><span class='ocrx_word' id='word_1_691' title='bbox 1790 4531 1836 4587; x_wconf 78' lang='grc' dir='ltr'><strong>ι)</strong></span> <span class='ocrx_word' id='word_1_692' title='bbox 1934 4531 2105 4590; x_wconf 82' lang='lat' dir='ltr'><strong>Rhac.</strong></span> <span class='ocrx_word' id='word_1_693' title='bbox 2145 4533 2335 4590; x_wconf 87' lang='lat' dir='ltr'><strong>Plane.</strong></span> 
     </span>
    </p>
   </div>
   <div class='ocr_carea' id='block_1_104' title="bbox 248 4627 1833 4701">
    <p class='ocr_par' dir='ltr' id='par_1_104' title="bbox 248 4627 1833 4701">
     <span class='ocr_line' id='line_1_104' title="bbox 248 4627 1833 4701; baseline -0.004 -14"><span class='ocrx_word' id='word_1_694' title='bbox 248 4635 397 4691; x_wconf 69' lang='grc' dir='ltr'><strong>Εῠλ.</strong></span> <span class='ocrx_word' id='word_1_695' title='bbox 444 4632 533 4683; x_wconf 80' lang='grc' dir='ltr'><strong>Ἐν</strong></span> <span class='ocrx_word' id='word_1_696' title='bbox 561 4631 672 4701; x_wconf 68' lang='grc' dir='ltr'>γὰρ</span> <span class='ocrx_word' id='word_1_697' title='bbox 730 4628 904 4699; x_wconf 85' lang='grc' dir='ltr'>τούτῳ</span> <span class='ocrx_word' id='word_1_698' title='bbox 957 4627 1275 4699; x_wconf 84' lang='grc' dir='ltr'>θαυμαστόν</span> <span class='ocrx_word' id='word_1_699' title='bbox 1330 4629 1515 4693; x_wconf 83' lang='grc' dir='ltr'>ἐστιν,</span> <span class='ocrx_word' id='word_1_700' title='bbox 1564 4628 1647 4681; x_wconf 82' lang='grc' dir='ltr'>ὅτι</span> <span class='ocrx_word' id='word_1_701' title='bbox 1701 4627 1751 4680; x_wconf 76' lang='grc' dir='ltr'>οξ</span> <span class='ocrx_word' id='word_1_702' title='bbox 1827 4630 1833 4637; x_wconf 87' lang='grc'><em>’</em></span> 
     </span>
    </p>
   </div>
   <div class='ocr_carea' id='block_1_105' title="bbox 1930 4625 3432 4709">
    <p class='ocr_par' dir='ltr' id='par_1_105' title="bbox 1930 4625 3432 4709">
     <span class='ocr_line' id='line_1_105' title="bbox 1930 4625 3432 4709; baseline 0.011 -30"><span class='ocrx_word' id='word_1_703' title='bbox 1930 4625 2085 4681; x_wconf 85' lang='lat' dir='ltr'><strong>Pius.</strong></span> <span class='ocrx_word' id='word_1_704' title='bbox 2118 4627 2178 4681; x_wconf 87' lang='lat' dir='ltr'><strong>In</strong></span> <span class='ocrx_word' id='word_1_705' title='bbox 2222 4628 2328 4683; x_wconf 90' lang='lat' dir='ltr'><strong>hoc</strong></span> <span class='ocrx_word' id='word_1_706' title='bbox 2376 4629 2739 4687; x_wconf 88' lang='lat' dir='ltr'><strong>admiratione</strong></span> <span class='ocrx_word' id='word_1_707' title='bbox 2774 4633 2998 4701; x_wconf 79' lang='lat' dir='ltr'><strong>dignum</strong></span> <span class='ocrx_word' id='word_1_708' title='bbox 3049 4648 3156 4701; x_wconf 87' lang='lat' dir='ltr'><strong>est,</strong></span> <span class='ocrx_word' id='word_1_709' title='bbox 3188 4638 3432 4709; x_wconf 79' lang='lat' dir='ltr'><strong>Grzncos,</strong></span> 
     </span>
    </p>
   </div>
   <div class='ocr_carea' id='block_1_106' title="bbox 1859 4720 3436 4800">
    <p class='ocr_par' dir='ltr' id='par_1_106' title="bbox 1859 4720 3436 4800">
     <span class='ocr_line' id='line_1_106' title="bbox 1859 4720 3436 4800; baseline 0.01 -26"><span class='ocrx_word' id='word_1_710' title='bbox 1859 4720 2127 4789; x_wconf 75' lang='lat' dir='ltr'><strong>neglectis</strong></span> <span class='ocrx_word' id='word_1_711' title='bbox 2148 4721 2382 4787; x_wconf 74' lang='lat' dir='ltr'><strong>Grmcis,</strong></span> <span class='ocrx_word' id='word_1_712' title='bbox 2401 4721 2722 4777; x_wconf 83' lang='lat' dir='ltr'><strong>Latinorum</strong></span> <span class='ocrx_word' id='word_1_713' title='bbox 2745 4741 2804 4781; x_wconf 87' lang='lat' dir='ltr'><strong>se</strong></span> <span class='ocrx_word' id='word_1_714' title='bbox 2826 4730 3112 4783; x_wconf 65' lang='lat' dir='ltr'><strong>sententiae</strong></span> <span class='ocrx_word' id='word_1_715' title='bbox 3134 4732 3436 4800; x_wconf 82' lang='lat' dir='ltr'><strong>addixisse,</strong></span> 
     </span>
    </p>
   </div>
   <div class='ocr_carea' id='block_1_107' title="bbox 1859 4813 3438 4884">
    <p class='ocr_par' dir='ltr' id='par_1_107' title="bbox 1859 4813 3438 4884">
     <span class='ocr_line' id='line_1_107' title="bbox 1859 4813 3438 4884; baseline 0.009 -19"><span class='ocrx_word' id='word_1_716' title='bbox 1859 4813 1914 4866; x_wconf 89' lang='lat' dir='ltr'><strong>in</strong></span> <span class='ocrx_word' id='word_1_717' title='bbox 1958 4830 2132 4883; x_wconf 86' lang='lat' dir='ltr'><strong>eaque</strong></span> <span class='ocrx_word' id='word_1_718' title='bbox 2164 4830 2569 4884; x_wconf 82' lang='lat' dir='ltr'><strong>perseverasse.</strong></span> <span class='ocrx_word' id='word_1_719' title='bbox 2608 4816 2665 4871; x_wconf 90' lang='lat' dir='ltr'><strong>Si</strong></span> <span class='ocrx_word' id='word_1_720' title='bbox 2708 4818 2978 4874; x_wconf 77' lang='lat' dir='ltr'><strong>adversus</strong></span> <span class='ocrx_word' id='word_1_721' title='bbox 3015 4820 3238 4877; x_wconf 88' lang='lat' dir='ltr'><strong>Latinos</strong></span> <span class='ocrx_word' id='word_1_722' title='bbox 3294 4826 3438 4880; x_wconf 89' lang='lat' dir='ltr'><strong>actio</strong></span> 
     </span>
    </p>
   </div>
   <div class='ocr_carea' id='block_1_108' title="bbox 1860 4904 3437 4974">
    <p class='ocr_par' dir='ltr' id='par_1_108' title="bbox 1860 4904 3437 4974">
     <span class='ocr_line' id='line_1_108' title="bbox 1860 4904 3437 4974; baseline 0.01 -16"><span class='ocrx_word' id='word_1_723' title='bbox 1860 4904 1952 4958; x_wconf 87' lang='lat' dir='ltr'><strong>illa</strong></span> <span class='ocrx_word' id='word_1_724' title='bbox 1997 4914 2216 4974; x_wconf 87' lang='lat' dir='ltr'><strong>peracta</strong></span> <span class='ocrx_word' id='word_1_725' title='bbox 2244 4914 2356 4970; x_wconf 81' lang='lat' dir='ltr'><strong>‘est,</strong></span> <span class='ocrx_word' id='word_1_726' title='bbox 2394 4916 2454 4959; x_wconf 93' lang='lat' dir='ltr'><strong>ut</strong></span> <span class='ocrx_word' id='word_1_727' title='bbox 2483 4918 2645 4961; x_wconf 85' lang='lat' dir='ltr'><strong>antea</strong></span> <span class='ocrx_word' id='word_1_728' title='bbox 2681 4909 2910 4964; x_wconf 76' lang='lat' dir='ltr'><strong>dixisti:</strong></span> <span class='ocrx_word' id='word_1_729' title='bbox 2965 4913 3033 4965; x_wconf 79' lang='lat' dir='ltr'><strong>et&#39;</strong></span> <span class='ocrx_word' id='word_1_730' title='bbox 3073 4915 3437 4973; x_wconf 84' lang='lat' dir='ltr'><strong>nihilominus</strong></span> 
     </span>
    </p>
   </div>
   <div class='ocr_carea' id='block_1_109' title="bbox 1861 4993 3438 5075">
    <p class='ocr_par' dir='ltr' id='par_1_109' title="bbox 1861 4993 3438 5075">
     <span class='ocr_line' id='line_1_109' title="bbox 1861 4993 3438 5075; baseline 0.01 -28"><span class='ocrx_word' id='word_1_731' title='bbox 1861 4993 1939 5049; x_wconf 75' lang='lat' dir='ltr'><strong>illi</strong></span> <span class='ocrx_word' id='word_1_732' title='bbox 1973 4997 2292 5065; x_wconf 73' lang='lat' dir='ltr'><strong>pervicaces</strong></span> <span class='ocrx_word' id='word_1_733' title='bbox 2356 5010 2411 5053; x_wconf 87' lang='lat' dir='ltr'><strong>ct</strong></span> <span class='ocrx_word' id='word_1_734' title='bbox 2458 5001 2725 5069; x_wconf 88' lang='lat' dir='ltr'><strong>propositi</strong></span> <span class='ocrx_word' id='word_1_735' title='bbox 2778 5003 2864 5056; x_wconf 90' lang='lat' dir='ltr'><strong>sui</strong></span> <span class='ocrx_word' id='word_1_736' title='bbox 2924 5012 3148 5061; x_wconf 88' lang='lat' dir='ltr'><strong>tenaces</strong></span> <span class='ocrx_word' id='word_1_737' title='bbox 3202 5018 3353 5075; x_wconf 88' lang='lat' dir='ltr'><strong>sunt,</strong></span> <span class='ocrx_word' id='word_1_738' title='bbox 3384 5022 3438 5063; x_wconf 83' lang='lat' dir='ltr'><strong>ct</strong></span> 
     </span>
    </p>
   </div>
   <div class='ocr_carea' id='block_1_110' title="bbox 1862 5088 3438 5165">
    <p class='ocr_par' dir='ltr' id='par_1_110' title="bbox 1862 5088 3438 5165">
     <span class='ocr_line' id='line_1_110' title="bbox 1862 5088 3438 5165; baseline 0.008 -23"><span class='ocrx_word' id='word_1_739' title='bbox 1862 5088 2265 5156; x_wconf 81' lang='lat' dir='ltr'><strong>superstitiosi.</strong></span> <span class='ocrx_word' id='word_1_740' title='bbox 2326 5089 2502 5144; x_wconf 85' lang='lat' dir='ltr'><strong>Nemo</strong></span> <span class='ocrx_word' id='word_1_741' title='bbox 2552 5097 2696 5153; x_wconf 87' lang='lat' dir='ltr'><strong>enim</strong></span> <span class='ocrx_word' id='word_1_742' title='bbox 2748 5094 2859 5148; x_wconf 87' lang='lat' dir='ltr'><strong>illis</strong></span> <span class='ocrx_word' id='word_1_743' title='bbox 2893 5096 3016 5165; x_wconf 68' lang='lat' dir='ltr'><strong>qua:</strong></span> <span class='ocrx_word' id='word_1_744' title='bbox 3064 5106 3282 5162; x_wconf 86' lang='lat' dir='ltr'><strong>contra,</strong></span> <span class='ocrx_word' id='word_1_745' title='bbox 3340 5102 3438 5154; x_wconf 69' lang='lat' dir='ltr'><strong>sed</strong></span> 
     </span>
    </p>
   </div>
   <div class='ocr_carea' id='block_1_111' title="bbox 1861 5181 3436 5254">
    <p class='ocr_par' dir='ltr' id='par_1_111' title="bbox 1861 5181 3436 5254">
     <span class='ocr_line' id='line_1_111' title="bbox 1861 5181 3436 5254; baseline 0.006 -20"><span class='ocrx_word' id='word_1_746' title='bbox 1861 5181 1973 5234; x_wconf 89' lang='lat' dir='ltr'><strong>illis</strong></span> <span class='ocrx_word' id='word_1_747' title='bbox 2005 5195 2127 5250; x_wconf 67' lang='lat' dir='ltr'><strong>quae</strong></span> <span class='ocrx_word' id='word_1_748' title='bbox 2186 5196 2284 5248; x_wconf 84' lang='lat' dir='ltr'><strong>pro</strong></span> <span class='ocrx_word' id='word_1_749' title='bbox 2320 5184 2536 5251; x_wconf 85' lang='lat' dir='ltr'><strong>synodo</strong></span> <span class='ocrx_word' id='word_1_750' title='bbox 2567 5193 2723 5246; x_wconf 86' lang='lat' dir='ltr'><strong>sunt,</strong></span> <span class='ocrx_word' id='word_1_751' title='bbox 2762 5201 2919 5254; x_wconf 71' lang='lat' dir='ltr'><strong>aequo</strong></span> <span class='ocrx_word' id='word_1_752' title='bbox 2956 5187 3141 5243; x_wconf 83' lang='lat' dir='ltr'><strong>animo</strong></span> <span class='ocrx_word' id='word_1_753' title='bbox 3198 5204 3436 5245; x_wconf 84' lang='lat' dir='ltr'><strong>mentem</strong></span> 
     </span>
    </p>
   </div>
   <div class='ocr_carea' id='block_1_112' title="bbox 1863 5271 3438 5349">
    <p class='ocr_par' dir='ltr' id='par_1_112' title="bbox 1863 5271 3438 5349">
     <span class='ocr_line' id='line_1_112' title="bbox 1863 5271 3438 5349; baseline 0.004 -22"><span class='ocrx_word' id='word_1_754' title='bbox 1863 5274 2125 5342; x_wconf 87' lang='lat' dir='ltr'><strong>applicat.</strong></span> <span class='ocrx_word' id='word_1_755' title='bbox 2162 5271 2298 5326; x_wconf 84' lang='lat' dir='ltr'><strong>Nam</strong></span> <span class='ocrx_word' id='word_1_756' title='bbox 2334 5273 2381 5328; x_wconf 91' lang='lat' dir='ltr'><strong>si</strong></span> <span class='ocrx_word' id='word_1_757' title='bbox 2419 5288 2519 5343; x_wconf 90' lang='lat' dir='ltr'><strong>pro</strong></span> <span class='ocrx_word' id='word_1_758' title='bbox 2550 5272 2759 5329; x_wconf 68' lang='lat' dir='ltr'><strong>Graecis</strong></span> <span class='ocrx_word' id='word_1_759' title='bbox 2786 5274 3003 5343; x_wconf 79' lang='lat' dir='ltr'><strong>luisset,</strong></span> <span class='ocrx_word' id='word_1_760' title='bbox 3054 5295 3334 5349; x_wconf 88' lang='lat' dir='ltr'><strong>nunquam</strong></span> <span class='ocrx_word' id='word_1_761' title='bbox 3369 5285 3438 5334; x_wconf 90' lang='lat' dir='ltr'><strong>ab</strong></span> 
     </span>
    </p>
   </div>
   <div class='ocr_carea' id='block_1_113' title="bbox 1862 5364 3438 5439">
    <p class='ocr_par' dir='ltr' id='par_1_113' title="bbox 1862 5364 3438 5439">
     <span class='ocr_line' id='line_1_113' title="bbox 1862 5364 3438 5439; baseline 0.002 -18"><span class='ocrx_word' id='word_1_762' title='bbox 1862 5366 1966 5421; x_wconf 87' lang='lat' dir='ltr'><strong>illis</strong></span> <span class='ocrx_word' id='word_1_763' title='bbox 1993 5364 2191 5428; x_wconf 66' lang='lat' dir='ltr'><strong>(li-ieci,</strong></span> <span class='ocrx_word' id='word_1_764' title='bbox 2225 5368 2320 5419; x_wconf 85' lang='lat' dir='ltr'><strong>sed</strong></span> <span class='ocrx_word' id='word_1_765' title='bbox 2355 5365 2532 5419; x_wconf 87' lang='lat' dir='ltr'><strong>Latini</strong></span> <span class='ocrx_word' id='word_1_766' title='bbox 2562 5382 2593 5421; x_wconf 88' lang='lat' dir='ltr'><strong>a</strong></span> <span class='ocrx_word' id='word_1_767' title='bbox 2622 5366 2832 5422; x_wconf 74' lang='lat' dir='ltr'><strong>Grzncis</strong></span> <span class='ocrx_word' id='word_1_768' title='bbox 2870 5380 3289 5439; x_wconf 89' lang='lat' dir='ltr'><strong>separarentur.</strong></span> <span class='ocrx_word' id='word_1_769' title='bbox 3325 5375 3438 5427; x_wconf 86' lang='lat' dir='ltr'><strong>imo</strong></span> 
     </span>
    </p>
   </div>
   <div class='ocr_carea' id='block_1_114' title="bbox 1860 5459 3435 5535">
    <p class='ocr_par' dir='ltr' id='par_1_114' title="bbox 1860 5459 3435 5535">
     <span class='ocr_line' id='line_1_114' title="bbox 1860 5459 3435 5535; baseline 0.004 -22"><span class='ocrx_word' id='word_1_770' title='bbox 1860 5476 1924 5514; x_wconf 88' lang='lat' dir='ltr'><strong>ex</strong></span> <span class='ocrx_word' id='word_1_771' title='bbox 1955 5462 2057 5512; x_wconf 90' lang='lat' dir='ltr'><strong>boc</strong></span> <span class='ocrx_word' id='word_1_772' title='bbox 2081 5472 2339 5512; x_wconf 85' lang='lat' dir='ltr'><strong>sermone</strong></span> <span class='ocrx_word' id='word_1_773' title='bbox 2364 5459 2547 5527; x_wconf 88' lang='lat' dir='ltr'><strong>potius</strong></span> <span class='ocrx_word' id='word_1_774' title='bbox 2569 5460 2883 5514; x_wconf 83' lang='lat' dir='ltr'><strong>ostenditur</strong></span> <span class='ocrx_word' id='word_1_775' title='bbox 2918 5464 3191 5518; x_wconf 87' lang='lat' dir='ltr'><strong>actionem</strong></span> <span class='ocrx_word' id='word_1_776' title='bbox 3244 5468 3435 5535; x_wconf 84' lang='lat' dir='ltr'><strong>synodi</strong></span> 
     </span>
    </p>
   </div>
   <div class='ocr_carea' id='block_1_115' title="bbox 1861 5549 3438 5624">
    <p class='ocr_par' dir='ltr' id='par_1_115' title="bbox 1861 5549 3438 5624">
     <span class='ocr_line' id='line_1_115' title="bbox 1861 5549 3438 5624; baseline 0.004 -18"><span class='ocrx_word' id='word_1_777' title='bbox 1861 5552 2014 5607; x_wconf 88' lang='lat' dir='ltr'><strong>illius</strong></span> <span class='ocrx_word' id='word_1_778' title='bbox 2054 5550 2270 5605; x_wconf 82' lang='lat' dir='ltr'><strong>Latinis</strong></span> <span class='ocrx_word' id='word_1_779' title='bbox 2324 5549 2570 5615; x_wconf 78' lang='lat' dir='ltr'><strong>favisse,</strong></span> <span class='ocrx_word' id='word_1_780' title='bbox 2627 5565 3031 5624; x_wconf 81' lang='lat' dir='ltr'><strong>proptereaque</strong></span> <span class='ocrx_word' id='word_1_781' title='bbox 3088 5555 3306 5611; x_wconf 66' lang='lat' dir='ltr'><strong>Graecos</strong></span> <span class='ocrx_word' id='word_1_782' title='bbox 3368 5561 3438 5612; x_wconf 90' lang='lat' dir='ltr'><strong>ab</strong></span> 
     </span>
    </p>
   </div>
   <div class='ocr_carea' id='block_1_116' title="bbox 1862 5644 3439 5720">
    <p class='ocr_par' dir='ltr' id='par_1_116' title="bbox 1862 5644 3439 5720">
     <span class='ocr_line' id='line_1_116' title="bbox 1862 5644 3439 5720; baseline 0.001 -18"><span class='ocrx_word' id='word_1_783' title='bbox 1862 5649 1973 5702; x_wconf 92' lang='lat' dir='ltr'><strong>illis</strong></span> <span class='ocrx_word' id='word_1_784' title='bbox 2023 5644 2261 5706; x_wconf 85' lang='lat' dir='ltr'><strong>divisos,</strong></span> <span class='ocrx_word' id='word_1_785' title='bbox 2315 5661 2442 5698; x_wconf 91' lang='lat' dir='ltr'><strong>cum</strong></span> <span class='ocrx_word' id='word_1_786' title='bbox 2496 5645 2715 5699; x_wconf 85' lang='lat' dir='ltr'><strong>illorum</strong></span> <span class='ocrx_word' id='word_1_787' title='bbox 2778 5649 3037 5703; x_wconf 82' lang='lat' dir='ltr'><strong>unionem</strong></span> <span class='ocrx_word' id='word_1_788' title='bbox 3089 5664 3439 5720; x_wconf 83' lang='lat' dir='ltr'><strong>respuerent,</strong></span> 
     </span>
    </p>
   </div>
   <div class='ocr_carea' id='block_1_117' title="bbox 1862 5736 3119 5805">
    <p class='ocr_par' dir='ltr' id='par_1_117' title="bbox 1862 5736 3119 5805">
     <span class='ocr_line' id='line_1_117' title="bbox 1862 5736 3119 5805; baseline 0.003 -12"><span class='ocrx_word' id='word_1_789' title='bbox 1862 5755 1962 5793; x_wconf 83' lang='lat' dir='ltr'><strong>nec</strong></span> <span class='ocrx_word' id='word_1_790' title='bbox 1996 5737 2202 5791; x_wconf 77' lang='lat' dir='ltr'><strong>vellent</strong></span> <span class='ocrx_word' id='word_1_791' title='bbox 2241 5736 2437 5805; x_wconf 90' lang='lat' dir='ltr'><strong>synodi</strong></span> <span class='ocrx_word' id='word_1_792' title='bbox 2478 5737 2759 5791; x_wconf 73' lang='lat' dir='ltr'><strong>decretum</strong></span> <span class='ocrx_word' id='word_1_793' title='bbox 2804 5741 3119 5797; x_wconf 87' lang='lat' dir='ltr'><strong>admittere.</strong></span> 
     </span>
    </p>
   </div>
   <div class='ocr_carea' id='block_1_118' title="bbox 1936 5828 3441 5906">
    <p class='ocr_par' dir='ltr' id='par_1_118' title="bbox 1936 5828 3441 5906">
     <span class='ocr_line' id='line_1_118' title="bbox 1936 5828 3441 5906; baseline 0.007 -23"><span class='ocrx_word' id='word_1_794' title='bbox 1936 5830 2055 5884; x_wconf 76' lang='lat' dir='ltr'><strong>Dic.</strong></span> <span class='ocrx_word' id='word_1_795' title='bbox 2104 5829 2411 5885; x_wconf 88' lang='lat' dir='ltr'><strong>Probabilis</strong></span> <span class='ocrx_word' id='word_1_796' title='bbox 2442 5828 2522 5884; x_wconf 85' lang='lat' dir='ltr'><strong>Pii</strong></span> <span class='ocrx_word' id='word_1_797' title='bbox 2555 5831 2787 5901; x_wconf 85' lang='lat' dir='ltr'><strong>hujusce</strong></span> <span class='ocrx_word' id='word_1_798' title='bbox 2829 5833 3005 5889; x_wconf 90' lang='lat' dir='ltr'><strong>oratio</strong></span> <span class='ocrx_word' id='word_1_799' title='bbox 3046 5844 3148 5900; x_wconf 81' lang='lat' dir='ltr'><strong>est,</strong></span> <span class='ocrx_word' id='word_1_800' title='bbox 3194 5838 3350 5906; x_wconf 70' lang='lat' dir='ltr'><strong>prosi</strong></span> <span class='ocrx_word' id='word_1_801' title='bbox 3377 5855 3441 5893; x_wconf 70' lang='lat' dir='ltr'><strong>ne</strong></span> 
     </span>
    </p>
   </div>
  </div>
