4164 6426
178 368 275 430 9Π

1096 376 1595 438 DlSCEFTATlO
1638 374 1784 432 PRO
1825 374 2014 433 CONC
2074 370 2443 431 FLORENT.

3301 355 3409 420 918

175 481 277 531 τῶν
312 484 555 534 Λατίνων
590 486 861 551 ἐδέξαντο.
892 488 1146 540 Ἔπεισιν
1168 484 1261 541 οὖν
1300 505 1390 555 μοι
1424 489 1524 539 κᾶν
1554 485 1726 553 τούτῳ

1844 483 2147 535 Latinorum
2181 477 2543 548 susceperint.
2580 475 2692 529 lloc
2734 486 2864 527 sane
2897 479 3091 539 prarter
3134 464 3234 519 alia
3299 466 3403 516 uii-

175 572 236 623 t1
273 572 498 625 πλεῖστα
535 574 860 645 θαυμάζειν.

247 664 409 720 Ῥακ.
446 666 511 719 Τί
541 670 667 738 περὶ
696 671 892 723 τούτου
923 671 1226 741 θαυμάζεις
1252 690 1265 735 ;

244 753 389 808 Εὐλ.
419 757 721 827 Θαυμάζω,
752 761 837 814 ὅτι
863 762 925 815 οὗ
954 764 1192 832 δύναμαι
1239 764 1575 827 συμϐιϐάσαι
1608 764 1732 823 τοὺς

174 847 474 919 ἡμετέρους
501 852 714 920 λόγους.

242 945 366 998 Arx.
426 947 536 999 Καὶ
589 948 808 1016 ἀληθῶς
855 951 1187 1020 ἀσυμφωνία
1230 952 1463 1021 μεγίστη
1494 952 1639 1003 ἐστὶν
1677 952 1734 1002 ἐν

172 1036 374 1100 αὐτοῖς.

252 1126 407 1183 Ῥακ.
456 1132 589 1186 Τίνα
624 1134 979 1204 ἁσυμερωνίαν
1019 1138 1075 1187 ἐν
1131 1140 1241 1197 τοῖς
1288 1137 1573 1208 ἡμετέροις
1604 1138 1736 1206 ὁρᾷς

170 1219 387 1286 λόγοιςς
421 1225 534 1277 Οὐκ
563 1224 708 1279 ἐστιν
732 1226 927 1291 οὕτως,
960 1230 1033 1291 ὡς
1065 1228 1239 1299 ἔφηνς

242 1310 390 1373 Et”.
449 1322 591 1391 Ὅρα
645 1325 706 1376 τὸ
766 1324 1111 1395 ἀξύμὸλητον
1167 1328 1262 1378 καὶ
1326 1328 1385 1378 τὸ
1480 1327 1735 1395 διάφορον

173 1411 284 1462 τῶν
328 1412 620 1483 ἡμετέρων
666 1416 863 1484 λόγων.
902 1417 1125 1487 Πρῶτον
1168 1418 1269 1486 μὲν
1319 1419 1478 1487 ἔφης.
1506 1420 1587 1471 ὅτι
1623 1419 1656 1487 ἡ
1682 1420 1736 1470 ὲν

169 1496 492 1568 Λουγδούνῳ
533 1502 748 1565 σύνοδος
782 1508 923 1558 κατὰ
946 1506 1190 1559 Λατίνων
1220 1502 1306 1577 ἦν,
1333 1510 1427 1561 καὶ
1467 1509 1549 1561 ὅτι
1586 1508 1736 1575 ἐμει-

169 1606 267 1640 ναν
303 1591 486 1644 πολλοὶ
518 1594 624 1647 τῶν
664 1597 919 1666 Γραικῶν
948 1601 1283 1669 φρονοῦντες
1332 1602 1398 1653 τὰ
1433 1602 1543 1653 τῶν
1574 1604 1737 1656 Auti-

170 1700 300 1747 νων,
336 1684 386 1737 οἳ
420 1690 517 1763 xui:
550 1689 810 1760 ἔφθειραν
860 1694 927 1746 τὰ
988 1693 1197 1762 βιϐλία,
1253 1692 1326 1761 μὴ
1377 1692 1735 1762 εὑρίσκεσθαι

169 1773 408 1842 βοῶντας
432 1778 528 1848 τὴν
563 1785 684 1835 κατ’
715 1783 894 1836 αὐτῶν
947 1786 1150 1854 κρίσιν’
1182 1782 1288 1839 εἶτ’
1322 1786 1484 1856 ἔφης,
1512 1787 1592 1839 ὃτι
1618 1788 1739 1853 sys-

168 1886 297 1923 νετο
343 1873 436 1925 καὶ
479 1874 616 1946 ἄλλη
675 1878 896 1942 σύνοδος
943 1881 1001 1931 ὲν
1041 1879 1616 1934 Κωνσταντινουπόλει
1670 1879 1738 1931 τὰ

168 1959 313 2012 αὐτὰ
342 1966 408 2049 τῇ
443 1965 501 2018 ὲν
548 1967 873 2037 Λουγδούνῳ
904 1970 999 2021 καὶ
1027 1968 1166 2041 αὕτη
1200 1971 1527 2041 φρονήσασά
1556 1987 1613 2023 τε
1645 1972 1739 2022 καὶ

166 2054 448 2120 πράξασα.
491 2061 585 2111 καὶ
640 2063 696 2113 ὲν
740 2062 878 2133 αὐτῇ
926 2062 1152 2131 ἔμειναν
1185 2065 1411 2132 Γραικοὶ
1442 2081 1589 2125 τινες
1628 2062 1736 2115 Λα-

164 2154 684 2221 τινοφρονήσαντες.
750 2158 861 2210 Καὶ
911 2157 1184 2211 τελευτῶν
1229 2158 1592 2229 ὡμολόγησας
1638 2158 1736 2226 τὴν

165 2246 225 2295 ὲν
278 2247 399 2307 ταῖς
454 2248 692 2317 ἡμέραις
746 2250 905 2319 ἡμῶν
948 2251 1253 2321 γενομένην
1304 2253 1363 2303 ἐν
1405 2251 1733 2320 Φλωρεντίᾳ,

161 2339 264 2390 καὶ
305 2339 478 2407 αὐτὴν
506 2342 573 2392 τὰ
620 2342 783 2411 ὅμοια
813 2346 932 2405 ταῖς
963 2344 1068 2414 πρὸ
1107 2345 1275 2413 αὐτῆς
1315 2345 1734 2413 ὲκφωνήςασαν,

162 2437 263 2485 καὶ
318 2432 519 2501 πλῆθος
569 2434 704 2487 πολὺ
757 2436 865 2489 τῶν
896 2436 1143 2507 Γραικῶν
1172 2438 1356 2507 ἔμεινε
1391 2438 1623 2509 φρονοῦν
1669 2439 1735 2490 τὰ

161 2526 266 2591 τῆς
301 2527 522 2579 συνόδου
552 2528 773 2597 ταύτης.
806 2529 930 2599 ἥτις
952 2532 1019 2585 τὰ
1047 2533 1155 2585 τῶν
1188 2532 1435 2585 Λατίνων
1460 2533 1734 2597 ἐδόξασεν.

166 2616 319 2683 Ὅρα
344 2612 438 2670 οὖν
466 2616 582 2681 πῶς
616 2636 706 2688 μοι
736 2619 1045 2688 θαυμάζειν
1078 2622 1261 2674 ἔπεισι
1307 2622 1418 2674 τῶν
1451 2623 1739 2691 ὑμετέρων

163 2711 367 2773 λόγων,
396 2713 476 2764 ὅτι
523 2715 584 2766 ού
620 2715 1089 2783 συμπεραίνουσιν
1142 2717 1338 2785 ἀληθῆ.
1394 2719 1578 2785 Ἔφης
1630 2720 1737 2788 γὰρ

160 2803 270 2866 τὴν
323 2802 377 2853 ὲν
438 2803 757 2872 Λουγδούνῳ
804 2806 1022 2859 σύνοδον
1087 2808 1228 2860 κατὰ
1269 2809 1516 2860 Λατίνων
1572 2807 1735 2872 εἶναι,

163 2890 269 2941 καὶ
309 2888 408 2958 τὴν
444 2893 501 2942 ὲν
554 2893 1133 2949 Κωνσταντινουπόλει
1158 2938 1173 2961 ,
1207 2899 1274 2951 τὰ
1314 2899 1451 2951 αὐτὰ
1500 2903 1566 2970 τῇ
1598 2901 1736 2971 αὐτῇ

162 2984 462 3049 λέγουσαν,
519 2980 639 3038 εἶτα
688 2987 764 3055 μὴ
814 2987 1119 3056 δυνάμενος
1166 2992 1263 3058 τὴν
1302 2995 1562 3061 ἀλήθειαν
1606 2996 1738 3063 κρύ-

159 3081 291 3145 ψαι,
330 3080 520 3151 ὥσπερ
538 3084 626 3134 τὸν
648 3083 840 3153 λύχνον
866 3086 972 3138 ὑπὸ
1000 3087 1091 3138 τὸν
1124 3088 1325 3155 μόδιον,
1363 3089 1484 3141 ἐπεὶ
1527 3092 1739 3161 φανερὰ

162 3176 328 3225 ἐστιν
362 3176 446 3243 (ὲν
493 3176 616 3235 ταῖς
669 3178 905 3246 ἡμέραις
956 3180 1062 3249 γὰρ
1108 3181 1265 3250 ήμῶν
1331 3184 1585 3249 ἐγένετο,
1647 3186 1813 3261 καις

158 3266 374 3327 πάντες
406 3266 811 3337 γινώσκουσιν),
838 3268 1198 3342 ὡμολόγησας
1226 3273 1375 3326 ἄκων
1412 3276 1506 3328 καὶ
1534 3277 1743 3346 ταύτην

156 3358 376 3426 δηλαδὴ
406 3360 506 3423 τὴν
550 3362 609 3413 ὲν
660 3360 975 3433 Φλωρεντία
1014 3367 1339 3437 γενομένην,
1378 3370 1444 3420 τὰ
1487 3370 1627 3422 αὐτὰ
1672 3372 1747 3423 el-

157 3455 389 3507 ποῦσαν
420 3458 537 3518 ταῖς
574 3457 679 3527 πρὸ
728 3459 922 3525 αὐτῆς.
966 3460 1101 3513 ’Λπὸ
1130 3461 1239 3513 τῶν
1289 3463 1398 3515 σῶν
1443 3466 1626 3518 τοίνυν
1658 3466 1746 3519 λόο

158 3564 286 3612 γων
324 3548 793 3617 συμπεραίνομεν,
818 3550 901 3603 ὅτι
935 3550 1089 3603 οὐδὲν
1114 3553 1312 3620 ἀληθὲς
1354 3554 1513 3622 ἔφης.
1542 3557 1602 3609 Ei
1639 3559 1746 3627 γὰρ

156 3638 270 3691 νῦν
319 3640 379 3690 ὲν
447 3641 515 3708 τῇ
563 3640 875 3712 Φλωρεντέᾳ
934 3641 1073 3713 ὑπὲρ
1148 3645 1399 3697 Λατίνων
1453 3648 1744 3717 ἐπράχθη,

154 3729 367 3798 ὥσπερ
416 3729 665 3797 φαίνεται
718 3733 1053 3803 διαρρήδην,
1091 3735 1156 3787 σὺ
1210 3734 1266 3787 δὲ
1320 3735 1487 3804 ἔφθης
1539 3738 1741 3801 εἰπὼν,

153 3826 250 3876 ὅτι
275 3825 344 3876 τὰ
380 3824 520 3876 αὐτὰ
574 3824 668 3877 καὶ
718 3823 858 3894 αὕτη
908 3829 973 3896 τῇ
1009 3828 1067 3879 ὲν
1110 3829 1434 3896 Λουγδούνῳ
1463 3833 1556 3882 καὶ
1587 3834 1652 3900 τῇ
1691 3834 1745 3884 ἐν

154 3920 754 3971 Κωνσταντινουπόλει
819 3918 1104 3989 ἔπραξεν,
1158 3921 1356 3974 ἕπεται
1428 3925 1744 3990 ἀναγκαίως

154 4011 323 4065 κατὰ
371 4010 433 4062 τὺ
479 4014 978 4082 συγκεχωρημένον
1028 4015 1178 4082 παρὰ
1232 4015 1349 4075 σοῦ.
1378 4018 1461 4069 ὅτι
1500 4018 1747 4071 κάκεῖναι

150 4102 321 4171 ὑπὲρ
354 4104 601 4156 Λατίνων
636 4099 796 4173 ἦσαν.
853 4104 952 4159 Διὰ
1008 4105 1172 4159 τοῦτο
1223 4110 1317 4160 καὶ
1346 4108 1467 4160 τότε
1526 4110 1619 4160 καὶ
1652 4108 1747 4159 νῦν

148 4196 480 4265 ὑπέμειναν
505 4199 554 4249 οἱ
587 4199 798 4250 συνετοὶ
827 4198 939 4252 ⁸τῶν
975 4198 1229 4267 Γραικῶν
1256 4204 1322 4270 τῇ
1348 4200 1579 4272 ἀληθεία
1610 4203 1747 4271 μετὰ

146 4290 281 4341 τῶν
316 4289 553 4341 συνόδων
603 4290 693 4341 καὶ
732 4291 839 4342 τῶν
869 4292 1116 4345 Λατίνων
1151 4293 1565 4361 ὁμολογοῦντες.

250 4382 427 4433 Ῥακ.
461 4380 744 4447 Ἔμειναν,
784 4381 997 4448 ἀληθῶς
1050 4381 1208 4450 ἔφης,
1252 4385 1419 4446 τινὲς,
1450 4384 1548 4434 οὐκ
1590 4385 1647 4435 ὲν
1680 4387 1743 4451 τῇ

1772 1830 1811 1885 Β

144 4471 311 4541 ὀρθῇ
352 4471 451 4537 τῆς
486 4473 722 4532 πίστεως
773 4472 1058 4543 ὁμολογία,
1101 4476 1167 4541 τῇ
1227 4475 1338 4526 τῶν
1388 4476 1633 4527 Λατίνων
1688 4476 1744 4527 δὲ

1838 592 1927 627 ror
1958 576 2212 628 maxime.

1913 666 2076 721 "hac.
2122 664 2261 731 Quid
2296 664 2437 718 istuc
2465 660 2661 714 mirum
2693 653 2950 711 videtur?

1910 758 2058 811 Pius.
2106 757 2349 812 Demiror
2396 755 2576 824 plane,
2626 751 2717 821 qui
2770 762 2983 819 nequeo
3031 756 3251 801 nostros
3305 742 3404 797 bos

1838 866 2118 905 sermones
2153 848 2504 905 concordare.

1912 947 2026 1002 Dic.
2063 947 2127 1000 Et
2158 963 2282 1002 vero
2314 947 2453 1001 inter
2494 960 2553 999 se
2594 941 2670 996 illi
2710 936 3127 1009 disjunetissimi
3158 942 3287 990 sunt
3346 941 3399 987 ct

1838 1042 2075 1094 maxime
2104 1040 2327 1093 diversi.

1906 1130 2070 1185 Rhac.
2095 1131 2268 1196 Quam
2290 1130 2708 1193 discrepantiam
2734 1124 2937 1179 nostris
2967 1124 3021 1176 in
3049 1119 3400 1176 sermonibus

1838 1223 2237 1289 appreltendis?
2264 1223 2456 1276 Annon
2492 1222 2563 1273 ita
2595 1228 2700 1280 est,
2733 1229 2788 1271 ut
2822 1216 2931 1271 dixi
2959 1217 2981 1269 ’ἶ

1910 1313 2060 1366 Pius.
2118 1316 2323 1369 Habeto
2358 1314 2452 1367 tibi
2496 1323 2712 1365 tuorum
2773 1324 3088 1363 sermonum
3133 1320 3402 1362 summam

1839 1408 2235 1461 dissensionem
2281 1423 2343 1461 ac
2385 1406 2827 1474 discrepantiam.
2877 1402 3118 1456 Primum
3183 1400 3400 1468 quidem

1838 1500 2124 1555 asset-nisti
2175 1498 2590 1568 Lugdunensem
2637 1497 2907 1569 synodum
2956 1504 3143 1548 contra
3183 1492 3409 1546 Latinos

1838 1604 2080 1647 coactam
2138 1594 2323 1653 fuisse.
2350 1603 2404 1648 et
2426 1609 2488 1647 ex
2521 1592 2720 1647 Crmeis
2750 1591 3037 1659 plerosque
3086 1585 3404 1639 Latinorum

1840 1688 2123 1742 sententize
2152 1704 2436 1743 assensum
2464 1686 2780 1755 prtebuisse,
2814 1684 2905 1754 qui
2937 1694 2990 1737 et
3018 1683 3184 1736 libros
3212 1695 3405 1733 corru-

1839 1791 2066 1851 perunt,
2110 1798 2175 1834 ne
2207 1788 2395 1835 contra
2441 1794 2537 1834 eos
2581 1780 2745 1832 latum
2788 1779 2839 1830 in
2893 1774 3102 1843 synodo
3138 1771 3404 1840 judicium

1844 1871 2211 1941 publicarent.
2246 1869 2515 1924 Addidisti
2549 1876 2599 1922 et
2630 1867 2787 1920 aliam
2826 1864 3091 1936 synodum
3138 1861 3408 1915 Constan-

1841 1964 2066 2032 tinopoli
2116 1964 2447 2019 celebratam
2484 1962 2672 2016 eadem
2702 2003 2717 2025 ,
2772 1974 2893 2025 qua:
2931 1966 2984 2010 et
3027 1952 3410 2022 Lugdunensis

1839 2057 2167 2112 sentientem
2224 2066 2278 2111 et
2300 2056 2692 2118 stabilientem,
2722 2054 2774 2107 in
2800 2052 2913 2121 ipsa
2945 2063 3162 2119 quoque
3192 2047 3415 2101 Graecos

1839 2148 2051 2204 Latinis
2088 2145 2697 2203 obseeundasse.Nnnc
2723 2145 2939 2199 demum
2984 2142 3164 2195 fassus
3186 2155 3265 2200 es,
3314 2153 3409 2192 no-

1838 2255 1952 2299 stro
1984 2243 2087 2298 hoc
2117 2240 2528 2295 arvoFlorentia:
2551 2239 2818 2310 synodum
2849 2235 3174 2289 celebratam
3210 2230 3410 2287 similia

1838 2336 2215 2405 superioribus
2267 2333 2615 2394 decrevisse,
2660 2330 3043 2400 ingentemque
3098 2324 3407 2379 Graacorum

1840 2428 2239 2482 multitudinem
2265 2440 2387 2479 cum
2418 2423 2624 2493 synodo
2655 2421 2919 2483 sensisse,
2945 2434 3064 2486 qua:
3089 2415 3407 2469 Latinarum

1840 2521 2166 2575 sententiam
2199 2518 2601 2587 comprobavit.
2629 2512 2928 2569 Considera
2958 2511 3137 2579 itaque
3166 2508 3286 2563 ideo
3325 2522 3409 2559 me

1838 2620 2056 2663 tuorum
2104 2623 2418 2663 sermonum
2454 2606 2819 2660 admiratione
2859 2600 3219 2660 commoveri,
3262 2599 3407 2665 quod

1840 2718 1965 2755 vera
2002 2718 2105 2755 non
2138 2700 2489 2755 concludant.
2520 2698 2711 2752 Dixisti
2745 2697 2953 2750 scilicet
2979 2693 3244 2761 synodum
3269 2690 3410 2758 Lug-

1840 2794 2140 2849 dunensem
2173 2799 2363 2844 contra
2394 2788 2619 2843 Latinos
2648 2786 2839 2847 fuisse,
2867 2796 2918 2839 et
2950 2782 3411 2848 Constantinopo-

1841 2889 2062 2941 litanam
2105 2902 2134 2941 a
2176 2885 2525 2954 Lugdunensi
2580 2884 2801 2937 minime
2854 2882 3166 2943 diversam;
3223 2892 3413 2946 postea

1842 2998 1965 3036 cum
1999 2998 2104 3035 non
2137 2996 2327 3050 posses
2357 2980 2633 3033 occultare
2666 2976 2948 3030 veritatem
2981 3018 2994 3039 ,
3039 2973 3200 3027 veluti
3236 2974 3413 3025 lucer.

1844 3093 1968 3130 nam
2008 3074 2110 3130 sub
2155 3075 2361 3134 modio.
2394 3070 2834 3139 quandoquidem
2881 3070 3054 3137 palam
3106 3076 3188 3120 est
3238 3066 3413 3117 otnni-

1844 3170 1947 3226 bus
2014 3169 2159 3238 (nam
2192 3167 2277 3221 his
2310 3166 2513 3221 nostris
2557 3166 2748 3220 diebus
2788 3172 3005 3233 peracta
3037 3169 3142 3225 est,
3174 3168 3227 3213 et
3269 3166 3413 3227 patet

1846 3263 2145 3330 omnibus),
2192 3262 2371 3317 fassus
2415 3276 2492 3326 es,
2545 3260 2671 3313 licet
2702 3259 2941 3321 invitus,
3004 3256 3141 3308 hanc
3195 3268 3413 3321 quoque

1848 3353 2212 3408 Florentinam
2245 3352 2534 3424 synodum,
2576 3348 2887 3417 superiores
2937 3343 3407 3410 secutam,eadem

1850 3446 2253 3517 pronuntiasse.
2302 3446 2437 3499 Tuis
2478 3459 2610 3511 ergo
2659 3442 2841 3497 verbis
2899 3438 3297 3495 concludimus.
3360 3444 3412 3485 te

1849 3539 2167 3607 longissime
2213 3554 2238 3588 a
2279 3553 2406 3591 vero
2446 3536 2707 3590 abfuisse.
2758 3533 2967 3588 Etenim
3016 3532 3243 3595 sirmne
3286 3527 3410 3579 Flo-

1850 3635 2059 3686 rentina
2110 3646 2206 3699 pro
2253 3629 2478 3693 Latinis,
2529 3638 2587 3682 ut
2630 3634 2876 3695 apertum
2954 3622 3412 3683 manifestumque

1847 3736 1932 3779 est
1962 3725 2234 3788 omnibus,
2276 3723 2541 3777 celebrata
2572 3732 2650 3773 est
2682 3720 2759 3789 (tu
2798 3732 2925 3769 vero
2972 3716 3188 3767 dixeras
3222 3710 3410 3763 eadem

1850 3819 1918 3870 ab
1949 3820 2087 3887 ipSa.
2117 3832 2237 3883 quae
2280 3826 2332 3869 et
2371 3830 2398 3866 a
2428 3810 2773 3879 Lugduneusi
2822 3820 2878 3861 et
2914 3800 3416 3868 Constantimvpoli-

1850 3922 1972 3965 lana
2010 3911 2294 3964 terminata
2349 3904 2560 3974 l‘uisso),
2600 3902 2914 3958 necessario
2962 3899 3210 3967 sequitur
3242 3910 3305 3947 ex
3346 3893 3412 3943 iis

1850 4023 1972 4075 qum
2014 4007 2123 4075 jam
2155 4007 2266 4074 ipse.
2303 4016 2685 4063 concesseras.
2719 4015 2812 4055 eas
2854 3997 3017 4050 etiam
3072 4007 3169 4061 pro
3205 3989 3412 4044 Latinis

1848 4116 1971 4153 esse
2001 4109 2236 4152 coactas.
2264 4097 2667 4165 Proptereaque
2690 4107 2742 4147 et
2794 4103 2921 4143 tunc
2943 4095 2997 4143 et
3027 4101 3174 4140 nunc
3200 4083 3414 4148 sapien-

1850 4192 2015 4244 tiores
2043 4189 2352 4244 Grmeornm
2416 4202 2536 4239 cum
2568 4183 2789 4255 synodis
2834 4180 3146 4248 Latinisque
3180 4176 3235 4229 in
3273 4172 3415 4225 γυιθί-

1850 4283 1975 4337 tatis
2006 4280 2349 4335 confessione
2384 4278 2708 4348 perstitisse.

1926 4377 2088 4429 Ithac.
2130 4373 2510 4435 Perstiterunt,
2542 4385 2664 4423 vere
2687 4368 2891 4432 dixisti,
2924 4364 3192 4421 nonnulli.
3224 4372 3278 4416 at
3302 4379 3409 4416 non

1851 4472 1904 4524 in
1932 4479 2091 4522 recta:
2126 4467 2248 4520 tidei
2284 4448 2631 4518 confessione
2656 4499 2670 4519 .
2704 4460 2797 4513 sed
2846 4459 2898 4511 in
2934 4457 3252 4511 Latinorum
3286 4473 3411 4510 seu-

141 4563 301 4633 δόξῃ
365 4562 779 4630 βεϐαιωθέντες,
826 4567 1008 4633 γυμνῇ
1057 4567 1122 4635 τῇ
1162 4566 1371 4635 κεφαλῇ
1434 4567 1742 4634 ἀνακηρύτ-

1852 4562 2017 4616 tentia
2063 4558 2393 4619 conﬁrmati,
2424 4570 2584 4623 quam
2627 4560 2811 4620 aperto
2844 4550 3021 4619 capite
3069 4550 3361 4619 praedicant
3397 4565 3410 4601 :

141 4671 351 4708 τουσι·
406 4656 498 4709 καὶ
562 4654 652 4708 διὰ
684 4656 841 4708 τοῦτο
898 4656 1294 4727 Λατινόφρονας
1336 4660 1531 4719 αὐτοὺς
1571 4662 1745 4729 ἀναμ-

140 4749 416 4822 φιῦόλως
458 4748 734 4803 ἀποκαλοῦ
743 4767 863 4816 μεν.

248 4845 414 4908 Ἀκρ.
448 4840 621 4893 Βαὸαὶ
662 4840 762 4909 τῆς
803 4841 1042 4911 τόλμηςί
1090 4842 1253 4909 βαϐαί
1276 4843 1288 4893 ι

231 4934 402 4989 Εὺλ.
453 4934 615 4989 Ἐλεῶ
647 4953 708 4989 σε
741 4936 839 5001 τῆς
887 4937 1117 5005 τόλμης.
1148 4937 1350 5003 μᾶλλον
1378 4938 1437 4989 δὲ
1474 4938 1748 5006 θαυμάζοι

137 5025 273 5077 κὰν
312 5020 512 5095 τούτῳ.
542 5025 618 5088 ὡς
674 5026 768 5078 καὶ
822 5025 881 5076 ὲν
925 5026 1037 5086 τοῖς
1088 5024 1269 5087 ἄλλοις
1319 5029 1431 5088 τοῖς
1464 5028 1616 5094 παρὰ
1649 5028 1742 5081 σοι]

139 5116 518 5186 εἰρημένοις.

241 5206 427 5259 Ῥακ.
466 5205 538 5259 τί
558 5223 642 5259 σοι
670 5207 732 5260 τὸ
759 5208 1175 5276 θαυμαζόμενον
1202 5224 1215 5272 ;
1271 5208 1501 5278 φράσον.

231 5298 408 5352 Eb).
454 5300 666 5351 ’Λκούω
707 5316 825 5363 σου,
872 5300 954 5352 ὅτι
988 5301 1171 5361 καλεῖς
1208 5301 1611 5367 Λατινόιρρονας
1649 5304 1747 5353 πᾶ-

133 5410 268 5445 σαν
300 5390 405 5459 τὴν
430 5389 537 5442 τῶν
578 5391 827 5460 Γραικῶν
867 5390 1217 5457 Ἐκκλησίαν,
1250 5392 1350 5461 τὴν
1396 5392 1748 5459 ’Λνατολικὴν

129 5480 407 5546 δηλαδὴ,
436 5480 534 5532 xui.
568 5480 827 5549 βασιλεῖς,
873 5480 969 5531 καὶ
994 5482 1361 5548 πατριάρχας,
1394 5481 1747 5549 ἀρχιεπισκό-

126 5590 337 5634 πους,
375 5574 726 5637 ἐπισκόπους,
763 5572 1128 5640 ἡγουμένους,
1185 5573 1612 5642 σταυροφόρους,
1651 5575 1745 5624 καὶ

128 5668 296 5725 τοὺς
332 5663 578 5725 λοιποὺς.
633 5665 729 5715 καὶ
778 5665 839 5714 οὐ
892 5661 1019 5722 τοὺς
1048 5659 1256 5713 δώδεκα
1288 5661 1467 5730 μόνον.
1507 5662 1565 5713 Εἰ
1589 5661 1683 5714 οὖν
1716 5665 1747 5729 ἡ

128 5753 499 5820 ’Λνατολικὴ
568 5752 861 5820 Ἐκκλησία
894 5753 1043 5804 πᾶσα
1081 5756 1148 5805 τὰ
1188 5752 1295 5802 τῶν
1321 5751 1564 5803 Λατίνων
1592 5754 1749 5820 ἐφρε-

130 5864 331 5914 unus,
363 5848 453 5898 καὶ
484 5847 530 5898 oi
565 5845 664 5898 ὅὼὲι
699 5865 789 5910 κα,
828 5842 904 5910 οἷς
949 5845 1250 5913 ἐγκαλεῖτε,
1284 5845 1349 5897 τὰ
1393 5845 1488 5912 τῆς
1537 5845 1748 5899 ’Λνατι-

1854 4664 2243 4723 proptereaque
2273 4665 2366 4702 eos
2397 4663 2519 4701 cum
2546 4646 2758 4700 Latinis
2803 4644 3102 4697 sentientes
3147 4643 3263 4695 sine
3303 4641 3419 4693 ullo

1850 4748 2013 4800 dubio
2048 4756 2445 4811 nuneupantus.

1922 4837 2061 4890 Aud.
2100 4837 2257 4902 Papae
2289 4830 2606 4888 audaciam!
2651 4845 2801 4899 papa-
2832 4830 2844 4881 l

1922 4930 2071 4984 Pius.
2112 4929 2331 4983 Miseret
2362 4942 2446 4978 me
2493 4936 2638 4977 tuam
2676 4921 2996 4983 audaciam;
3030 4934 3201 4987 neque
3233 4919 3411 4971 minus

1850 5026 2087 5079 demiror
2114 5024 2179 5076 de
2216 5024 2334 5084 hoc,
2364 5034 2525 5088 quam
2561 5018 2629 5071 de
2654 5017 2777 5071 aliis
2810 5015 2915 5068 tuis
2946 5014 3129 5067 dictis.

1922 5203 2086 5256 Rhac.
2119 5200 2260 5265 Quid
2296 5208 2381 5254 est
2415 5198 2559 5265 quod
2599 5193 2929 5250 admiraris?
2959 5193 3143 5246 etiam.

1928 5295 2075 5345 Pius.
2112 5292 2285 5344 Audio
2324 5290 2422 5342 abs
2455 5300 2506 5341 te
2537 5288 2843 5340 universam
2880 5282 3192 5338 Grecorum
3230 5280 3416 5333 Eccle-

1851 5389 2010 5448 siam,
2037 5383 2366 5438 Orientalem
2398 5395 2610 5447 nempe,
2645 5380 3021 5445 imperatores,
3054 5373 3414 5442 patriarchas.

1853 5475 2312 5543 arcliiepiscopos,
2354 5472 2640 5540 episc0pos
2665 5509 2680 5532 ,
2714 5469 2952 5532 abhates,
2984 5466 3300 5535 crucigeros
3363 5472 3417 5516 et

1852 5569 2091 5637 reliquos
2130 5580 2346 5626 omnes,
2388 5578 2493 5615 non
2525 5560 2814 5613 duodecim
2860 5568 3067 5611 tantum
3101 5556 3417 5611 sacerdotes

1851 5673 1905 5716 et
1927 5661 2148 5714 Latinos
2174 5662 2313 5711 inter
2344 5672 2403 5709 se
2429 5655 2777 5710 concorditer
2806 5664 3130 5718 congruere.
3164 5651 3343 5712 Quare.
3369 5647 3414 5700 si

1855 5757 2107 5808 universa
2165 5750 2459 5804 Orientalis
2514 5746 2755 5801 Ecclesia
2802 5743 3119 5797 Latinorum
3178 5740 3415 5808 dogmati

1856 5844 2099 5909 adlnrsit,
2157 5852 2202 5895 el
2260 5850 2512 5910 pnetcrt‘a
2555 5838 2609 5892 Ιιί
2643 5835 2947 5898 duodecim,
2999 5848 3132 5901 quos
3176 5831 3225 5883 in
3272 5829 3419 5898 judi—
