4164 6426
703 393 808 454 979

1622 397 1937 458 JOSEPHI
1980 399 2533 460 METHONENSIS
2569 401 2915 463 EPlSCOPi

3838 405 3936 468 980

697 508 841 560 clum
879 509 1111 568 vocatis.
1135 525 1304 564 unum
1347 511 1597 580 idemque
1625 528 1747 566 cum
1784 512 2050 568 Orientali
2081 513 2259 568 Eccle-

2373 515 2531 586 λικῆς
2576 517 2907 584 Ἐκκληᾳίας
2934 516 3221 589 φρονοῦσι,
3259 518 3561 581 τουτέστιν,
3600 517 3743 585 ἅπερ
3767 520 3938 585 ἐκείνη

692 601 774 652 sia
797 601 1060 665 sentiunt,
1090 603 1190 657 hoc
1221 614 1302 658 est
1332 620 1440 657 non
1466 604 1680 659 diversa
1708 606 1776 660 ab
1798 622 1860 660 ea
1884 617 2092 668 tenent,
2124 621 2264 676 quo—

693 692 856 745 modo
893 693 1260 748 lieterodoxos
1291 703 1344 748 et
1417 694 1738 750 Latinorum
1791 698 2076 752 sententiae
2113 697 2268 751 addi-

697 790 813 839 c195
865 786 1152 854 appellatis
1177 802 1271 842 eos
1320 789 1413 857 qui
1464 806 1586 842 cum
1647 787 1910 844 Orientali
1974 798 2267 859 vestraque

693 878 958 943 Ecclesia,
979 878 1132 933 vobis
1168 879 1333 934 etiam
1362 881 1570 944 invitis,
1600 881 1853 937 eumdem
1887 881 2134 936 animum
2167 883 2268 936 lia-

693 970 858 1024 bent?

761 1060 926 1117 Rliac.
964 1061 1249 1127 Universa,
1286 1071 1346 1117 ut
1373 1064 1473 1129 ais,
1505 1066 1796 1121 Orientalis
1834 1067 2097 1131 Ecclesia,
2140 1082 2266 1136 quae

690 1164 743 1207 et
774 1159 1014 1222 synodus
1066 1167 1118 1208 et
1151 1154 1324 1210 Latini
1368 1173 1513 1212 nunc
1543 1157 1732 1211 dicunt
1787 1160 1991 1226 omnia,
2055 1174 2264 1215 necnon

687 1247 741 1300 hi
771 1247 1060 1302 duodecim
1094 1250 1438 1304 concorditer
1465 1259 1670 1310 tenent.
1703 1252 1937 1321 ideoque
1995 1266 2092 1309 eos
2138 1268 2264 1310 cum

689 1339 897 1396 Latinis
922 1345 1216 1398 sentientes
1245 1359 1648 1412 nuucupamus.

762 1433 913 1490 Pius.
945 1433 1096 1488 liaud
1146 1437 1344 1490 deCore
1379 1437 1633 1506 justeque
1671 1436 1876 1500 facitis,
1924 1437 2016 1508 qui
2049 1437 2262 1493 duode-

686 1530 792 1580 riin
819 1530 964 1581 Solos
995 1544 1116 1582 cum
1147 1529 1353 1582 Latinis
1379 1531 1582 1583 sentire
1619 1530 1823 1595 dicitis,
1871 1547 1996 1586 cum
2051 1541 2104 1586 et
2139 1532 2259 1586 uui-

687 1637 839 1673 wrsa
873 1621 1163 1676 Orientalis
1223 1622 1462 1676 Ecclesia
1500 1624 1571 1677 ita
1630 1625 2006 1694 compellanda
2056 1634 2199 1678 essut
2240 1642 2256 1692 ;

683 1715 1123 1783 quandoquidem
1153 1716 1241 1770 illa
1271 1717 1501 1784 primum
1537 1733 1565 1769 a
1608 1717 1927 1771 Latinorum
1986 1717 2258 1772 sententia

683 1813 854 1866 stetit.
885 1812 947 1865 ili
1005 1828 1134 1865 vero
1186 1820 1306 1880 post
1357 1811 1691 1867 Orientalem
1747 1812 2070 1878 Ecclesiam,
2134 1821 2254 1865 tan-

682 1919 846 1973 quam
871 1905 961 1971 qui
991 1920 1109 1956 eam
1145 1903 1341 1970 secuti,
1372 1903 1518 1958 illius
1545 1904 1784 1976 vestigiis
1808 1905 2145 1960 institerunt.

755 1993 917 2048 R/mc.
951 1994 1123 2049 Probe
1143 1996 1282 2050 dicis
1311 2014 1328 2080 ξ
1361 2011 1514 2064 aeque
1548 2000 1693 2051 enim
1723 2012 1822 2050 nos
1873 2007 1925 2051 et
1955 1997 2078 2066 ipsi.
2132 2007 2256 2051 tan-

682 2102 844 2155 quam
878 2103 996 2157 qua:
1023 2089 1353 2156 impietatem
1383 2090 1687 2156 admiserit,
1725 2099 1778 2145 et
1811 2091 1962 2146 hisce
1993 2101 2252 2160 tanquam

682 2184 772 2247 qui
809 2182 882 2235 illi
934 2185 1247 2250 iguoranter
1280 2182 1628 2248 adlneseriut,
1661 2185 2089 2252 expostulamus.
2119 2183 2256 2241 Hinc

681 2285 794 2329 tmn
841 2276 1008 2342 illam,
1067 2286 1180 2330 tum
1211 2277 1311 2332 hos
1355 2279 1544 2332 eadem
1602 2287 1767 2345 atque
1819 2277 1994 2332 Latini
2051 2279 2255 2334 sentire

677 2369 996 2423 astruintus.

753 2458 866 2514 Dic.
903 2463 1176 2532 Propitius
1201 2464 1276 2518 sis
1313 2465 1465 2530 mihi,
1505 2463 1668 2530 Deus,
1703 2468 1792 2534 qui
1826 2467 2022 2520 similia
2058 2469 2252 2538 impie-

684 2555 812 2608 tatis
852 2556 1005 2624 plena
1039 2559 1202 2610 verba
1229 2560 1411 2613 audio.

751 2647 904 2703 Pius.
945 2650 1271 2718 Exliostulas
1301 2655 1485 2719 itaque
1510 2652 1772 2708 Orientali
1804 2648 2082 2719 Ecclesiae,
2107 2655 2250 2725 quod

681 2738 1000 2792 Latinorum
1042 2740 1281 2806 dogmati
1314 2743 1648 2798 adltteserit?

750 2825 917 2885 liliac.
956 2832 1030 2884 Ita
1085 2841 1191 2884 est.
1249 2832 1689 2903 Expostulamus,
1751 2852 1872 2892 cum
1926 2836 2248 2891 Latinorum

682 2923 1010 2977 sententiam
1035 2927 1362 2994 amplexata,
1395 2928 1717 2983 Latinorum
1750 2930 2003 2999 dogmata
2033 2939 2250 2986 consta-

679 3015 934 3070 biliverit.

755 3109 895 3161 Aud.
930 3108 1091 3164 Pater
1117 3111 1205 3166 hic
1231 3112 1394 3166 animi
1427 3114 1776 3169 contentione
1807 3115 2070 3170 decertat.

757 3199 909 3256 Pius.
945 3202 1001 3255 Si
1030 3205 1211 3272 itaque
1264 3206 1561 3263 Orientalis
1611 3205 1854 3262 Ecclesia
1927 3207 2246 3262 Latinorum
2278 3237 2324 3296 α

678 3293 1035 3360 opinionibus
1064 3311 1370 3361 assensum,
1403 3306 1463 3352 ut
1485 3309 1540 3352 tu
1567 3301 1668 3366 ais,
1706 3300 1956 3369 praebuit,
1988 3318 2094 3356 una
2127 3317 2250 3357 cum

680 3383 1012 3441 Occidentali
1047 3389 1188 3444 facta
1227 3401 1330 3454 est,
1391 3399 1446 3445 et
1500 3407 1660 3447 nemo
1710 3402 1905 3447 contra
1973 3394 2072 3448 ibit
2105 3412 2119 3459 ;
2151 3395 2255 3450 hoc

679 3480 825 3530 enim
861 3491 916 3533 et
942 3480 1261 3550 Symbolum
1287 3482 1398 3538 vult
1440 3499 1603 3537 unam
1637 3500 1758 3540 csse
1787 3485 1989 3540 debere
2020 3488 2253 3542 catholi-

682 3585 803 3624 catn
834 3570 1157 3628 Ecclesiam.
1187 3574 1340 3641 Quod
1366 3579 1410 3630 si
1436 3576 1557 3631 duze
1584 3587 1637 3632 et
1663 3580 1922 3647 opinione
1953 3588 2008 3635 et
2035 3581 2258 3650 dogma-

682 3675 737 3717 te
767 3679 873 3718 una
910 3665 1045 3721 facta
1075 3679 1178 3735 est,
1228 3681 1278 3724 et
1321 3671 1436 3725 haec
1485 3687 1588 3726 una
1646 3671 1888 3728 Ecclesia
1938 3689 2005 3728 ex
2041 3674 2256 3730 duabus

685 3759 882 3828 linguis
909 3763 1236 3816 concinnata
1264 3765 1560 3831 aberravit,
1587 3775 1642 3819 et
1666 3766 1897 3821 alienam
1923 3775 2108 3821 secuta
2173 3777 2258 3823 est

686 3867 783 3920 per
806 3868 864 3907 so
890 3853 1069 3920 ﬁdem,
1104 3871 1351 3925 quzenam
1383 3857 1545 3910 fuerit
1565 3859 1669 3910 alia
1702 3858 1941 3913 Ecclesia
1995 3859 2256 3914 orthodo-

682 3958 776 4005 ιιι,
804 3958 963 4012 quant
1016 3945 1131 4014 ipse
1173 3947 1464 4017 sequeris?
1504 3948 1568 4003 Et
1609 3949 1731 4019 quis
1796 3963 1849 4005 te
1906 3951 1959 4006 in
1991 3951 2097 4009 ﬁde
2163 3954 2252 4008 in-

683 4037 890 4089 struit?
924 4037 1023 4092 Ubi
1063 4040 1187 4094 item
1221 4039 1528 4095 Graecorum
1571 4043 1704 4098 lides
1759 4055 1924 4115 atque
1954 4047 2144 4116 religio
2175 4061 2260 4101 re-

686 4129 1046 4202 mansitiCui
1091 4133 1207 4200 ipse
1244 4131 1499 4188 Ecclesia:
1553 4137 1936 4203 reverentiam,
1997 4137 2259 4193 obedien-

687 4223 815 4274 tiam
846 4229 899 4274 et
932 4223 1243 4292 religionem
1296 4227 1558 4281 exhibes?
1621 4233 1662 4280 Α
1695 4243 1801 4299 qua
1834 4229 2160 4299 baptismum
2194 4247 2258 4288 ac

685 4324 1027 4367 sacramenta
1053 4316 1294 4386 accipis?

755 4401 921 4457 Rhac.
965 4405 1182 4460 llomini
1212 4409 1265 4460 in
1297 4425 1407 4477 quo
1463 4409 1596 4465 lides
1637 4411 1942 4467 orthodoxa
2001 4429 2256 4478 perman-

685 4497 838 4559 serit,
874 4498 1125 4567 religiose
1180 4499 1547 4555 obedientiam
1592 4512 1645 4557 et
1690 4505 2056 4559 reverentiam
2098 4506 2253 4561 exhi-

687 4589 788 4642 beo
818 4607 833 4653 ;
861 4589 1060 4660 illeque
1100 4593 1226 4645 mihi
1257 4603 1341 4647 est
1375 4593 1617 4648 Ecclesia
1651 4605 1705 4650 et
1735 4597 2015 4666 magister.

758 4685 894 4738 And.
924 4684 1036 4738 l'loc
1060 4685 1127 4738 ad
1163 4686 1276 4739 haac
1308 4703 1481 4754 usque
1541 4697 1783 4756 tempora
1816 4691 2122 4745 inauditum
2151 4701 2253 4745 est.

760 4777 912 4832 Pius.
941 4779 1070 4843 Quis
1100 4793 1230 4832 vero
1262 4779 1313 4830 in
1344 4779 1448 4832 lide
1479 4779 1795 4834 Graecorum
1852 4782 2108 4850 perstitit,
2167 4783 2258 4838 cui

687 4880 742 4922 tu
768 4871 1128 4922 reverentiam
1160 4870 1515 4925 exhibueris?

763 4959 926 5015 Rhac.
957 4960 1073 5016 Dixi
1109 4961 1223 5027 tibi,
1287 4964 1466 5018 solum
1522 4963 1818 5034 Ephesium
1860 4966 2164 5020 antistitem
2204 4966 2256 5022 in

690 5054 794 5106 tide
831 5053 1141 5108 orthodoxa
1174 5069 1575 5123 perseverasse,
1599 5059 1688 5112 cui
1726 5059 1841 5128 ipse
1892 5058 2176 5127 subjicior,
2204 5069 2259 5114 et

690 5163 850 5215 quem
879 5156 938 5200 ut
969 5147 1290 5216 magistrum
1325 5163 1584 5218 agnosco.

763 5238 918 5294 Pius.
945 5238 1067 5293 'l‘ibi
1101 5256 1318 5309 quoque
1347 5257 1447 5307 ego
1479 5241 1614 5304 dixi,
1649 5257 1757 5296 non
1782 5258 1973 5308 unum,
2011 5244 2108 5297 sed
2144 5244 2259 5312 pln-

694 5346 779 5384 rcs
803 5347 925 5385 esse
948 5334 1276 5400 sequendos.
1306 5334 1569 5395 Primum,
1606 5335 1751 5403 quod
1781 5352 1922 5389 unus
1954 5335 2119 5390 homo
2151 5352 2256 5389 nou

689 5426 822 5477 facil.
853 5424 1149 5478 Ecclesiam
1185 5444 1199 5490 ;
1234 5427 1429 5480 deinde
1461 5443 1608 5490 vero,
1655 5428 1797 5497 quod
1851 5428 1940 5482 ille
1971 5439 2087 5482 atra
2152 5429 2260 5484 bile

693 5516 927 5584 agitatus
961 5514 1266 5584 desipit-bat
1293 5517 1506 5583 mentis,
1547 5532 1648 5571 nec
1677 5533 1902 5588 compos
1925 5521 2091 5574 animi
2117 5530 2257 5575 erat.

765 5604 926 5658 Iilmc.
945 5605 1020 5660 Ne
1039 5618 1287 5661 sanctqu
1305 5610 1478 5662 virum
1495 5610 1656 5665 dictis
1683 5611 1791 5662 tuis
1812 5609 2052 5665 diﬂeras.
2072 5610 2259 5679 Neque

690 5703 832 5751 enim
859 5709 1005 5752 tanta
1037 5701 1290 5769 praeditus
1334 5702 1604 5770 sapientia
1629 5703 1920 5772 quisquam
1951 5705 2095 5759 alius
2130 5705 2254 5759 fuit.

767 5793 900 5845 Auri.
934 5791 1124 5856 Nemo,
1160 5793 1453 5847 dummodo
1479 5803 1622 5848 recte
1649 5797 1842 5864 sapiat,
1881 5797 1992 5853 luce
2023 5797 2181 5852 dicet.

770 5883 916 5940 I'ius.
952 5884 1060 5940 Nec
1095 5889 1256 5941 etiam
1288 5888 1399 5956 ip-a
1437 5890 1676 5956 synodus
1703 5890 1724 5940 ’ἒ

2377 609 2700 679 ἐφρόνησεν,
2755 611 2873 672 πῶς
2925 611 3268 682 ἐτεροδόξους
3312 611 3536 675 τούτους
3576 613 3818 671 καλεῖτε,
3854 615 3942 664 καί

2373 700 2785 769 Λατινόφρονας
2828 743 2842 765 ,
2872 703 2994 764 τοὺς
3033 702 3099 755 τὰ
3149 703 3241 770 τῆς
3275 703 3652 772 Ἀνατολικῆς,
3683 703 3781 756 καὶ
3812 703 3940 769 ὑμε⁶

2367 792 2552 861 τέρας,
2587 795 2692 845 xiv
2753 793 2839 864 μὴ
2873 793 3087 864 θέλητε,
3143 795 3471 867 Ἐκκλησίας
3521 798 3936 866 φρονήσανταςς

2447 1067 2610 1121 Ῥακ.
2651 1067 2828 1130 Πᾶσα,
2864 1067 2936 1128 ὡς
2991 1067 3146 1135 ἔφης,
3203 1065 3587 1136 ήἈνατολικὴ
3643 1064 3941 1133 Ἐκκλησέα

2369 1160 2436 1214 τὰ
2483 1161 2583 1230 τῆς
2633 1160 2856 1212 συνόδου
2894 1159 2990 1211 καὶ
3033 1157 3144 1209 τῶν
3175 1157 3423 1212 Λατίνων
3457 1157 3790 1227 ἐφρόνησαν.
3838 1158 3942 1210 Καὶ

2367 1255 2418 1308 οῖ
2445 1254 2656 1307 δώδεκα
2698 1254 3028 1323 ἐφρόνησαν,
3059 1253 3136 1315 ὡς
3169 1252 3332 1319 αὐτή.
3366 1250 3460 1302 Διδ
3488 1251 3581 1304 καὶ¹
3608 1251 3943 1321 Λατινόφρο-

2367 1365 2462 1410 νας
2493 1345 2716 1408 τούτους
2751 1345 3161 1414 ἀποκαλοῦμεν.

2438 1442 2589 1494 Εὺλ.
2630 1440 2704 1494 Οὐ
2751 1439 2835 1493 δεῖ
2890 1439 3030 1493 κατὰ
3076 1440 3287 1492 δίκαιον
3338 1438 3498 1506 λόγον
3547 1437 3677 1500 τούς
3737 1436 3945 1488 δώδεκα

2368 1532 2534 1600 ἱερεῖς
2586 1530 2888 1586 ἀποκαλεῖν
2943 1532 3359 1601 Λατινόφρονας
3419 1529 3619 1599 μόνον,
3659 1528 3806 1581 ἀλλά
3856 1528 3946 1579 καὶ

2366 1625 2535 1696 αὐτὴν
2568 1627 2752 1678 πᾶσαν
2810 1625 2910 1694 τὴν
2943 1625 3299 1692 Ἀνατολικὴν
3337 1623 3676 1692 Ἐκκλησίαν
3703 1637 3718 1651 ⁶
3754 1621 3946 1690 ἐπειδὴ

2366 1717 2562 1789 πρώτη
2595 1717 2781 1786 ἐκείνη
2826 1717 2897 1768 τά
2938 1715 3049 1768 τῶν
3091 1716 3339 1770 Λατίνων
3371 1716 3638 1786 ἐφρόνησε
3665 1757 3680 1779 ,
3720 1713 3947 1771 τούτους

2363 1809 2420 1862 δὲ
2480 1810 2621 1879 μετά
2660 1811 2837 1865 ταῦτα
2875 1808 3209 1875 ἀποκαλεῖν,
3259 1807 3334 1872 ὡς
3390 1807 3574 1877 ἐκείνῃ
3638 1804 3950 1874 ἀκολουθή-

2369 1919 2590 1965 σαντας.

2448 1994 2609 2050 Ῥακ.
2649 1994 2846 2058 Καλῶς
2883 1993 3081 2060 λέγεις.
3119 1994 3317 2063 Ἡμεῖς
3347 1993 3459 2064 γάρ
3481 1993 3577 2046 καὶ
3604 1991 3750 2062 αὐτῇ
3780 1994 3945 2057 ἐγκα-

2366 2088 2588 2158 λοῦμεν,
2629 2090 2705 2152 ὡς
2754 2087 3162 2157 δυσσεδησάσῃ,
3203 2089 3300 2140 καὶ
3343 2087 3577 2150 τούτοις,
3633 2085 3714 2148 ὡς
3770 2085 3944 2153 ἐκεί-ιτ

2363 2183 2590 2254 ἀμαθῶς
2621 2181 3097 2250 ἐξακολουθήσασι.
3122 2180 3287 2233 Ὅθεν
3313 2180 3728 2248 Λατινόφρονας
3761 2177 3943 2230 κάκεί-

2363 2293 2488 2339 νους
2520 2276 2615 2330 καὶ
2645 2275 2866 2339 τούτους
2895 2273 3303 2341 ἀποκαλοῦμεν.

2431 2463 2553 2511 Δικ.
2593 2457 2781 2520 ’Ίλεως
2812 2454 2972 2523 γενοῦ
3014 2471 3126 2524 μοι,
3185 2453 3310 2520 Θεὲ,
3371 2453 3631 2507 ἀκούοντι
3690 2451 3950 2512 ἀσεϐείας

2361 2549 2639 2612 τοιαύτας.

2430 2647 2583 2699 Εὺλ.
2635 2644 2748 2696 Οὐκ
2788 2638 2881 2698 οὖν
2935 2642 3190 2710 ἐγκαλεῖς
3224 2643 3326 2696 καὶ
3356 2645 3423 2713 τῇ
3457 2640 3791 2709 ’Λνατολικῇ
3832 2636 3949 2689 Ἐκ-

2358 2739 2560 2811 κλησίᾳ
2589 2738 2662 2801 ῶς
2695 2738 3218 2809 Λατινοφρονησάσῃ
3241 2754 3256 2803 ἶ

2442 2832 2607 2888 Ῥακ.
2668 2833 2811 2897 Ναὶ,
2891 2830 3234 2900 ἐγκαλοῦμεν
3266 2830 3445 2900 αὐτῇ,
3500 2828 3691 2892 καθὼς
3745 2827 3949 2897 ἀρτίως

2359 2924 2627 2993 ἤκουσας.
2661 2922 2888 2993 Ἐπειδὴ
2938 2923 3009 2975 τά
3062 2921 3173 2976 τῶν
3227 2921 3477 2975 Λατίνων
3531 2921 3796 2987 ἐδέξατο,
3855 2920 3952 2973 καὶ

2360 3016 2606 3086 ἐκύρωσε
2637 3016 2910 3083 δόγματα.

2441 3110 2595 3178 Ἀκρ.
2640 3110 2731 3163 Ἐν
2769 3111 3039 3180 πεισμονῇ
3070 3110 3098 3161 ὁ
3139 3108 3330 3177 [ἰατὴρ
3361 3107 3702 3175 διαλέγεται.

2426 3202 2578 3254 Εὺλ.
2619 3199 2680 3254 Εἰ
2709 3196 2804 3254 οὖν
2832 3203 2864 3270 ὴ
2899 3198 3224 3270 Ἀνατολικὴ
3266 3199 3563 3265 Ἐκκλησία
3588 3198 3659 3251 τὰ
3698 3198 3810 3250 τῶν
3841 3201 3952 3251 Λα-

2362 3291 2774 3364 τίνων”ἔστερξε
2820 3293 2961 3347 κατά
2988 3293 3071 3358 σὲ,
3107 3293 3206 3364 μία
3237 3293 3379 3363 μετὰ
3403 3293 3504 3362 τῆς
3535 3294 3782 3361 Δυτικῆς
3810 3293 3940 3360 ἐγέ-

2361 3405 2500 3453 νετο,
2553 3389 2652 3440 καὶ
2688 3389 2859 3451 οὐδεὶς
2894 3390 3134 3458 ἀντερεῖ.
3167 3389 3340 3442 Τοῦτο
3369 3389 3477 3460 γάρ
3505 3391 3693 3443 καὶτὸ
3729 3390 3953 3460 Σύμϐο-

2359 3482 2452 3535 λον
2485 3481 2646 3548 άξιοῖ,
2690 3483 2820 3552 μίαν
2862 3483 2974 3536 δεῖν
3009 3479 3151 3537 εἶναι
3207 3483 3307 3553 τὴν
3355 3483 3662 3551 καθολικὴν
3715 3484 3959 3552 Ἐκκλη-

2361 3574 2505 3627 σίαν.
2538 3573 2604 3628 El
2635 3573 2689 3627 δέ
2725 3574 2822 3643 μία
2851 3576 2905 3627 αἱ
2953 3575 3047 3628 δύο
3076 3575 3342 3644 γεγόνασι
3377 3577 3442 3645 τῇ
3469 3593 3530 3630 τε
3560 3576 3693 3648 δόξῃ
3736 3579 3832 3631 καὶ
3878 3577 3963 3645 τῷ

2369 3668 2704 3738 φρονήματι,
2735 3668 2831 3722 καὶ
2855 3667 2999 3738 αὕτη
3050 3669 3083 3738 ἡ
3113 3671 3212 3738 μία
3257 3668 3558 3740 Ἐκκλησία
3585 3673 3618 3740 ἡ
3672 3670 3735 3735 ἐξ
3770 3672 3965 3741 ἀμφο-

2356 3758 2536 3828 τέρων
2573 3757 2842 3826 γλωσσῶν
2893 3757 2992 3827 μία
3020 3757 3410 3828 κηρυττομένη
3434 3798 3453 3822 ,
3490 3757 3803 3832 ἐπλανήθη,
3845 3763 3960 3813 καὶ

2361 3849 2709 3920 ἐτεροδόξησε
2752 3849 2892 3902 κατά
2945 3851 3026 3916 σὲ,
3075 3850 3205 3903 ποία
3253 3851 3391 3920 άλλη
3433 3851 3746 3922 Ἐκκλησία
3783 3857 3962 3908 ἐστὶν

2361 3938 2395 4007 ἡ
2426 3934 2729 4006 όρθόδοξος,
2759 3931 2794 4009 ᾖ
2826 3936 2892 3990 σύ
2922 3937 3369 4010 ἐξακολομσθεῖςς
3421 3941 3535 3994 Καὶ
3581 3942 3670 4005 τίς
3721 3945 3832 4014 μὲν
3863 3950 3974 4014 τὴν

2361 4029 2544 4082 πίστιν
2583 4030 2825 4084 διδάσκει
2857 4046 2954 4094 σε;
3019 4030 3131 4084 1ῖοῦ
3182 4031 3236 4085 δὲ
3271 4032 3488 4100 ἔμεινεν
3543 4037 3577 4104 ἡ
3620 4035 3740 4090 τῶν
3790 4037 3974 4108 Γραι-

2361 4125 2474 4177 κῶν
2502 4124 2686 4188 πίστις
2713 4143 2774 4177 τε
2807 4126 2903 4178 καὶ
2928 4124 3202 4196 θρησκεία
3233 4143 3247 4192 ;
3279 4127 3418 4195 Ποία
3446 4129 3504 4181 δὲ
3542 4129 3873 4201 Ἐκκλησία
3913 4134 3982 4185 σὺ

2362 4217 2462 4287 τὴν
2496 4215 2648 4283 αἰδῶ,
2688 4218 2971 4287 ὐποταγήν
3031 4236 3091 4271 τε
3127 4220 3220 4272 καὶ
3270 4221 3565 4275 εὐλάϐειαν
3597 4223 3982 4294 ἀπονέμειςς

2361 4308 2457 4360 καὶ
2492 4306 2553 4360 τὸ
2602 4308 2891 4378 βάπτισμα
2946 4312 3337 4385 ἀπολαμϐάνει,
3372 4318 3469 4369 καὶ
3509 4315 3580 4368 τὰ
3616 4321 3986 4389 μυστήρια;

2446 4398 2614 4455 Ῥακ.
2660 4403 2748 4456 Ἐν
2799 4396 2845 4472 ᾧ
2893 4403 2958 4457 ἂν
3016 4406 3294 4477 ἀνθρώπῳ
3338 4409 3371 4476 ἡ
3425 4408 3718 4479 ὁρθόδοξος
3774 4415 3988 4476 πίστις

2364 4493 2626 4564 ἐμμείνῃ,
2663 4493 2840 4565 τούτῳ
2881 4496 3128 4558 εὐλαϐῶς
3159 4498 3442 4568 ὑποταγὴν
3476 4503 3576 4553 καὶ
3610 4504 3762 4557 αἰδὼ
3818 4507 3994 4559 δίδω-

2285 4600 2334 4660 D
2366 4605 2450 4657 μι,
2507 4588 2602 4640 καὶ
2659 4587 2979 4642 διδάσκαλον
3009 4591 3171 4643 αὐτὸν
3205 4593 3301 4644 καὶ
3335 4590 3679 4662 Ἐκκλησίαν
3710 4601 3992 4671 κατέχω.

2439 4680 2602 4746 Ἀκρ.
2647 4679 2819 4733 Τοῦτο
2844 4682 2948 4743 ἓως
2993 4683 3090 4734 καὶ
3123 4681 3217 4734 νῦν
3256 4685 3355 4737 οὐκ
3384 4686 3662 4755 ἠκούσθη.

2436 4774 2586 4826 BM.
2621 4773 2729 4825 Kal.
2756 4774 2839 4834 τίς
2881 4773 3098 4843 ἔμεινεν
3127 4776 3185 4827 ἐν
3210 4778 3276 4846 τῇ
3309 4777 3419 4830 τῶν
3445 4778 3720 4848 Γραικῶν
3762 4786 3997 4853 πίστει,

2361 4857 2404 4931 ᾧ
2442 4863 2645 4935 αὐτὴν
2677 4865 2968 4919 εὐλάϐειαν
3002 4867 3312 4932 ἀποδεδωςς

2447 4957 2612 5011 .Pax.
2644 4954 2813 5011 Εἷπόν
2846 4973 2948 5020 σοι,
2987 4958 3068 5010 ὅτι
3099 4959 3260 5027 μόνος
3308 4963 3336 5013 ὁ
3379 4961 3618 5030 Ἐφέσου
3656 4967 4002 5043 ἀρχιερεζς

2362 5050 2578 5118 ἔμεινεν
2605 5052 2661 5101 ὲν
2691 5053 2758 5118 τῇ
2788 5049 3055 5119 όρθοδόξῳ
3087 5051 3291 5117 πίστει,
3330 5047 3374 5120 ᾧ
3410 5055 3880 5130 ὑποτάσσομειι,
3913 5069 4003 5117 καὶ

2362 5145 2686 5198 διδάσκαλον
2720 5144 2848 5213 ἔχω.

2433 5238 2587 5292 Εὺλ.
2622 5233 2792 5290 Εἷπόν
2825 5255 2905 5289 σοι
2949 5239 3124 5303 κάγὼ,
3157 5241 3239 5293 ὃτι
3263 5242 3324 5292 οὐ
3355 5241 3436 5293 δεῖ
3472 5242 3550 5310 τῷ
3580 5244 3680 5297 ἐνὶ
3712 5249 3998 5312 ἕπεσθαι,

2361 5317 2498 5381 ἀλλά
2530 5330 2644 5390 τοῖς
2695 5328 2931 5388 πολλοῑ;.
2991 5331 3193 5398 Ιιρῶτα
3246 5331 3368 5398 μὲν,
3404 5333 3488 5383 ὅτι
3533 5328 3616 5394 εἷς
3680 5340 4002 5413 ἄνθρωπκ

2361 5422 2422 5472 οὐ
2486 5425 2629 5473 ποιεῖ
2676 5419 3028 5489 Ἐκκλησίανο
3067 5425 3260 5474 ἔπειτα
3331 5423 3407 5490 δὲ,
3452 5425 3535 5477 ὅτι
3593 5427 4000 5506 δεισιδαίμεῠ

2362 5514 2458 5567 καὶ
2499 5515 2849 5582 σεσεισμένος
2885 5515 2977 5566 τὸν
3027 5514 3150 5567 νοῦν
3189 5517 3396 5576 ἐκεῖνος
3426 5517 3745 5590 ὑπῆρχεν,

2445 5609 2610 5661 Ῥακ.
2654 5608 2740 5677 Μὴ
2785 5608 3113 5675 συκοφάντει
3144 5609 3234 5662 τὸν
3288 5610 3433 5662 θεῖον
3484 5612 3692 5682 ἄνδρα
3755 5625 3995 5680 ἐκεῖνον.

2364 5699 2541 5752 Πλεξω
2577 5700 2686 5766 γὰρ
2720 5699 2829 5751 τῶν
2869 5698 3044 5751 ἄλλων
3081 5700 3287 5760 ἐκεῖνος
3344 5702 3597 5765 ὲῳρόνει.

2449 5795 2605 5859 ’,Ακμ
2640 5793 2829 5848 Οὐδεὶς
2861 5788 2918 5842 εὗ
2955 5793 3170 5860 φρονῶν
3196 5793 3340 5844 εἴποι
3375 5797 3560 5850 τούτο,

2434 5891 2558 5944 Eia!
2619 5889 2793 5941 Πλείω
2844 5904 2936 5957 της
2977 5888 3196 5940 συνόδου
3232 5889 3452 5957 :iaqg;
