4164 6426
308 530 469 583 'Pax.
507 530 606 581 ηλε
619 530 700 582 ἔω.

306 621 461 685 Ἀκρ.
491 624 842 687 ’Λναίσῠητον
882 624 936 674 τθι
972 624 1135 691 ῥηθὲν
1175 626 1292 691 ἤδη.

294 717 440 768 (fill.
474 713 631 768 Οὕτω
678 718 768 767 iul.
821 718 865 768 οί
930 718 1055 784 περὶ
1092 719 1179 767 τὸν
1224 719 1445 785 ’Ἄρειον
1497 718 1783 787 φήσουσιν,

226 810 302 859 ὃτι
334 810 501 860 πλείω
550 809 649 877 τῆς
692 809 911 859 συνόδου
945 811 1150 869 ἐκεῖνος
1182 810 1426 878 ἐφρόνει.

297 904 416 954 Aur.
455 898 758 951 Δικαιότατ⁹
790 899 855 952 ἂν
892 901 1152 968 φήσαιεν.

307 990 461 1043 Ῥακ.
502 989 798 1059 (λῠμενουν.
848 988 1161 1042 ’Λόικὼτατ’
1202 990 1268 1043 ἂν
1313 991 1361 1043 οί
1400 991 1530 1060 περὶ
1566 992 1789 1060 ’Ἄρειον

225 1081 394 1144 οὕτως
433 1084 678 1135 εἴπωσιν.
714 1084 788 1136 Οὐ
818 1084 925 1153 γὰρ
961 1084 1144 1153 ὅμοιος
1170 1075 1327 1146 οὗτος
1360 1086 1574 1152 ἐκείνῳ.

299 1178 450 1229 Εἰολ.
510 1175 629 1237 Πῶς
671 1175 804 1233 οὒν;

305 1265 469 1320 'ch.
505 1267 627 1319 Ὅτι
663 1269 868 1330 ἐκεῖνος
915 1265 1126 1319 οἴκοθεν
1172 1266 1391 1335 αἵρεσιν
1435 1263 1787 1333 ἐξηρεύξατο,

225 1355 379 1420 οὗτος
420 1360 493 1425 δὲ,
527 1354 601 1413 ὦ)
642 1360 921 1431 πρόπαλαι
961 1360 1010 1412 οἱ
1047 1359 1277 1430 Γραικοὶ
1305 1359 1586 1427 ἐφρόνουν,
1620 1357 1793 1426 ὑπερ-

232 1450 483 1513 ασπίζων
514 1448 601 1523 ἦν.

303 1546 447 1599 Εὺλ.
478 1546 584 1595 Καὶ
640 1542 741 1597 ποῦ
783 1544 888 1597 ἔδει
932 1546 1210 1614 κριθῆναι,
1246 1543 1281 1598 ἃ
1315 1544 1364 1595 οἱ
1397 1541 1625 1610 Γραικοὶ
1666 1540 1794 1608 πρός

228 1634 400 1685 παλαι
437 1634 530 1684 καὶ
579 1634 627 1685 oi
672 1635 891 1688 Λατῖνοι
916 1638 1178 1704 ἐφρόνουν
1206 1678 1221 1701 ,
1256 1636 1355 1686 οὐκ
1395 1636 1453 1685 ὲν
1487 1633 1552 1701 τῇ
1589 1630 1794 1699 συνόδῳ

226 1729 294 1793 τῇ
334 1726 682 1794 οἱκουμενικῇ
708 1742 721 1790 ;

302 1824 425 1870 Aw.
464 1795 613 1871 Κατὰ
650 1818 856 1870 δίκαιον
897 1818 1052 1886 λόγον
1086 1819 1187 1871 οὐκ
1216 1816 1448 1888 ἀλλαχοῦ
1482 1817 1580 1888 τὴν
1613 1814 1794 1884 κρίσιν

1161 415 1655 474 DlSCEPTAT!0
1692 417 1837 476 PRO
1887 415 2100 477 CONC.
2142 418 2513 477 FLORENT.

3356 414 3457 474 982

1966 531 2131 587 lilmc.
2176 532 2363 585 Plane.

1964 623 2100 677 And.
2140 625 2309 675 llomo
2338 626 2424 677 hic
2465 624 2712 677 stolidior
2737 639 2871 677 saxo
2898 620 3000 675 est.

1966 713 2115 767 Pius.
2162 716 2235 767 Ita
2293 715 2695 782 respondelnmt
2754 724 2809 768 et
2862 714 2976 767 Arii
3037 720 3276 767 asseclam
3338 713 3460 766 l‘lns

1889 822 2011 859 eum
2042 805 2248 874 synodo
2279 806 2528 859 universa
2560 805 2822 872 sapuisse.

1966 896 2082 950 Dic.
2125 897 2187 949 Et
2214 898 2403 950 merito
2442 897 2615 951 modis
2655 897 2913 952 omnibus
2940 898 3206 953 dicerent.

1964 986 2123 1040 Rhac.
2161 986 2530 1054 Nequaquam.
2565 986 2839 1040 Immerito
2869 989 2963 1055 qui
3011 990 3197 1044 Arium
3243 1000 3463 1043 sectan-

1895 1092 2001 1145 tur,
2036 1078 2473 1147 pronuntiarent.
2509 1061 2690 1145 Neque
2727 1078 2870 1133 enim
2898 1078 2974 1133 illi
3005 1080 3093 1135 hic
3131 1083 3328 1137 similis
3356 1094 3458 1137 est.

1962 1174 2118 1226 Pius.
2146 1171 2467 1237 Quomodo?

1968 1264 2133 1322 Rliac.
2170 1266 2324 1331 Quod
2365 1270 2453 1325 ille
2491 1286 2556 1326 ex
2597 1268 2833 1339 propriis
2874 1266 3126 1322 haeresim
3167 1268 3459 1321 eructavit.

1896 1352 1992 1411 llic
2020 1369 2221 1426 autem,
2254 1377 2375 1431 quae
2411 1365 2582 1417 multo
2610 1370 2740 1417 ante
2768 1361 2944 1417 Graaci
2994 1360 3308 1431 sapiehant,
3348 1376 3461 1427 pro-

1895 1452 2188 1519 pugnabat.

1967 1542 2117 1599 Pius.
2147 1546 2448 1600 Etubinatn
2492 1547 2840 1616 dijudicanda
2891 1554 3070 1608 erant,
3115 1560 3237 1615 qua:
3285 1545 3456 1599 Graeci

1896 1642 2180 1709 Latinique
2214 1640 2521 1709 antiquitus
2548 1641 2867 1711 sapiebant?
2899 1642 2981 1695 An
3015 1654 3122 1695 non
3162 1640 3217 1693 in
3251 1642 3462 1711 synodo

1896 1734 2274 1789 atcumenica?

1972 1828 2087 1881 Dic.
2121 1826 2176 1880 Si
2199 1826 2339 1895 juris
2354 1825 2637 1895 aequabilis
2662 1825 2800 1880 ratio
2826 1824 3058 1879 tenenda
3074 1832 3179 1887 est,
3194 1824 3458 1894 judicium

226 1910 339 1963 ἔδει
369 1911 643 1979 γενέσθαι,
706 1911 883 1981 ἀλλ’ἢ
922 1914 981 1965 ἐν
1032 1916 1100 1983 τῇ
1159 1914 1514 1983 οἰκουμενικῇ
1570 1908 1792 1978 συνόδῳ.

1911 1936 2005 1973 non
2042 1920 2191 1985 alibi,
2230 1919 2334 1973 nisi
2363 1919 2416 1973 in
2450 1920 2658 1988 synodo
2689 1919 3027 1973 tecumenica
3063 1916 3460 1973 instituemlmn

226 2005 331 2055 Atii
362 2004 520 2056 τοῦτο
560 2007 667 2072 γὰρ
715 2004 1068 2074 οίκουμενικὴ
1117 2004 1360 2072 λέγεται,
1394 2003 1477 2056 ὅτι
1513 2004 1581 2055 τά
1615 2003 1797 2054 οἰκου-

230 2102 429 2169 μενικά
460 2102 787 2171 ἐγκλήματα
818 2098 1096 2170 κρίνονται
1132 2102 1187 2153 ὲν
1220 2100 1382 2171 αὐτῇ.

310 2282 475 2335 Ῥακ.
519 2278 589 2335 Εὖ
621 2283 822 2350 λέγεις.
863 2283 1014 2337 Ἐκεῖ
1043 2281 1149 2334 ἔδει
1191 2281 1443 2351 κριθῆναι
1476 2281 1535 2332 ὲν
1574 2282 1639 2351 τῇ
1675 2298 1797 2332 συν-

225 2375 357 2443 όδῳ,
397 2374 509 2427 ἀλλ’
549 2377 595 2426 οἱ
639 2376 860 2427 Λατῖνοι
892 2376 1020 2437 τοὺς
1063 2373 1331 2441 Γραικοὺς
1378 2371 1572 2442 δώροις
1614 2372 1801 2437 δεξιω-

228 2468 480 2535 σάμενοι,
518 2469 606 2519 καὶ
630 2468 823 2531 ἱκανῶς
854 2466 1228 2538 λυμηνάμενοι
1258 2464 1499 2534 ἔκριναν,
1532 2464 1605 2528 ὡς
1636 2465 1799 2535 ὴόου-

232 2563 502 2633 λῄΟησαν.

318 2747 467 2810 Ἀιιρ.
507 2741 721 2794 Κλείσω
772 2741 839 2794 τὶ
880 2735 993 2794 ῶτά
1027 2758 1132 2809 μου
1169 2740 1396 2794 τοιαῦτα
1432 2740 1508 2809 μὴ
1557 2740 1796 2794 ἀκούειν.

310 2838 455 2889 Hui.
498 2835 757 2898 Ἀπορίας
820 2834 907 2887 ἐπ’
953 2834 1211 2904 ἀπορίαις
1263 2833 1652 2895 ἐπισυνάπτεις
1710 2849 1799 2901 μοι

228 2928 354 2982 νῦν.

322 3021 489 3075 Ῥακ.
528 3021 590 3073 Τί
622 3022 845 3090 ἀπορεῖς
868 3039 882 3085 ;

313 3115 460 3168 an.
504 3116 568 3167 Oi
603 3117 820 3167 Λατῖνοι
860 3115 956 3166 καὶ
1002 3114 1049 3165 οί
1081 3112 1306 3182 Γραικοὶ
1344 3112 1404 3165 οὺ
1453 3112 1541 3165 διὰ
1576 3112 1676 3182 τὴν
1706 3112 1800 3165 τοῦ

228 3210 475 3279 Χριστοῦ
508 3207 685 3259 πίστιν
731 3206 988 3277 συνῆλθον
1017 3225 1029 3270 ;

321 3306 490 3360 'Pax.
535 3304 696 3357 Ἀλλά
731 3303 839 3356 ναί.

314 3402 462 3453 Εὐνί.
520 3399 627 3449 Καὶ
679 3397 792 3459 πῶς
848 3394 941 3449 οὖν
996 3396 1166 3452 οὕτως
1216 3400 1451 3462 εγενετο,
1486 3396 1567 3447 ὅτι
1615 3396 1664 3445 οί
1707 3393 1803 3461 μὲν

228 3489 536 3557 ἠγόραζον,
563 3489 609 3539 οἱ
638 3488 693 3539 δὲ
718 3490 815 3555 τὴν
848 3490 1031 3539 πίστιν
1060 3486 1303 3540 ἐπώλουν
1327 3504 1342 3549 ;
1374 3487 1440 3539 Τί
1468 3488 1585 3538 ἐστι
1610 3484 1801 3550 τοῦτο;

226 3584 353 3634 Οὐκ
384 3582 495 3632 ἔστι
530 3580 725 3647 μᾶλλον
755 3578 1046 3631 δυσσέὸεια
1079 3579 1224 3649 ἥπερ
1258 3578 1510 3632 εὐσέϐεια
1536 3596 1553 3642 ;

314 3678 437 3726 Am.
490 3672 897 3743 Ἀναμφιὸόλως
931 3672 1154 3724 ἀσέϐεια
1200 3672 1296 3723 καὶ
1338 3672 1568 3741 μεγίστη
1597 3670 1732 3723 ἐστί.

334 3762 501 3816 Ῥακ.
524 3764 621 3814 Διά
679 3763 835 3815 τοῦτο
865 3764 1024 3832 ἡμεῖς
1058 3763 1193 3833 αὐτῇ
1237 3763 1333 3832 οὐχ
1377 3763 1695 3830 ὑπείχομεν,
1732 3762 1808 3824 ὡς

225 3856 623 3927 ὃυσσεὸησάση
669 3855 852 3907 ἕνεκεν
907 3855 1016 3907 τῶν
1076 3854 1386 3924 δογμάτων,
1439 3855 1533 3907 καὶ
1581 3856 1705 3915 τοὺς
1752 3858 1807 3905 ἐν

234 3950 383 4017 alti]
421 3948 665 4014 Πατέρας
694 3946 1172 4015 ἀποστρεφόμεθα,
1204 3946 1278 4008 ὼς
1307 3947 1405 4013 τὴν
1441 3947 1622 3998 πίστιν
1645 3946 1808 3998 ’ἑνεκα

227 4045 432 4113 δώρων
464 4041 775 4111 προδόντας.
808 4041 913 4091 Καὶ
941 4038 1121 4101 καλῶς
1154 4039 1433 4106 ποιοῦμεν,
1463 4043 1553 4090 τὸν
1588 4038 1661 4108 μὴ
1698 4057 1810 4090 κοι-

228 4138 597 4202 νωνήσαντα,
617 4133 718 4201 τῆς
782 4132 1023 4201 ἀθέσμου
1069 4128 1226 4199 δόξης
1272 4131 1433 4184 αὑτὸν
1486 4132 1810 4200 Ἐκκλησίαν

230 4190 412 4297 ἔχειν,
448 4227 539 4277 καὶ
567 4190 728 4294 ἀὕτη
790 4190 1083 4292 μαχεῖσθαι,
1270 4226 1586 4292 συναγωγῇ,
1622 4190 1715 4274 καὶ
1749 4223 1809 4275 οὐ

234 4320 472 4385 συνόδῳ.
511 4316 716 4370 Τούτου
753 4317 1106 4384 παράδειγμα
1157 4316 1245 4368 τὸν
1295 4316 1437 4369 Θεῖον
1470 4317 1662 4384 ἔχομεν
1696 4317 1813 4368 Μά.

231 4410 425 4478 ξιμον.
474 4408 629 4463 Μετά
668 4408 774 4477 γάρ
803 4407 899 4476 τὴν
929 4408 1200 4478 τετάρτην
1235 4406 1452 4459 σύνοδον
1494 4408 1541 4458 οἱ
1580 4406 1811 4481 Μονοθε-

229 4500 407 4568 λῆται
441 4498 659 4552 σύνοδον
694 4498 1173 4569 συναθροίσαντες,
1210 4501 1308 4567 τὴν
1341 4499 1551 4550 ἑαυτῶν
1600 4498 1812 4568 αἰρεσιν

1896 2024 2034 2068 erat.
2064 2012 2353 2081 Propterea
2388 2011 2533 2066 enim
2570 2011 2893 2066 universalis
2913 2009 3129 2071 dicitur,
3168 2008 3310 2077 quod
3346 2009 3463 2060 uni-

1898 2106 2134 2162 versales
2175 2104 2607 2170 criminationes,
2678 2104 2793 2159 sive
2848 2103 3018 2173 litigia
3053 2102 3103 2156 in
3142 2118 3204 2157 ea
3264 2101 3466 2156 exami-

1898 2212 2101 2255 nantur
2153 2198 2555 2265 etjudicantur.

1973 2292 2141 2345 Rhac.
2171 2290 2387 2359 Optime
2421 2291 2648 2344 dictant.
2693 2288 2750 2342 In
2812 2287 3021 2357 synodo
3060 2285 3465 2356 diiudicandum

1898 2398 2034 2441 erat.
2080 2384 2460 2440 Verumtamen
2498 2382 2673 2437 Latini
2726 2382 2946 2436 Graecos
2981 2380 3299 2433 muneribus
3334 2377 3464 2432 οσο-

1900 2494 2015 2534 ctos
2066 2491 2118 2534 et
2182 2478 2588 2548 largitionibus,
2653 2476 2849 2531 misere
2922 2474 3223 2529 obcaacatos
3272 2487 3467 2526 corru-

1901 2587 2067 2638 pere;
2100 2571 2289 2641 sicque
2332 2579 2540 2640 postea,
2566 2578 2625 2623 ut
2655 2568 2865 2622 libitum
2898 2566 3007 2622 illis
3036 2566 3152 2631 iuit,
3202 2564 3465 2632 judicium

1900 2668 2069 2720 latum
2106 2674 2210 2720 est.

1973 2762 2113 2813 A'ud.
2141 2758 2417 2813 Obtnrabo
2448 2774 2608 2812 aures
2640 2771 2790 2811 meas
2825 2772 2891 2811 ne
2930 2756 3127 2812 similia
3153 2755 3396 2809 audiant.

1977 2850 2125 2905 Pius.
2169 2850 2323 2905 Nunc
2362 2849 2543 2903 denuo
2600 2848 3035 2903 dubitationibus
3095 2844 3470 2901 dubitationes

1904 2943 2079 2997 addis.

1975 3035 2139 3087 (illac.
2178 3034 2315 3100 Quid
2347 3042 2425 3087 cst
2449 3034 2570 3094 hoc,
2595 3033 2738 3099 quod
2766 3031 3005 3083 animum
3030 3029 3257 3082 incertat
3289 3028 3466 3080 tuum?

1976 3128 2127 3182 Pius.
2163 3126 2337 3180 Latini
2417 3136 2470 3178 rt
2524 3123 2692 3178 Graeci
2760 3137 2943 3176 nonne
2996 3131 3216 3189 propter
3264 3116 3467 3172 Christi

1829 3259 1871 3312 ε
1907 3220 2064 3272 tidem
2094 3218 2434 3273 convenere?

1978 3310 2142 3363 Rhac.
2187 3310 2262 3362 Ita
2293 3320 2397 3363 est.

1978 3402 2127 3455 Pius.
2157 3401 2441 3467 Quomodo
2465 3402 2646 3467 itaque
2676 3398 2726 3452 id
2755 3399 2867 3453 ﬁeri
2907 3398 3100 3467 potuit,
3132 3404 3190 3449 ut
3226 3396 3277 3448 bi
3313 3394 3469 3447 Iidem

1906 3506 2172 3555 etin-rent,
2232 3494 2305 3547 illi
2365 3492 2854 3545 venumlarentnr?
2918 3490 3057 3556 Quid
3118 3491 3218 3542 hoc
3274 3487 3475 3540 fuerit?

1908 3587 2097 3641 Nonne
2118 3586 2168 3638 id
2201 3586 2377 3654 potius
2408 3585 2701 3652 impietatis
2726 3600 2888 3651 quam
2944 3583 3158 3651 pietatis
3187 3581 3303 3636 est?

1980 3678 2097 3730 Dic.
2131 3676 2324 3730 .l’rorul
2355 3676 2523 3729 dubio
2555 3674 2850 3744 impietatis
2909 3673 3168 3741 illiusque
3199 3672 3468 3725 maximre.

1981 3768 2139 3821 Rhac.
2204 3767 2494 3836 Propterea
2554 3782 2653 3820 nos
2709 3767 2854 3819 illam
2917 3780 3021 3818 non
3073 3763 3469 3833 amplectimur,

1911 3870 2167 3930 tanquam
2201 3863 2478 3930 qna-citra
2506 3860 2757 3929 dogmata
2778 3858 2940 3927 impie
2964 3858 3154 3927 egerit,
3183 3867 3235 3912 et
3260 3856 3468 3913 Patres,

1912 3955 2002 4022 qui
2038 3954 2091 4006 in
2130 3969 2246 4005 eam
2280 3970 2493 4013 vertere,
2518 3954 2875 4015 detestamur,
2900 3964 3158 4018 tanquam
3192 3950 3281 4019 qui
3312 3949 3468 4001 iidem

1912 4046 2231 4099 muneribus
2265 4046 2621 4112 prodiderint.
2649 4045 2710 4097 Et
2741 4053 2890 4097 recte
2932 4042 3165 4111 agimus.
3194 4057 3316 4093 cum
3348 4057 3470 4094 cuin

1912 4139 2003 4207 qui
2032 4156 2223 4194 eorum
2254 4138 2430 4206 impia:
2452 4137 2722 4206 opinionis
2752 4137 3024 4205 particeps
3082 4151 3186 4188 non
3218 4133 3340 4199 fuit,
3372 4134 3474 4187 Ec-

1913 4232 2134 4285 rlesiam
2154 4230 2514 4299 appellamus,
2541 4230 2726 4296 illique
2753 4228 2915 4280 veluti
2945 4227 3262 4295 SyuagOgm,
3281 4236 3334 4278 et
3367 4243 3473 4278 non

1914 4324 2120 4392 synodo
2173 4320 2616 4386 contradicimus,
2689 4319 2936 4387 exemplo
2994 4317 3162 4372 divini
3229 4317 3469 4371 Maximi.

1913 4413 2160 4482 Namque
2183 4421 2306 4479 post
2330 4423 2580 4480 quartam
2629 4410 2895 4481 synodum
2946 4408 3309 4463 Monothelitre
3348 4425 3481 4463 con-

1915 4512 2133 4575 gregata
2159 4504 2369 4573 synodo
2394 4503 2665 4572 propriam
2700 4502 2949 4556 limresini
2983 4502 3157 4570 palam
3219 4502 3482 4570 prtedica-

232 4592 547 4659 ἀναφανδὸν
589 4592 958 4661 ἀνεκήρυξαν,
1004 4592 1097 4644 καὶ
1137 4594 1547 4660 οἰκουμενικὴν,
1579 4590 1681 4659 φεῦ
1707 4591 1806 4659 τῆς

1916 4604 2063 4648 runt.
2091 4593 2153 4647 Et
2178 4608 2296 4645 eam
2324 4593 2714 4657 universalem,
2756 4592 2857 4645 heu
2905 4590 3269 4646 dementiam!
3304 4594 3483 4646 omni-

229 4683 611 4753 ἀϐελτηρίαςι
651 4683 822 4752 αὐτὴν
861 4686 975 4745 τοῖς
1007 4683 1144 4736 πᾶσι
1194 4683 1683 4753 διατρανώσαντες,
1716 4685 1809 4735 καὶ

233 4780 430 4831 πᾶσαν
455 4777 552 4846 τὴν
586 4775 875 4847 Ἀνατολὴν
903 4774 1088 4844 σχεδὸν
1110 4775 1213 4828 ὑπὸ
1232 4774 1329 4847 τὴν
1360 4775 1537 4828 αὐτῶν
1560 4775 1813 4827 ἀσέϐειαν

234 4867 705 4932 καταπείσαντες,
753 4868 844 4919 τὸν
893 4867 1036 4919 θεῖον
1093 4867 1261 4935 ἄνδρα
1318 4866 1511 4919 τοῦτον
1561 4867 1813 4937 βιάζουσι

230 4961 310 5031 τῇ
346 4958 555 5011 ἑαυτῶν
590 4956 799 5028 αἱρέσει
859 4958 1175 5025 ὁμονοῆσαι.
1209 4973 1228 5007 ι
1306 4958 1485 5021 Πᾶσα,
1535 4958 1734 5025 φασὶν,
1781 4957 1814 5026 ὴ

230 5055 340 5108 τοῦ
377 5052 613 5125 Χριστοῦ
655 5051 957 5120 Ἐκκλησία
984 5052 1223 5120 όμονοεῖο
1255 5050 1416 5119 μόνος
1445 5050 1500 5101 δὲ
1526 5049 1587 5102 σύ
1621 5066 1683 5117 γε
1710 5051 1818 5102 τῶν

231 5148 428 5202 ἄλλων
452 5145 697 5215 ἐγκαυχᾷ
719 5144 978 5215 φρονήσει
1005 5142 1224 5195 πάντων
1246 5142 1534 5212 ὑπερέχειν
1558 5159 1605 5206 ;i
1645 5142 1818 5193 Ἐκεῖ-

233 5258 336 5301 νος
377 5238 432 5290 δὲ
474 5236 568 5291 δύο
607 5236 715 5291 τῶν
749 5236 1008 5306 μαθητῶν
1034 5276 1048 5301 ,
1076 5234 1127 5288 οἶ
1166 5235 1322 5304 μόνοι
1356 5234 1609 5305 παρῆσαν
1648 5232 1817 5303 αὐτῷ,

238 5332 367 5384 τῶν
401 5329 575 5383 ἄλλων
618 5328 873 5382 ἁπάντων
937 5329 1016 5390 εἰς
1057 5328 1156 5396 τὴν
1208 5327 1421 5397 αἵρεσιν
1460 5324 1822 5396 ἐμπεπτωκό-

230 5442 389 5484 των,
420 5421 553 5492 πρὸς
584 5420 775 5474 ἑαυτὸν
806 5418 1153 5487 ιπισυνάγων
1179 5420 1272 5471 καὶ
1306 5416 1819 5487 ὲναγκαλιζόμενος,

238 5532 270 5565 ς
333 5512 557 5581 Ἡμεῖς,
606 5510 863 5579 ἔφασκεν,
918 5512 951 5579 ὴ
1005 5508 1100 5562 τοῦ
1154 5507 1396 5579 Χριστοῦ
1437 5507 1755 5575 Ἐκκλησία.
1798 5525 1817 5558 r

229 5604 530 5671 Στέφανον
557 5603 612 5656 δὲ
641 5604 862 5674 οἴδαμεν
881 5605 978 5673 τῆς
995 5601 1166 5670 ’ἑκτης
1197 5600 1417 5653 συνόδου
1451 5598 1549 5668 τῆς
1579 5601 1635 5651 ὲν
1671 5601 1823 5650 Κων-

226 5696 701 5750 σταντινουπόλει
741 5695 1044 5763 γενομένης
1076 5693 1337 5747 τάναντία
1366 5691 1595 5759 λέγοντά
1638 5706 1696 5742 τε
1731 5691 1826 5742 καὶ

222 5775 591 5857 ⁸ι-ερὰτῖτοντα,
651 5790 743 5841 καὶ
808 5788 1052 5858 μηδόλως
1110 5787 1286 5857 ταύτῃ
1339 5784 1666 5854 βουλόμενον
1708 5784 1826 5837 πεί-

230 5882 476 5936 Οεςοαι.
512 5881 677 5935 Ὅθεν
726 5881 1005 5942 κινδύνους
1075 5879 1381 5949 ἀφορήτους
1432 5878 1673 5945 ὑπέστη,
1731 5876 1825 5928 καὶ

1914 4683 2013 4737 bus
2041 4683 2397 4747 declarantes,
2422 4692 2475 4737 et
2499 4683 2809 4736 universum
2834 4678 3106 4735 Orientem
3129 4681 3239 4738 fere
3266 4684 3479 4751 propria

1916 4774 2189 4841 impietate
2217 4781 2543 4843 prementes,
2583 4772 2827 4827 divinum
2857 4773 3002 4827 hunc
3024 4774 3196 4827 virum
3222 4774 3487 4839 cogebant

1917 4874 1975 4915 nt
1999 4879 2184 4919 secum
2210 4863 2560 4917 concordiam
2585 4864 2981 4932 conglutinaret
3010 4882 3023 4918 :
3051 4863 3289 4929 «Omnis,
3312 4864 3483 4929 aiunt,

1916 4953 2121 5010 Christi
2148 4953 2385 5009 Ecclesia
2428 4969 2660 5009 concors
2711 4963 2817 5009 est.
2867 4953 3112 5010 Solustu
3160 4956 3300 5009 inter
3348 4958 3487 5009 alios

1919 5047 2191 5117 gloriaris,
2250 5047 2490 5115 reliquos
2556 5062 2747 5102 omnes
2780 5048 3072 5117 prudentia
3126 5064 3385 5115 superare
3410 5050 3480 5101 ‘?i

1920 5139 2008 5193 Ille
2042 5154 2169 5192 vero
2197 5138 2335 5192 duos
2359 5154 2423 5192 ex
2455 5138 2762 5209 discipulis,
2794 5139 2885 5207 qui
2912 5138 3013 5208 ipsi
3048 5140 3295 5204 aderant,
3326 5150 3489 5194 caete-

1921 5232 1998 5284 ris
2025 5229 2356 5283 omnibusin
2387 5228 2637 5283 haeresim
2692 5230 2985 5299 prolapsis,
3025 5228 3090 5282 ad
3139 5245 3199 5284 se
3237 5230 3484 5291 trahens.

1923 5323 2358 5390 amplectensque
2410 5337 2425 5374 :
2486 5318 2647 5385 «Vos,
2712 5319 2945 5384 dicebat,
2991 5319 3197 5375 Christi
3246 5321 3488 5376 Ecclesia

1921 5411 2074 5465 estis.
2104 5428 2121 5461 ι
2148 5409 2237 5464 Sic
2258 5410 2462 5465 scimus
2489 5407 2821 5479 Stephanum
2847 5420 3010 5465 sexta:
3031 5409 3493 5483 Constantinopos

1927 5504 2108 5557 litana:
2138 5501 2331 5573 synodi
2388 5503 2759 5557 adversarium
2792 5512 2849 5556 et
2904 5513 3357 5575 oppugnatorem,
3392 5504 3497 5559 illi-

1926 5614 2029 5667 que
2060 5596 2237 5651 modis
2260 5596 2517 5651 omnibus
2549 5595 2935 5665 rel‘ragantem,
2993 5598 3137 5653 unde
3180 5580 3494 5653 intolerabi-

1925 5691 1993 5744 lia
2025 5690 2340 5743 discrimina
2406 5689 2592 5753 subiit,
2655 5692 2983 5760 tandemque
3026 5691 3099 5745 illi
3160 5706 3490 5760 repugnans,

1926 5780 2189 5851 martyrio
2210 5790 2503 5836 coronatus
2532 5787 2617 5835 est
2650 5797 2665 5845 ς
2699 5788 2755 5833 ut
2784 5780 2829 5836 si
2859 5781 2985 5850 quis
3013 5780 3309 5836 Ecclesium
3362 5796 3496 5835 con--

1928 5873 2167 5942 Spexcrit
2200 5871 2479 5928 fraudibus
2539 5871 2897 5942 implicatam,
2960 5870 3280 5942 jnrcutcrito
3326 5870 3487 5938 dicct,
