4164 6426
199 391 291 451 989
1143 404 1645 465 DlSCEPTA'l‘lO
1682 412 1833 470 l’llO
1872 416 2063 476 CONC
2116 416 2489 478 FLOREXT.

3341 420 3448 484 990

203 513 303 574 psi;
339 513 427 562 xa‘:
467 512 807 584 ἱερομὸνσχοι
846 519 996 582 ὅντες
1021 536 1033 547 ·
1070 523 1164 575 καὶ
1198 523 1488 595 καθαίρετε
1520 530 1611 582 καὶ
1645 530 1745 599 ἁρ-

1859 532 1902 575 tt
1929 536 2063 581 alter
2101 529 2328 581 alterum
2349 545 2376 581 a
2404 529 2576 583 sacris
2598 529 2815 581 arcetis.
2836 528 3012 594 Quare
3034 546 3137 582 non
3181 534 3448 601 antipajm

194 605 280 667 γον
315 608 514 658 ποιεῖτε
561 603 640 669 εἷς
687 611 778 662 τὸν
824 612 1037 682 ἓτερον.
1084 618 1247 671 Ὥστε
1279 621 1339 672 οὑ
1371 622 1459 673 διὰ
1485 624 1573 674 τὸν
1602 627 1754 676 ἀντι-

194 695 439 761 πάππαν,
469 697 544 762 ὡς
577 700 816 769 εἴρηται,
848 707 876 757 ὁ
911 706 1166 774 Εὑγένιος
1190 712 1414 765 ἐκάλεσε
1444 716 1570 778 τοὺς
1593 718 1755 785 Γραι-

191 788 332 850 κοὺς,
370 788 484 841 ἀλλ’
535 791 623 845 ἵνα
678 794 1076 870 εἰρηνοποιήσῃ
1128 802 1226 871 τὴν
1268 804 1621 873 Ἐκκλησίαν.
1657 810 1752 862 καὶ

192 880 396 952 συνάψῃ
421 883 487 934 τὰ
519 884 809 947 διεστῶτα.
838 891 1018 944 καὶτὰ
1044 894 1514 965 διεσκορπισμένα
1542 900 1636 953 τοῦ
1668 902 1753 955 δε-

189 976 445 1029 σποτικοῦ
481 979 736 1050 σώματος
786 986 922 1053 μέλη
976 990 1317 1061 συναρμόσῃ,
1343 993 1437 1043 καὶ
1471 994 1753 1066 συναγάγῃ

187 1071 261 1131 είς
314 1070 371 1122 ἒν
404 1073 585 1136 μέλος.
632 1076 729 1128 Διὰ
764 1076 924 1131 τοῦτο
950 1082 1043 1133 καὶ
1071 1084 1139 1134 τὰ
1174 1081 1284 1137 ἴδια
1315 1086 1577 1154 χρήματα
1614 1087 1753 1155 μετὰ

184 1166 358 1229 χαρᾶς
394 1166 628 1237 ἔπεμψε.
664 1170 777 1224 Καὶ
806 1171 970 1235 εὐθὺς
1005 1173 1111 1241 πρὸ
1141 1174 1235 1228 τοῦ
1264 1176 1504 1240 ἐξελθεῖν
1537 1179 1647 1231 τῶν
1678 1182 1754 1232 ol-

170 1258 345 1313 ,κείων
400 1259 586 1323 οἴκων,
633 1263 826 1317 ἐλαϐεν
878 1265 1108 1330 ἕκαστος
1142 1268 1201 1321 τδ
1235 1273 1569 1339 τεταγμένον
1603 1272 1753 1342 αὑτῷ

182 1354 513 1421 σιτηρέσιον.
570 1357 677 1408 Καὶ
712 1356 886 1434 οὕτως
939 1360 1171 1431 ἔτρεφεν
1208 1364 1426 1427 αὐτοὺς.
1454 1364 1549 1417 ἀπ’
1579 1366 1750 1434 αὑτῆς

178 1441 422 1507 δηλονότι
445 1447 543 1517 τῆς
571 1448 787 1512 Πόλεως
821 1433 983 1522 μέχρι
1007 1453 1209 1519 τέλους.
1243 1456 1353 1511 Καὶ
1379 1456 1464 1510 διὰ
1486 1459 1591 1510 τῶν
1623 1433 1756 1511 ἁνα-

178 1537 450 1602 )ωμάτων
493 1539 661 1594 αὑτοῦ
712 1537 875 1612 ἦλθον
927 1547 1003 1605 εἰς
1044 1547 1143 1616 τὴν
1184 1546 1434 1611 Ἰταλίαν,
1470 1551 1566 1604 καὶ
1600 1550 1754 1620 βασι-

174 1631 323 1697 λεὺς,
356 1634 447 1686 καὶ
481 1632 848 1707 πατριάρχης.
882 1641 974 1693 καὶ
1006 1644 1034 1695 ό
1066 1641 1251 1706 λοιπὸς
1278 1644 1481 1714 κλῆρος
1508 1662 1522 1676 ο
1558 1647 1654 1700 καὶ
1688 1646 1747 1699 οὑ

173 1730 341 1794 μόνον
368 1728 557 1790 τοῦτο,·
576 1728 709 1782 ἀλλὰ
743 1733 837 1785 κιὶ
866 1734 1202 1804 ὁπλοφόρους
1230 1738 1608 1805 ἐμισθώσαντο
1641 1739 1752 1792 δισ-

170 1819 385 1887 χιλίους
443 1821 677 1894 ἄνδρας,
736 1826 955 1894 βλέπειν
1005 1830 1106 1898 τὴν
1180 1831 1751 1886 Κωνσταντινούπολιν

174 1912 347 1983 μέχρι
383 1915 485 1981 τῆς
535 1917 796 1971 ἐπανόδου
830 1920 926 1972 τοῦ
960 1920 1250 1988 βασιλέως,
1276 1923 1363 1977 διὰ
1394 1924 1502 1977 τῶν
1533 1927 1747 1978 ἐκείνου

168 2006 503 2074 χρημάτων.
544 2010 653 2063 Καὶ
680 2012 781 2064 οὐκ
807 2012 966 2075 εὐθὺς
998 2014 1247 2077 ἐλθόντες
1290 2016 1607 2088 ἡνώθησαν,
1634 2019 1750 2073 ἀλλ’

170 2098 513 2162 ἠγωνίζοντο
560 2100 841 2166 ἐνιαυτοὺς
878 2103 971 2157 δύο
1005 2106 1073 2160 τὰ
1116 2107 1255 2177 μέρη
1303 2108 1618 2179 ἀμφότερα,
1655 2112 1752 2164 καὶ

164 2192 192 2242 ό
232 2192 390 2255 ἀγὼν
421 2196 513 2246 τὸν
548 2194 738 2262 ἀγῶνα
765 2197 1001 2266 ἐδέχετο,
1034 2200 1125 2251 καὶ
1160 2202 1193 2271 ἡ
1240 2201 1480 2269 διάλεξις
1510 2204 1607 2275 τὴν
1634 2206 1752 2259 διά-

166 2282 343 2347 λεξιν,
380 2284 472 2336 καὶ
521 2286 569 2338 οἱ
625 2288 997 2358 διαλεγόμενοι
1030 2293 1126 2363 οὑχ
1178 2295 1409 2364 ἡσυχίαν
1446 2293 1602 2368 ἦγον,
1634 2298 1753 2351 ἀλλ’

164 2376 498 2445 ἠγρύπνουν
535 2382 629 2435 ἐπὶ
655 2384 829 2453 τούτῳ
858 2386 1192 2454 μελετῶντες
1218 2368 1390 2444 νύκτα
1415 2409 1475 2443 τε
1503 2392 1590 2444 καὶ
1618 2392 1755 2459 ἡμέο

168 2488 297 2535 ραν,
335 2472 431 2525 καὶ
485 2475 816 2541 ἐσπούδαζον
863 2480 1095 2543 ἕκαστος
1145 2482 1621 2550 ὑπερασπίζεσθαι
1656 2487 1751 2540 τοῦ

164 2566 385 2618 οἰκείου
421 2568 643 2637 μέρους,
671 2569 776 2633 ἓως
806 2572 928 2625 ὅτου
962 2577 1340 2647 συνεπερέινθη
1364 2578 1424 2630 τδ
1452 2578 1632 2647 ἔργον,
1656 2580 1753 2634 καὶ

168 2657 479 2728 ἠνώθησαν
518 2663 656 2729 μετὰ
690 2666 890 2732 χαρᾶς,
923 2666 1021 2735 τῆς
1048 2667 1329 2735 ἀληθείας,
1355 2670 1448 2721 καὶ
1472 2671 1532 2723 οὑ
1563 2670 1753 2743 δώρων

162 2750 370 2812 ἕνεκα,
401 2754 495 2805 καὶ
542 2753 913 2826 ὑπεχώρησαν
946 2757 1023 2827 τῷ
1053 2758 1307 2828 δόγματι,
1356 2761 1431 2830 μὴ
1467 2762 1753 2833 δυνάμενοι

164 2844 509 2910 ἀντιλέγειν,
541 2847 685 2901 οὕτω
731 2849 1001 2919 λαμπρῶς
1032 2854 1279 2921 φανέντι,
1306 2857 1403 2907 καὶ
1429 2856 1755 2928 ὑπέγραψαν

162 2937 543 3007 ἀγαλλόμενοι
571 2943 711 3012 μετὰ
740 2945 1051 3015 προθυμίας
1075 2948 1295 3015 ἁπάσης
1319 2967 1379 3002 τε
1408 2954 1502 3003 καὶ
1521 2954 1580 3005 οὑ
1611 2952 1753 3022 βίας,

159 3029 240 3091 ὡς
277 3030 495 3099 λέγετε.
531 3034 640 3086 Καὶ
670 3034 1013 3107 λειτουργίας
1056 3038 1356 3106 γενομένης
1381 3040 1699 3111 ἀνεγνώσθη
1728 3044 1755 3095 ό

159 3126 325 3191 ὄρος,
381 3128 477 3178 καὶ
512 3128 561 3180 οἱ
608 3129 873 3198 ἡμέτεροι
930 3131 1358 3200 ἀρχιεπίσκοποι
1413 3135 1754 3206 ἐνδεδυμένοι

1857 633 2024 672 causa
2050 619 2559 688 EugeniusGt-zccns
2581 622 2889 685 accersivit,
2918 622 3009 674 sed
3039 631 3094 674 ut
3150 640 3278 690 pace
3294 641 3332 677 u
3380 626 3435 679 in

1862 710 2098 766 Ecclesia
2125 724 2495 781 componeret,
2532 723 2586 768 et
2619 716 2763 767 inter
2790 715 3056 769 discissos
3088 717 3442 770 concordiam

1857 806 2276 871 conglutinaret.
2302 815 2355 860 et
2377 807 3169 878 Dominicicorporisdispersa
3197 810 3442 863 membra

1856 899 2232 969 conjungeret,
2293 910 2347 955 et
2414 902 2464 954 in
2524 918 2690 954 unum
2756 904 3020 957 obstricta
3068 917 3440 970 componet-et.

1856 986 2147 1058 Propterea
2181 992 2429 1060 proprias
2455 1009 2672 1060 quoquc
2706 995 2970 1060 pecunias
3025 1012 3135 1047 non
3188 996 3309 1048 sine
3362 994 3443 1046 iit-

1858 1084 2003 1149 genti
2026 1084 2193 1138 animi
2252 1086 2680 1155 promptilndine
2724 1097 2778 1138 et
2828 1088 3025 1155 gaudio
3082 1088 3250 1144 misit.
3317 1087 3443 1141 Sta—

1860 1177 2063 1245 timque
2095 1180 2294 1247 singuli
2322 1190 2611 1248 antequam
2637 1180 2801 1233 domo
2834 1181 3252 1249 egrederentur,
3300 1199 3443 1250 prae-

1855 1272 2119 1339 Scriptum
2150 1273 2254 1326 sibi
2283 1273 2612 1340 stipendium
2656 1289 2941 1341 accepi-re,
2978 1284 3033 1327 et
3063 1274 3166 1327 hac
3226 1277 3441 1328 ratione

1855 1364 2070 1417 eosdem
2099 1363 2309 1433 abipso
2348 1365 2500 1418 urbis
2541 1365 3163 1433 Constantinopolitanm
3211 1381 3434 1435 egressu

1855 1456 1920 1508 ad
1960 1470 2261 1525 regressum
2287 1456 2341 1511 in
2372 1456 2545 1524 ipsam
2579 1457 2781 1523 alebat,
2813 1468 2867 1513 et
2903 1459 3160 1525 expensis
3191 1459 3333 1512 illius
3354 1475 3416 1510 ve

1857 1548 2282 1604 nereinltaliam
2305 1560 2358 1605 et
2385 1552 2701 1620 imperator,
2745 1561 2797 1605 et
2829 1552 3163 1619 patriarcha,
3204 1563 3259 1607 et
3312 1553 3441 1605 reli-

1853 1658 1993 1711 quus
2021 1642 2230 1706 clerus;
2258 1659 2430 1712 neque
2463 1643 2513 1697 id
2547 1644 2741 1709 solum,
2775 1644 2868 1698 sed
2902 1646 3095 1698 armati
3126 1646 3290 1699 etiam
3344 1647 3443 1699 ho-

1857 1736 2032 1789 mines
2058 1736 2139 1789 bis
2168 1736 2312 1789 mille
2347 1737 2589 1804 ejusdem
2617 1739 2846 1806 pecunia
2878 1739 3137 1792 conducti
3168 1737 3340 1805 fuere,
3372 1748 3432 1791 ttt

1855 1826 1916 1874 da
1955 1823 2481 1894 Constantinopolim
2518 1828 2747 1881 reditum
2790 1830 3135 1897 imperatoris
3178 1830 3437 1883 defendi--

1856 1926 1995 1969 rent.
2028 1914 2212 1984 Neque
2258 1934 2360 1973 suo
2404 1935 2629 1975 accessu
2671 1921 2856 1975 subito
2905 1923 3160 1975 unionem
3204 1923 3439 1992 amplexi

1854 2018 2004 2071 sunt,
2025 2011 2117 2063 sed
2147 2026 2240 2080 per
2278 2013 2573 2068 continuos
2609 2015 2746 2067 duos
2804 2030 2978 2068 annos
3032 2026 3264 2083 utraque
3314 2031 3442 2085 pars

1853 2104 2312 2171 disputatioaihus
2334 2106 2703 2173 incumbebat,
2728 2118 2780 2161 et
2800 2109 3137 2163 concertatio
3154 2121 3438 2161 concerta-

1855 2196 2059 2250 tionem
2084 2196 2409 2264 excipiebat,
2432 2207 2485 2253 ct
2509 2213 2841 2268 congressus
2895 2216 3254 2270 congressum
3287 2218 3301 2266 ;
3342 2220 3440 2253 nc-

1853 2306 1958 2359 que
1983 2289 2075 2358 qui
2106 2289 2565 2356 disputationibus
2593 2300 2882 2358 praeerant,
2920 2308 3155 2361 unquam
3183 2294 3426 2359 quiesce-

1855 2385 2003 2449 hant,
2042 2383 2134 2437 sed
2159 2394 2477 2451 argumenta
2500 2385 2687 2438 animo
2726 2385 3023 2449 volventes,
3083 2394 3272 2437 noctes
3298 2387 3441 2439 dii-s-

1853 2494 1960 2545 que
1981 2476 2392 2548 pervigilabant,
2414 2487 2466 2530 et
2488 2478 2717 2546 quisque
2739 2494 2834 2545 pro
2861 2478 3078 2531 tutanda
3100 2494 3196 2531 sua
3216 2490 3443 2532 senten-

1854 2572 1925 2625 lia
1953 2570 2123 2625 nimio
2144 2570 2831 2640 operesutnebatoperam,
2886 2587 3173 2639 quousque
3223 2573 3439 2625 tandem

1856 2678 1945 2717 res
1966 2662 2170 2717 exitum
2192 2662 2400 2728 habuit,
2436 2672 2489 2716 et
2520 2662 2647 2716 unio
2681 2661 2925 2731 perfecta
2962 2662 3063 2716 fuit
3088 2678 3212 2715 cum
3238 2664 3442 2729 gaudio

1855 2754 2123 2819 veritatis,
2160 2769 2269 2808 non
2308 2770 2595 2808 munerum
2634 2755 2827 2823 gratia,
2852 2771 3158 2823 manusque
3194 2756 3441 2823 dogmati

1856 2846 2010 2902 dedet
2026 2856 2140 2912 unt,
2158 2863 2277 2901 cum
2302 2857 2491 2902 contra
2513 2848 2720 2901 hiscere
2743 2862 2851 2900 non
2882 2856 3117 2913 possent,
3140 2847 3286 2899 claro
3309 2848 3444 2899 adeo

1858 2940 2193 3007 patentique,
2226 2939 2447 3007 lectique
2466 2939 2839 3008 subscripsere
2865 2940 3108 2993 volentes
3159 2940 3447 2992 lubeutcs-

1856 3042 1983 3094 que.
2010 3042 2115 3081 non
2135 3030 2331 3093 coacti,
2356 3038 2414 3081 ut
2445 3044 2537 3082 vos
2565 3027 2747 3084 dicitis
2783 3047 2795 3082 :
2831 3045 3101 3099 sacroque
3122 3031 3304 3084 missae
3353 3048 3444 3083 sa.

1857 3116 2313 3186 criticioperacto,
2339 3119 2582 3173 definitio
2614 3120 2754 3174 lecta
2782 3129 2887 3185 est,
2920 3120 3202 3190 nostrique
3229 3122 3447 3175 ποιήε-

158 3218 268 3280 τὰς
301 3220 464 3287 ἁρχιε
477 3220 706 3287 ρατικὰς
731 3221 923 3285 στολὰς
956 3223 1196 3287 ἅπαντες
1222 3227 1280 3278 ἐν
1307 3228 1444 3298 αὑτῇ
1473 3224 1635 3300 ἦσαν,
1658 3230 1753 3285 καὶ

1859 3210 2068 3281 piSCOpi
2093 3211 2475 3266 archicraticis
2503 3212 2845 3267 vestimentis
2866 3213 3043 3267 induti
3075 3229 3268 3269 omnes
3317 3216 3447 3268 adc-

154 3311 344 3379 ὃρκου
376 3311 626 3377 δοθέντος
656 3316 713 3367 ἐν
738 3314 817 3387 τῷ
845 3317 1150 3390 δεσποτικῷ
1174 3320 1386 3390 σώματι
1410 3322 1508 3394 ἤδη
1545 3324 1756 3394 ἱερουρ-

155 3401 429 3468 γηθέντι,
451 3403 526 3466 ὠς
555 3404 697 3457 οὕτω
724 3410 942 3478 φρονεῖν
972 3410 1065 3461 καὶ
1096 3413 1376 3466 πιστεύειν
1403 3415 1485 3477 είς
1513 3414 1574 3467 τὸ
1604 3415 1754 3484 ἑξῆς,

151 3497 205 3549 οἱ
246 3497 465 3559 πάντες
499 3498 753 3567 ἁσμένως
782 3501 840 3566 ἐξ
871 3502 1206 3573 ἀμφοτέρων
1249 3504 1360 3557 τῶν
1394 3506 1577 3577 μερῶν
1606 3506 1755 3574 ῶμο·

154 3610 296 3655 σαν,
330 3591 482 3645 οὕτω
519 3593 798 3647 πιστεύειν
841 3612 899 3647 τε
948 3596 1044 3669 καὶ
1088 3600 1330 3666 φρονεῖν,
1360 3602 1455 3652 καὶ
1492 3600 1757 3671 ἀλλήλους

153 3688 313 3755 μετὰ
352 3686 612 3755 δακρύων
637 3688 732 3740 καὶ
758 3690 937 3758 χαρᾶς
968 3689 1200 3759 ἀπείρου
1238 3691 1571 3761 ἠσπάζοντο,
1596 3694 1672 3757 ὡς
1697 3694 1757 3749 τὸ

149 3779 445 3843 πολυετές
477 3781 630 3833 τουτὶ
664 3780 871 3851 σχίσμα
907 3783 1064 3850 ἔτυχε
1105 3782 1205 3851 τῆς
1241 3784 1459 3847 ἰάσεως,
1486 3786 1582 3838 καὶ
1614 3786 1756 3857 Χρι-

147 3872 391 3924 στισνολ⁵
408 3870 684 3941 ὀρθὸδοξοι
707 3872 935 3943 Γραικοὶ
964 3875 1057 3928 καὶ
1086 3877 1310 3930 Λατῖνοι
1339 3878 1398 3933 ἐν
1426 3878 1601 3951 ταύτῃ
1626 3880 1760 3951 ἀνη-

144 3965 551 4034 γορεύθησαν.
586 3966 695 4018 Καὶ
726 3968 754 4018 ὁ
792 3968 920 4036 ὄρος
950 3970 1031 4029 εἰς
1069 3970 1246 4023 πᾶσαν
1294 3972 1393 4039 τὴν
1426 3973 1758 4043 οἰκουμένην

140 4055 492 4123 διίδραμεν.
534 4056 839 4127 Ἑλληνιστὶ
887 4062 981 4111 καὶ
1016 4060 1321 4131 Ῥωμαϊστὶ
1344 4064 1756 4132 γεγραμμένος.

144 4151 269 4203 Καὶ
307 4152 507 4213 αὐτὸς,
540 4151 597 4203 ὃν
626 4151 805 4219 λέγεις
840 4151 1095 4221 Ἐφέσου,
1126 4155 1319 4220 παρὼν
1338 4151 1408 4226 ἦν
1437 4158 1573 4220 ἐκεῖ,
1606 4158 1755 4210 ἐνδε-

137 4244 208 4297 δυ
221 4245 413 4313 μένος
446 4246 540 4296 καὶ
574 4243 739 4308 αὑτὸς
788 4242 888 4313 τὴν
936 4245 1336 4317 ἀρχιερατικὴν
1366 4249 1531 4302 αὐτοῦ
1566 4250 1759 4320 στολὴν

142 4338 309 4403 μετὰ
348 4336 469 4388 τῶν
500 4336 726 4400 λοιπῶν,
774 4339 869 4391 καὶ
901 4337 1106 4408 ὕμνους
1134 4340 1345 4394 ἔδωκαν
1393 4340 1471 4411 τῷ
1512 4342 1633 4412 Θεῷ
1665 4344 1760 4397 καὶ

132 4429 491 4496 δοξολογίας
516 4431 583 4482 τὰ
618 4430 758 4501 μέρη
794 4432 1109 4501 ἀμφοτέρα,
1139 4433 1216 4502 τῷ
1263 4434 1564 4503 συνάψαντι
1596 4437 1760 4489 πάλιν

118 4524 213 4575 τὰ
262 4521 426 4591 μέλη
459 4522 552 4574 τοῦ
582 4522 849 4592 μυστικοῦ
876 4523 1043 4576 αὑτοῦ
1067 4525 1346 4594 σώματος,
1374 4528 1631 4580 τοσοῦτον
1657 4528 1757 4598 ήδη

133 4615 377 4683 χρόνον
410 4613 770 4684 διερρωγότα.
809 4615 919 4667 Καὶ
947 4614 1175 4686 οὐρανὸς
1226 4617 1324 4686 μὲν
1367 4593 1756 4690 ηὐφράνθη
1798 4593 1837 4653 D

129 4711 359 4777 ἡμέρᾳ
394 4707 605 4776 ἐκείνῃ,
636 4707 707 4775 γῆ
736 4706 794 4760 δὲ
820 4705 1209 4777 ἠγαλλιάσατο,
1245 4709 1341 4762 καὶ
1385 4709 1609 4778 ἄγγελοι
1647 4714 1760 4775 τοῖς

130 4799 497 4871 ἀνθρώποις
528 4800 871 4869 συνέχαιρον.
912 4800 1037 4864 Πῶς
1066 4796 1183 4866 οὖν,
1227 4802 1468 4871 ἀδελφοὶ,
1498 4806 1759 4876 τοιαύτην

127 4897 239 4947 καὶ
279 4892 579 4961 τοσαύτην
612 4891 789 4964 χαρὰν
819 4894 900 4957 εἰς
934 4893 1116 4963 θλίψιν
1142 4894 1304 4965 ὑμεῖς
1334 4895 1429 4948 καὶ
1454 4897 1760 4965 κατήφειαν

127 5005 206 5057 με
217 5003 302 5039 τα
313 4985 535 5038 ποιεῖτε
555 5000 573 5049 ;

221 5078 423 5132 Ῥακ.
468 5076 582 5129 Οὐκ
635 5076 898 5146 ἤκουσας,
934 5080 1018 5134 ὅτι
1054 5081 1210 5134 αὑτοὶ
1245 5083 1469 5147 ἐκεῖνοι,
1522 5085 1573 5137 οἱ
1640 5084 1761 5137 ἐκεῖ

124 5166 601 5238 ὑπογράψαντες
626 5168 684 5219 ἐν
719 5169 1290 5225 Κωνσταντινουπόλει
1321 5175 1628 5241 γενόμενοι,
1659 5175 1754 5228 τά-

118 5260 362 5314 ναντία,
430 5258 642 5325 ελεγον,
675 5261 769 5311 καὶ
813 5260 961 5321 ὅπως
1008 5264 1036 5314 ὁ
1077 5262 1305 5331 Ἐφέσου
1351 5265 1451 5316 οὑκ
1506 5264 1759 5336 ἐπείσθη,

116 5355 269 5409 οὐδὲ
331 5350 662 5421 ὑπέγραψε,
700 5352 905 5421 μᾶλλον
934 5353 991 5406 δέ
1025 5356 1120 5407 καὶ
1170 5357 1453 5427 στραφεὶς,
1480 5358 1620 5410 κατᾶ
1652 5360 1759 5410 Λα-

112 5450 319 5500 τίνων
354 5443 740 5513 ξυνέγραφενς
775 5446 931 5500 Ἐπεὶ
953 5447 1047 5501 οὖν
1073 5452 1304 5512 ἐκεῖνος,
1332 5453 1482 5513 ὅστις
1512 5451 1759 5521 ὑπῆρχεν

113 5536 214 5605 εἷς
252 5539 399 5592 τῶν
432 5537 856 5606 διαλεγομένων,
903 5541 1002 5610 οὐχ
1059 5541 1405 5612 ὑπέγρειψεν⁹
1444 5544 1560 5605 πῶς
1592 5546 1759 5614 ἡμεῖς

110 5640 193 5705 τῇ
242 5631 488 5697 συνόδῳ
512 5632 688 5705 ταύτῃ
714 5636 1144 5702 συναινέσομεν;
1184 5631 1315 5688 Εἶτα
1350 5638 1585 5699 καὶτοῖς
1621 5640 1757 5691 ὑπο-

112 5730 427 5801 γράψεισι
451 5727 771 5795 μεταμέλει,
795 5727 869 5788 ὡς
891 5730 1073 5789 κακῶς
1101 5732 1391 5801 ποιήσασιν
1415 5732 1748 5801 ὑπογράψας,

112 5827 234 5878 καὶ
267 5821 388 5874 διὰ
422 5817 584 5870 τοῦτο
609 5820 706 5880 τὰς
731 5822 918 5889 χεῖρας
945 5823 1022 5882 εἰς
1047 5823 1218 5889 τομὴν
1248 5823 1533 5886 ἐξέτεινον,
1565 5825 1657 5875 καὶ
1681 5826 1757 5892 τῷ

130 5919 421 5987 Ἐιὶόσου
486 5913 823 5983 συμπέμψω
924 5918 1014 5969 καὶ
1074 5919 1235 5973 αὑτὸν
1291 5920 1626 5988 ἐμακάριζον
1680 5920 1752 5991 νὴ

1858 3317 2000 3375 rant,
2028 3314 2081 3361 et
2121 3306 2480 3376 jurejurando
2503 3305 2667 3379 δυ’ρου
2687 3309 2902 3363 Domini
2935 3309 3266 3378 corpusjam
3315 3326 3447 3363 con-

1856 3407 2128 3455 secratum
2148 3398 2278 3453 dato
2312 3408 2669 3469 acceptoque,
2698 3401 2767 3453 ita
2803 3414 2862 3455 se
2882 3400 3088 3454 sentire
3107 3410 3160 3453 et
3182 3400 3235 3453 in
3264 3411 3447 3470 postc-

1857 3514 1980 3553 rum
2014 3498 2320 3565 credituros
2380 3510 2541 3548 omne
2567 3494 2724 3548 avide
2749 3495 3037 3563 utriusque
3080 3495 3249 3558 partis
3294 3494 3449 3559 jura-

1858 3594 2007 3653 ruut,
2030 3588 2103 3642 ita
2130 3596 2316 3640 tenere
2339 3594 2393 3638 et
2412 3584 2657 3649 credere;
2686 3584 3003 3653 mutuisque
3025 3601 3083 3637 se
3103 3585 3449 3653 amplexibus

1858 3676 2316 3733 deosculabantur
2350 3690 2458 3729 non
2511 3676 2630 3730 sine
2687 3675 2944 3746 Iacrymis
2990 3686 3045 3729 et
3096 3676 3448 3730 inenarrabili

1859 3773 2057 3843 gaudio
2083 3788 2101 3835 ;
2129 3770 2272 3840 quod
2305 3771 2567 3825 diuturno
2592 3770 2877 3826 schismati
2901 3771 3199 3825 remedium
3220 3772 3452 3824 allatum

1858 3878 1913 3923 et
1940 3866 2242 3923 Christiani
2268 3864 2558 3920 orthodoxi
2590 3875 2706 3919 tmn
2729 3865 2923 3930 Graeci,
2961 3876 3074 3918 tum
3138 3864 3315 3918 Latini
3388 3865 3444 3919 in

1859 3976 1921 4014 ea
1955 3960 2240 4014 acclamati
2279 3969 2429 4025 sunt,
2464 3969 2518 4013 et
2539 3958 2787 4012 deﬁnitio
2820 3974 2916 4027 per
2943 3966 3116 4011 totum
3170 3968 3443 4012 terrarum

1859 4056 2048 4109 orbein
2075 4053 2406 4119 convolavit,
2465 4052 2655 4108 Graece
2704 4050 3059 4118 Romaneque
3106 4051 3448 4117 conscripta.

1875 4150 1941 4202 lit
1979 4164 2139 4217 quem
2184 4149 2298 4216 ipse
2329 4146 2491 4211 dicis,
2528 4145 2798 4215 Ephesius
2855 4147 3048 4199 aderat
3123 4161 3247 4197 cum
3298 4146 3445 4208 aliis,

1861 4242 1975 4298 suis
2001 4240 2381 4295 archieraticis
2442 4239 2688 4294 vestibus
2724 4239 2982 4303 amictus,
3020 4248 3074 4292 et
3106 4238 3335 4307 hymnos
3389 4250 3446 4291 et

1861 4338 2294 4393 collaudatioues
2318 4351 2445 4405 pars
2474 4344 2707 4404 utraque
2735 4335 2993 4389 exhibuit
3020 4336 3150 4400 Deo,
3182 4337 3274 4402 qtti
3328 4351 3449 4386 rur-

1860 4446 1956 4487 sus
1979 4431 2061 4484 sui
2086 4430 2333 4499 corporis
2349 4429 2562 4499 mystici
2596 4429 2835 4481 membra
2865 4438 3018 4479 tanto
3047 4426 3276 4479 discissa
3304 4436 3441 4478 tem-

1862 4541 1993 4595 pore
2022 4524 2075 4578 in
2106 4540 2272 4579 unum
2311 4522 2621 4577 coalescere
2686 4521 2837 4577 fecit.
2875 4520 2937 4573 Et
2968 4536 3051 4573 cce
3079 4535 3167 4572 um
3228 4520 3449 4587 quidem

1866 4635 1932 4673 eo
1970 4617 2059 4670 die
2112 4616 2352 4670 lzctatum
2405 4628 2511 4680 est,
2568 4624 2713 4668 terra
2780 4614 3076 4668 exsultavit
3132 4614 3333 4683 gaudio
3397 4622 3451 4667 et

1862 4710 2037 4778 angeli
2066 4724 2190 4761 cum
2227 4707 2541 4761 hominibus
2564 4706 2812 4775 ejusdem
2873 4707 3171 4775 voluptatis
3230 4706 3453 4774 particio

1844 4818 1955 4871 ,pes
1987 4802 2111 4855 facti
2140 4811 2285 4855 sunt.
2322 4800 2438 4866 Qua
2470 4816 2635 4855 causa
2670 4800 2853 4869 itaque
2918 4799 3115 4854 fratres
3175 4804 3334 4854 talem
3387 4816 3451 4854 ac

1864 4905 2069 4948 tantam
2100 4895 2341 4950 lictitiam
2372 4895 2425 4948 in
2454 4908 2745 4949 mterorem
2812 4908 2875 4948 ac
2907 4894 3180 4947 tristitiam
3206 4909 3452 4947 comnm-

1866 4990 1993 5042 tatis
2021 4988 2044 5040 ?

1940 5081 2105 5135 Rhac.
2143 5078 2333 5135 Nonne
2365 5080 2567 5135 audisti
2608 5095 2706 5137 eos
2734 5080 2884 5150 ipsos
2914 5080 3006 5149 qui
3061 5081 3275 5151 synodo
3315 5085 3450 5135 sub-

1869 5172 2236 5239 scripserunt,
2268 5188 2390 5225 cum
2418 5173 2955 5243 Constantinopolim
2986 5175 3290 5235 venissent,
3318 5189 3451 5227 con-

1868 5264 2033 5318 traria
2066 5264 2415 5317 usseruisse?
2448 5265 2747 5334 Ephesium
2788 5280 2964 5331 neque
3004 5282 3202 5319 manus
3229 5266 3450 5320 dedisse

1866 5370 2043 5423 neque
2084 5354 2505 5423 subscripsisse,
2550 5356 2660 5409 imo
2695 5370 2972 5410 reversum
3012 5357 3065 5409 in
3100 5357 3329 5423 patriam
3354 5358 3450 5408 ad-

1868 5463 2061 5501 versus
2095 5448 2318 5501 Latinos
2343 5448 2513 5501 multa
2542 5449 2747 5516 scripto
2772 5449 3120 5504 tradidisse?
3181 5450 3315 5503 Cum
3349 5451 3451 5503 ita-

1869 5542 2047 5611 queis
2087 5542 2258 5611 quiex
2290 5543 2709 5610 disputantihus
2746 5559 2887 5597 unus
2944 5542 3143 5604 fuerat,
3184 5558 3290 5596 non
3322 5544 3449 5595 sub-

1868 5635 2113 5702 scripsit,
2153 5638 2429 5701 quomodo
2460 5648 2561 5686 nos
2615 5634 2688 5687 illi
2722 5634 2930 5703 synodo
2996 5650 3285 5688 assensum
3352 5636 3448 5685 ιισὶ-

1867 5728 2139 5781 lmemus?
2171 5726 2439 5779 Przctcrt-a
2476 5742 2569 5779 eos
2616 5728 2712 5795 qui
2741 5728 3211 5794 subscripserunt,
3279 5727 3447 5791 poeni-

1869 5831 1941 5875 tet
1976 5821 2118 5889 quod
2153 5821 2360 5874 nefarie
2418 5823 2677 5888 egissent,
2721 5822 2954 5887 ideoque
3008 5836 3201 5873 manus
3248 5820 3312 5873 ad
3353 5838 3443 5871 θλ-

1863 5917 2154 5975 cidendqu
2190 5918 2612 5987 proicit-iebat",
2644 5924 2696 5973 et
2751 5916 2987 5987 Ephesio
3020 5915 3445 5985 patrocinaban-
