4164 6426
780 357 884 419 995

779 464 993 517 daicum
1043 480 1382 520 aversamttr.
1441 485 1458 518 ι
1519 467 1789 529 Tertium,

784 575 803 605 ι
837 557 1062 611 Animas
1087 567 1211 626 post
1263 558 1471 610 obitum
1505 560 1816 629 cspurgztri,
1854 576 2153 629 earumque
2214 574 2346 629 pur—

775 649 1051 716 gationem
1117 650 1487 718 purgatorium
1548 661 1886 720 nuncupant.
1941 671 1958 702 ι
1997 651 2107 704 Nos
2145 653 2195 704 id
2241 666 2344 706 non

777 742 1028 795 dicimus.
1095 741 1384 806 Quartum,
1453 740 1628 796 Latini
1715 744 1931 808 dicunt,
1977 762 1994 794 ι
2035 755 2344 798 sam-torum

778 835 1011 896 animas,
1035 850 1156 885 cum
1184 848 1248 887 ex
1283 835 1381 887 bac
1404 835 1509 885 vita
1535 835 1911 904 migraverint,
1946 836 2123 889 statim
2153 837 2209 890 in
2237 852 2345 890 cce-

781 927 889 977 lmu
933 928 1252 988 ascendere,
1287 938 1337 979 et
1370 943 1476 980 una
1512 943 1634 981 cum
1669 927 1777 982 Deo
1828 931 2140 999 Sanctisque
2182 945 2344 999 ange-

777 1017 843 1070 lis
868 1018 1140 1074 habitare.
1207 1039 1224 1070 ι
1255 1019 1431 1073 Nosid
1460 1035 1564 1075 n0n
1593 1021 1972 1086 concedimus,
2029 1042 2048 1072 ε
2090 1031 2215 1076 ante
2259 1038 2344 1076 re-

775 1111 1167 1165 surrectionem
1221 1122 1273 1165 et
1307 1112 1594 1180 judicium.
1640 1130 1658 1163 ι
1722 1112 2204 1178 Quintum,Latini
2260 1113 2340 1168 di-

775 1210 927 1266 cunt,
983 1221 1001 1254 ι
1042 1218 1234 1272 papam
1296 1218 1419 1259 esse
1465 1213 1625 1274 caput
1681 1202 1935 1258 Ecclesiae
1973 1205 2196 1270 Christi,
2247 1221 2340 1273 pa-

776 1304 1024 1364 tremque
1097 1295 1531 1352 Christianorum
1590 1298 1858 1352 omnium.
1889 1316 1908 1349 ι
1971 1297 2104 1361 Nos,
2151 1315 2167 1350 ι
2212 1314 2335 1352 eum

775 1400 1038 1456 tanquam
1091 1405 1258 1442 unum
1293 1406 1358 1445 ex
1395 1391 1728 1458 patriarchis
1796 1400 2136 1460 reputamus,
2184 1401 2238 1444 et
2287 1392 2336 1445 id

773 1479 993 1546 quidem
1019 1480 1064 1534 si
1096 1482 1437 1536 ortbodoxus
1492 1482 1679 1537 fuerit.
1708 1501 1727 1533 ›
1774 1482 1895 1536 ﬂare
1929 1499 2052 1537 cum
2098 1485 2336 1555 synodus

773 1571 1424 1637 determinasset,omnes
1454 1575 1926 1632 deﬁnitiouiillius
1972 1578 2111 1632 colla
2154 1579 2336 1648 subje-

773 1677 918 1728 cere,
957 1675 1013 1719 et
1049 1665 1103 1718 bi
1142 1666 1436 1721 duodecim
1463 1670 1794 1724 sacerdotes.

1736 358 2046 418 JOSEPHI
2085 357 2624 418 METHONECNSIS
2661 359 3001 419 EPlSCOPI

3927 358 4035 418 996

1876 469 2053 522 Latini
2111 471 2302 523 dicunt
2329 510 2337 532 τ

2451 473 2682 541 ἄζυμον,
2717 475 2792 535 ὡς
2838 472 3125 524 Ἰουδαϊκὸν
3173 472 3251 525 δι.
3297 492 3315 524 ι
3362 474 3433 526 Γ.
3468 474 3531 524 ΟΞ
3579 472 3795 524 Λατῖνοι
3832 474 4036 537 λέγω..

2452 582 2560 627 σιν,
2596 567 2679 618 ὅτι
2716 583 2733 616 ι
2773 566 2827 616 αἱ
2859 564 3030 634 ψυχαὶ
3063 567 3417 635 καθαίρονται
3463 565 3602 635 μετὰ
3638 565 3904 627 θάνατον,
3940 567 4035 616 καὶ

2451 657 2855 728 Πουργατόριον
2896 659 2997 728 τὴν
3026 658 3209 710 αὐτῶν
3254 657 3524 727 κάθαρσιν
3555 657 3930 726 ὀνομάζουσιν
3952 671 3968 684 ο
4011 675 4026 704 ι

2447 751 2610 817 ἡμεῖς
2645 749 2701 802 δὲ
2739 750 2941 820 ἥκιστα
2974 748 3131 801 τοῦτο
3183 747 3440 818 λέγομεν.
3475 747 3550 802 Δ’.
3585 749 3649 800 Oi
3681 748 3913 800 Λατῖνοι
3947 747 4032 796 λέ-

2448 859 2656 908 ⁴γουσιν,
2688 844 2771 896 δτι
2808 862 2826 894 ι
2868 843 2935 894 Ai
2977 842 3147 912 ψυχαὶ
3177 841 3286 894 τῶν
3335 841 3526 909 ἀγέων,
3558 841 3724 910 ἡνίκα
3765 838 3865 891 τοῦ
3896 838 4029 906 τῇδε

2448 931 2564 1001 βίου
2602 935 3089 1005 μεταχωρήσωπιν,
3115 934 3277 996 εὐθὺς
3305 936 3385 996 είς
3407 933 3637 1004 οὐρανὸν
3665 933 3758 984 ἁνὲ
3773 947 4024 1000 ρχοντατ,

2446 1025 2538 1076 καὶ
2578 1026 2716 1094 μετὰ
2746 1026 2839 1079 τοῦ
2867 1027 3002 1078 Θεοῦ
3043 1025 3381 1089 αὐλίζονται,
3434 1025 3528 1078 καὶ
3563 1024 3672 1076 τῶν
3713 1023 3895 1089 ἁγίων
3926 1023 4028 1088 ατο

2445 1117 2648 1186 γέλων·
2679 1136 2698 1169 ι
2733 1120 2898 1189 ἡμεῖς
2931 1118 2975 1170 δ’
2995 1119 3197 1189 ἥκιστα
3245 1117 3403 1170 τοῦτο
3458 1135 3476 1168 s
3507 1117 3612 1177 ἕως
3644 1116 3750 1184 τῆς
3779 1116 4026 1167 ἀναστά-

2447 1210 2584 1273 σεως
2613 1228 2672 1263 τε
2717 1213 2813 1265 καὶ
2846 1213 3082 1282 κρίσεως
3119 1231 3137 1264 ι
3179 1212 3414 1280 δίδομεν.
3445 1209 3522 1264 E'.
3573 1211 3635 1262 Οἱ
3667 1210 3902 1262 Λατῖνοι
3937 1207 4025 1258 λέ·

2443 1319 2651 1366 γουσιν,
2700 1301 2781 1354 ὅτι
2824 1322 2842 1354 s
2879 1305 2907 1356 ὁ
2940 1304 3172 1365 πάππας
3217 1305 3336 1356 εστὶ
3376 1301 3589 1371 κεφαλὴ
3637 1301 3739 1368 τῆς
3772 1298 4018 1370 Χριστοῦ

2453 1393 2778 1464 Ἐκκλησίας
2816 1397 2913 1448 καὶ
2961 1397 3141 1467 πατὴρ
3160 1395 3268 1447 τῶν
3293 1395 3637 1466 Χριστιανῶν
3656 1394 3929 1446 ἁπάντων
3949 1409 3962 1419 ·
3997 1411 4014 1442 ι

2438 1485 2601 1554 ἡμεῖς
2646 1486 2702 1539 δὲ
2744 1505 2762 1539 ι
2798 1487 2960 1540 αὐτὸν
2995 1488 3070 1550 ὡς
3120 1488 3216 1540 ’ἐνα
3252 1486 3363 1541 τῶν
3400 1487 3769 1556 πατριαρχῶν
3798 1486 4016 1552 λογιζό-

2442 1577 2602 1645 μεθα,
2639 1579 2733 1631 καὶ
2777 1578 2937 1630 τοῦτό
2966 1595 3030 1645 γε
3057 1578 3123 1631 ἂν
3148 1577 3452 1648 ὀροὸδοξος.
3492 1595 3512 1628 s
3552 1572 3629 1628 Ἦ
3658 1576 3810 1628 αὐτὰ
3840 1576 4016 1626 τοίνυν

2435 1667 2537 1736 τῆς
2564 1669 2784 1722 συνόδου
2809 1669 3012 1738 ταύτης
3036 1669 3464 1738 δογματισάσης,
3486 1669 3690 1732 πάντες
3717 1667 4016 1720 ὑπέκλιναν

2439 1761 2516 1829 τῷ
2550 1762 2661 1832 ὅρῳ
2691 1760 2886 1832 αὐτῆς,
2924 1763 3018 1816 καὶ
3051 1764 3102 1815 οἱ
3133 1762 3343 1816 δώδεκα
3391 1757 3559 1818 οὗτοι.

851 1842 965 1898 Dic.
993 1842 1050 1897 In
1074 1845 1284 1914 synodo
1338 1855 1660 1915 pertractata
1719 1848 2022 1917 justissima
2081 1863 2226 1914 sunt,
2283 1863 2337 1908 et

2487 1820 2645 1908 'Atic:
2686 1855 2766 1908 Τὰ
2944 1856 3044 1924 τῆς
3078 1855 3300 1910 συνόδου
3346 1856 3693 1915 δικαιότατα.
3725 1857 3828 1908 καὶ
3887 1859 4015 1924 μετὰ

773 1953 897 1987 cum
935 1938 1147 1990 ratione
1182 1938 1400 1992 dictata.
1429 1938 1521 1992 His
1544 1940 1821 1994 contraria
1851 1951 2103 1997 tenentes
2143 1945 2335 2000 morti-

775 2027 889 2080 fero
927 2029 1117 2082 morbo
1143 2041 1374 2098 urgeutu

845 2119 1003 2174 I’ius.
1039 2119 1288 2176 nationis
1329 2123 1593 2192 capitum,
1643 2139 1764 2193 qua:
1796 2134 1850 2180 tu
1887 2127 2161 2198 sigillatim
2215 2147 2335 2201 per-

773 2215 1063 2279 censuisti,
1117 2215 1396 2269 scientiam
1457 2216 1586 2270 mihi
1649 2229 2012 2288 peroptarem,
2080 2224 2172 2278 sed
2209 2240 2331 2279 cum

776 2307 1058 2375 imperitus
1116 2307 1382 2376 rudisque
1446 2308 1574 2375 sim,
1617 2312 1828 2364 utinam
1881 2313 2079 2383 aliquis
2141 2331 2205 2368 ex
2251 2318 2335 2373 Iris

772 2398 1054 2453 duodecim
1110 2401 1511 2467 sacerdotibus,
1565 2419 1703 2472 quos
1769 2413 2022 2473 tanquam
2081 2409 2255 2464 aliena
2304 2426 2335 2466 a

772 2493 930 2546 vobis
951 2493 1246 2547 sentientes
1275 2494 1614 2549 calumniose
1639 2496 1997 2564 proscinditis
2015 2539 2031 2564 ,
2077 2502 2294 2557 adesset
2318 2543 2335 2568 ,

773 2595 1060 2652 tecumque
1092 2600 1197 2638 una
1233 2585 1305 2639 de
1329 2585 1432 2639 illis
1459 2586 1756 2641 dissereret
1783 2603 1797 2640 :
1826 2605 1966 2657 quos
1994 2590 2108 2660 ipse
2148 2606 2331 2662 postea

771 2690 893 2730 eum
920 2678 1208 2741 audierim,
1229 2678 1320 2746 qui
1350 2693 1420 2732 ex
1464 2677 1572 2734 illis
1601 2681 1843 2750 proxime
1871 2683 1938 2736 ad
1984 2699 2169 2740 verum
2238 2701 2334 2739 ac-

771 2767 937 2827 cedit.
971 2768 1365 2836 dignoscerem.

843 2857 1010 2910 Rhac.
1048 2855 1262 2911 Utinam
1296 2874 1436 2912 unus
1482 2859 1682 2929 aliquis
1722 2875 1788 2914 ex
1827 2862 1930 2916 illis
1961 2863 2046 2918 hic
2078 2864 2330 2921 adesset!

844 2947 1033 3003 Testis.
1071 2948 1478 3018 Perquiramus,
1507 2952 1552 3006 si
1579 2952 1851 3021 quispiam
1890 2963 1996 3009 est.

843 3042 984 3095 And.
1016 3042 1093 3097 En
1118 3058 1260 3099 unus
1288 3057 1355 3098 ex
1387 3043 1492 3098 illis
1521 3058 1686 3098 senex
1732 3059 1828 3114 per
1859 3046 2096 3102 medium
2154 3050 2330 3105 forum

772 3141 1019 3200 vagatur.

842 3225 1016 3283 Rhac.
1047 3228 1210 3284 Ocius
1238 3244 1394 3285 move
1416 3238 1488 3285 te.
1521 3235 1752 3287 Accerse
1775 3232 1929 3288 illum
1964 3235 2029 3290 ad
2067 3251 2188 3293 nos.

844 3413 981 3467 And.
1011 3413 1236 3468 Domine
1263 3431 1450 3481 senex,
1473 3415 1672 3472 accede
1703 3418 1809 3472 huc
1838 3421 1903 3471 ad
1933 3435 2053 3475 nos.

841 3504 1164 3558 Catholicus.
1200 3505 1566 3562 Procetlamus
1622 3524 1732 3577 quo
1767 3509 1941 3575 lubet,
1976 3511 2188 3569 honesti
2241 3531 2334 3571 ve-

771 3597 1058 3665 ritatisque
1091 3613 1276 3652 causa.

841 3692 977 3746 And.
1013 3692 1356 3747 lntroeamus
1388 3695 1442 3748 in
1470 3695 1609 3750 hanc
1643 3697 1934 3755 ofﬁcinam.

844 3780 1032 3834 Testis.
1093 3780 1212 3850 Ipse
1289 3797 1588 3848 assurgens
1657 3787 1797 3839 cessi
1847 3803 2021 3842 meam
2083 3789 2329 3845 sellulam

769 3874 1063 3937 catholico,
1124 3875 1216 3942 qui
1289 3873 1482 3928 sedens
1531 3891 1653 3930 cum
1717 3882 2021 3935 reverentia
2074 3883 2330 3938 omnibus

766 3970 938 4019 (Ιαιιε

839 4059 1047 4113 Cat/ml.
1087 4061 1260 4124 Quam
1293 4061 1364 4115 ob
1397 4077 1616 4116 causam
1653 4061 1963 4120 advocastis
2019 4066 2154 4120 me?
2187 4065 2329 4133 Quid

764 4167 796 4202 a
841 4165 924 4202 me
955 4150 1168 4203 discere
1194 4153 1497 4220 pet-cupitis
1523 4152 1546 4204 ?

837 4239 990 4292 l'ius.
1032 4242 1166 4295 Cum
1207 4246 1306 4294 huc
1332 4244 1490 4296 Patre
1521 4243 1588 4296 de
1616 4244 1916 4301 differentia
1941 4247 2084 4302 inter
2111 4246 2329 4305 Gracos

761 4342 818 4383 et
846 4329 1071 4385 Latinos
1102 4348 1198 4401 pro
1238 4335 1458 4388 modulo
1523 4335 1895 4404 intelligentia:
1948 4355 2103 4402 tneze,
2151 4350 2226 4407 et,
2269 4349 2330 4395 ut

767 4437 921 4475 mens
985 4424 1348 4492 suggerebat,
1413 4427 1581 4480 multa
1652 4427 1885 4482 disserui
1925 4447 1939 4493 ;
1979 4445 2161 4498 nunc,
2205 4449 2326 4487 eum

2439 1942 2600 2012 λόγου
2659 1946 2797 1998 εἰσιν
2840 1947 3109 2018 εἰρημένα
3139 1963 3153 1976 ·
3187 1948 3256 2001 τὰ
3287 1947 3343 2002 δὲ
3373 1946 3581 2001 τούτων
3613 1948 3893 2018 ἀλλότρια
3926 1950 4015 2016 τὴν

2442 2037 2709 2108 μεγίστην
2738 2039 2892 2093 νόσον
2925 2039 3193 2095 νοσοῦσιν.

2509 2134 2658 2186 Εὐλ.
2697 2133 2926 2187 ἸΙθελον
2954 2135 3162 2202 γνῶναι
3207 2134 3298 2188 τὸν
3351 2136 3509 2205 λόγον
3535 2136 3643 2191 τῶν
3689 2137 4011 2204 κεφαλαίων

2436 2226 2665 2289 τούτων,
2696 2218 2771 2279 ὧν
2821 2226 2979 2296 ἔφης,
3037 2229 3178 2281 κατὰ
3211 2229 3430 2292 λεπτὸν,
3480 2229 3595 2282 ἀλλ’
3631 2229 3864 2298 ἰδιώτης
3924 2229 4009 2289 ὢν,

2438 2317 2748 2388 ἐϐουλόμην
2779 2322 2880 2388 μὲν
2910 2320 3007 2374 ἕνα
3033 2323 3096 2373 ἐκ
3129 2321 3239 2373 τῶν
3294 2322 3502 2374 δώδεκα
3539 2321 3738 2392 ἱερέων
3770 2323 3889 2373 τῶν
3933 2321 4012 2383 ὑο⁶

2439 2408 2594 2476 ὑμῶν
2641 2414 3188 2481 συκοφαντουμένων,
3240 2413 3316 2476 ὡς
3368 2413 3716 2478 ἑτεροδόξων,
3769 2413 4011 2466 ἐνταῦθα

2439 2493 2600 2563 εἶναι,
2628 2503 2723 2554 καὶ
2758 2505 2898 2573 μετά
2934 2506 3028 2559 σοῦ
3055 2506 3184 2577 περὶ
3208 2507 3417 2560 τούτων
3460 2507 3847 2578 διαλεχθῆναι.
3875 2509 4010 2574 Ἐγὼ

2435 2591 2480 2644 δ’
2513 2593 2836 2666 ἀμφοτέρων
2874 2598 3115 2664 ἀκούσας
3166 2603 3570 2672 κατανοήσαιμι
3615 2603 3704 2664 ἂν,
3734 2603 3824 2665 τίς
3858 2605 4011 2673 ὑμῶν

2434 2684 2533 2757 τὴν
2558 2689 2814 2760 ἀλήθειαν
2832 2691 3001 2763 λέγει.

2517 2868 2677 2925 Ῥακ.
2722 2871 2952 2940 Ὠφελεν
2981 2873 3195 2944 ὑπῆρχέ
3233 2893 3314 2939 τις
3339 2876 3397 2942 ἐξ
3427 2879 3604 2932 αὐτῶν
3630 2875 3756 2936 ὧδε.

2505 2962 2766 3030 Μάρτυς.
2801 2965 3119 3036 Βλέψωμεν,
3150 2969 3199 3021 εί
3227 2969 3340 3024 ἐστι
3376 2988 3481 3036 τις.

2520 3055 2670 3124 Ἀκρ.
2708 3057 2840 3110 Ἰδοὺ
2881 3054 2962 3122 εἷς
3016 3058 3078 3124 ἐξ
3110 3062 3290 3115 αὐτῶν
3317 3065 3690 3138 πρισδύτερος
3745 3086 3855 3138 περ
3885 3070 4009 3138 ἀτει

2438 3147 2536 3218 τὴν
2571 3149 2775 3220 ἀγορὰν

2518 3241 2686 3296 Ῥακ.
2734 3243 2972 3297 Ἀπελοε
3021 3246 3255 3316 ταχέως.
3311 3249 3556 3314 Κάλεσον
3611 3254 3798 3316 αὐτὸν,
3834 3257 4010 3312 ἐλθεῖν

2438 3332 2573 3401 πρὸς
2603 3335 2769 3402 ἡμᾶς.

2520 3423 2679 3491 ’Axp.
2712 3426 2885 3496 Κύριε
2918 3429 3423 3502 πρεσϐύτερε,ὲλθὲ
3452 3434 3556 3498 ἕως
3574 3439 3756 3508 ἡμῶν.

2507 3518 2890 3585 Καθολικός.;
2916 3520 3258 3593 Βαδίσωμιν,
3301 3527 3424 3580 ὅποι
3459 3527 3670 3598 βούλει,
3706 3533 3805 3586 τοῦ
3837 3537 4006 3590 καλοῦ

2435 3605 2531 3658 καὶ
2559 3605 2656 3672 τῆς
2691 3607 2951 3678 ἀληθείας
2984 3611 3173 3667 ἕνεκα.

2518 3698 2664 3766 Ἀκί).
2699 3701 2789 3754 Ἐν
2820 3705 2997 3774 τούτῳ
3029 3704 3092 3775 δὴ
3118 3707 3197 3777 τῷ
3221 3708 3470 3781 ἐμπορίῳ
3500 3712 3716 3767 εἴσελθε
3745 3715 3939 3784 μέσον.

2504 3792 2691 3860 Μάρτ.
2714 3792 2857 3864 Ἐγὼ
2877 3797 2921 3850 δ’
2947 3798 3184 3862 ἀναστὰς
3210 3801 3285 3871 τῷ
3311 3803 3600 3873 Καθολικῷ
3630 3813 4007 3880 παρεχώρησα

2432 3883 2523 3936 τὸν
2562 3887 2694 3955 ιμδν
2721 3888 3022 3956 σκίμποδα.
3058 3893 3167 3946 Καὶ
3191 3895 3478 3960 καθεσθεὶς
3505 3899 3718 3965 ἐκεῖνος
3753 3905 3879 3971 μετ’
3922 3908 4004 3958 εὑ-

2454 3978 2655 4042 .α6ιίας
2686 3982 2856 4035 πᾶσιν
2888 3984 3021 4053 ἡμῖν
3056 3983 3181 4053 ἔφη’

2504 4074 2724 4126 Καθολ.
2757 4073 2824 4124 Τί
2854 4075 3006 4128 ἐστιν
3070 4076 3207 4144 ὅπερ
3245 4080 3437 4148 μαθεῖν
3467 4083 3562 4134 ἀπ’
3606 4084 3752 4154 ἐμοῦ
3799 4087 4001 4155 θέλετε,

2434 4167 2528 4216 καὶ
2573 4165 2882 4234 κεκλήκατέ
2920 4184 2988 4236 με
3025 4168 3160 4238 πρὸς
3192 4169 3375 4240 ὑμᾶςς

2499 4257 2651 4310 Εὐλ.
2685 4258 2841 4311 Μετὰ
2876 4259 2970 4312 τοῦ
2995 4260 3209 4328 Πατρδς
3252 4265 3490 4331 τουτουὶ,
3520 4269 3695 4323 πολλὰ
3719 4273 3998 4348 διελέχθην

2431 4349 2682 4420 περὶτῆς
2720 4351 2986 4423 διαφορᾶς
3032 4354 3131 4423 τῆς
3169 4357 3376 4425 μεταξὺ
3425 4358 3685 4430 Γραικῶν
3717 4369 3820 4426 sui.
3849 4371 3997 4423 Δατί-

2431 4456 2560 4502 νων,
2592 4441 2825 4497 καθόσον
2857 4443 3119 4514 ἐνεχώρει
3178 4447 3212 4516 ἡ
3247 4449 3355 4517 ἐμὴ
3394 4450 3630 4515 διάνοια,
3666 4457 3772 4508 καὶ
3817 4462 3848 4510 ὁ
3889 4462 3998 4517 νοῦς

762 4529 946 4567 sermo
976 4515 1041 4566 ad
1065 4517 1316 4584 dogmata
1347 4520 1705 4585 pervenisset,
1743 4537 1849 4577 non
1907 4525 2062 4579 valeo
2118 4526 2186 4580 de
2240 4525 2327 4583 bis

2439 4530 2667 4602 διηκόνει
2691 4548 2705 4561 ’
2741 4532 2836 4587 νῦν
2870 4534 2928 4587 δὲ
2959 4537 3087 4606 περὶ
3125 4515 3233 4589 τῶν
3273 4515 3561 4610 δονμάτων
3597 4545 3696 4598 τοῦ
3724 4547 3899 4617 λόγου
3927 4515 4001 4620 τιἐ

765 4621 942 4674 neque
982 4608 1333 4676 respondere,
1385 4626 1560 4681 neque
1625 4613 1984 4684 interrogare,
2027 4615 2209 4670 infans
2275 4626 2330 4672 et

763 4699 1031 4766 insipiens
1065 4741 1080 4764 ,
1132 4702 1226 4771 qui
1293 4705 1490 4758 uelqu
1538 4705 1750 4760 litteras
1809 4706 2127 4773 didicerim;
2204 4723 2330 4777 pro-

765 4803 948 4860 pter-ca
988 4801 1039 4846 te
1063 4795 1268 4856 vocavi.
1292 4805 1351 4850 ut
1411 4799 1524 4867 ipse
1564 4798 1960 4868 interrogarem
1997 4808 2052 4852 et
2107 4814 2333 4869 respon-

763 4885 947 4938 ilcres.

833 4973 987 5029 Catii.
1024 4977 1098 5030 Ex
1129 4979 1399 5048 capitibus
1428 4981 1567 5034 sacri
1595 4979 1801 5035 decreti
1857 4982 2135 5051 quodnam
2193 4984 2326 5040 illud

762 5077 864 5130 est,
897 5069 1036 5137 quod
1064 5071 1116 5123 in
1163 5077 1594 5128 controversiam
1664 5075 1937 5130 vertitur?
1966 5087 2082 5142 aut,
2143 5093 2209 5133 an
2242 5094 2330 5134 ve-

764 5175 885 5212 rum
919 5163 1008 5226 sit,
1040 5163 1322 5218 dubitatur
1356 5180 1384 5217 a
1414 5166 1621 5220 vobis?

833 5252 996 5306 mm.
1033 5254 1227 5310 Totum
1263 5259 1435 5327 ipsum
1490 5262 1770 5315 decretum
1825 5261 1959 5316 nihil
2023 5263 2076 5315 in
2111 5277 2170 5316 se
2209 5277 2324 5317 ven

761 5354 1024 5399 cttttttnel.

833 5436 988 5490 Cath.
1014 5441 1268 5511 Quinque
1299 5444 1484 5514 itaque
1536 5449 1714 5516 capita
1778 5448 1935 5502 vobis
1987 5450 2041 5501 in
2105 5457 2327 5502 contro—

759 5530 936 5583 versia
970 5543 1117 5587 sunt.

830 5622 998 5677 Rhac.
1032 5625 1098 5682 Et
1121 5629 1414 5683 maximum
1443 5632 1732 5698 quidentin
1765 5631 2010 5686 modum.

825 5716 978 5771 Cum.
1010 5718 1090 5771 Ad
1146 5723 1429 5776 arbitrium
1467 5725 1648 5792 itaque
1701 5735 1856 5778 tumn
1891 5727 2051 5791 refer,
2084 5727 2150 5782 de
2189 5728 2312 5797 qui-

756 5808 858 5861 bus
885 5810 1078 5865 dubius
1102 5827 1180 5866 es.
1218 5811 1326 5869 Nos
1362 5816 1590 5886 singulis
1615 5817 2093 5884 respondebimus.

2433 4624 2680 4694 νομένου,
2727 4626 2788 4679 οὐ
2819 4626 3057 4696 δύναμαι
3091 4627 3216 4682 οὔτε
3266 4631 3679 4701 ἀπολογεῖσθαι,
3721 4639 3846 4694 οὔτ’
3880 4647 4002 4713 ἐρω-

2430 4715 2528 4785 τᾷν
2560 4718 2690 4786 περὶ
2728 4718 2961 4784 τούτων,
2994 4719 3210 4791 ίδιὼτης
3239 4721 3334 4786 ὢν,
3371 4724 3464 4776 καὶ
3493 4728 3815 4798 γράμματα
3849 4744 4003 4804 μήπω

2433 4805 2794 4876 μεμαθηκώς.
2847 4810 2939 4862 Διό
2975 4826 3034 4862 σε
3090 4811 3328 4867 ἐκάλεσα
3383 4815 3614 4885 ἐρωτᾷν,
3653 4821 3755 4872 καὶ
3815 4826 4004 4877 ἀπολο-

2429 4896 2664 4963 γείσθαι.

2503 4992 2646 5042 Καθ.
2681 4989 2748 5042 Τί
2779 4992 2931 5044 ἐστιν
2965 4992 2993 5045 δ
3019 4992 3129 5046 τῶν
3159 4995 3470 5065 κεφαλαίων
3495 4997 3590 5050 τοῦ
3654 5002 3819 5073 ἱεροῦ
3879 5007 3996 5078 ὅρον

2426 5081 2774 5147 διστάζεται,
2826 5084 2860 5155 ἢ
2911 5087 3319 5156 ἀμφιϐάλλεται
3367 5090 3497 5160 παρ’
3553 5092 3754 5163 ὑμῶν,
3807 5101 3888 5164 ὡς
3936 5103 3999 5169 μὴ

2427 5173 2662 5243 ἀληοέςς

2509 5267 2673 5323 Ῥακ.
2721 5267 2781 5321 ’0
2801 5270 2926 5340 ὄρος
2952 5272 3060 5335 πᾶς
3087 5273 3346 5344 οὐδεμίαν
3386 5277 3596 5348 συνέχει
3631 5282 3934 5354 ἁλήῦειαν.

2501 5459 2644 5509 (ius.
2678 5455 2890 5510 Οὐκοῦν
2924 5459 3113 5512 καὶτὰ
3155 5461 3318 5514 πέντε
3351 5464 3622 5532 κεφάλαια
3658 5473 3801 5540 παρ’
3855 5475 3997 5543 ὑμῶν

2426 5546 2885 5615 ἀμφιῦἁλλονται.

2510 5638 2673 5691 Ῥιικ.
2702 5640 2808 5691 Καὶ
2843 5641 3049 5710 σφόδρα
3079 5649 3213 5712 παρ’
3245 5647 3403 5716 ἡμῶν
3434 5649 3911 5718 ἀμφιδάλλονται.

2501 5737 2643 5786 Καί).
2682 5735 2821 5801 Λέγε
2865 5735 3072 5800 λοιπὸν,
3107 5738 3250 5812 ἅπερ
3310 5741 3520 5812 βούλει,
3564 5748 3664 5799 καὶ
3722 5749 3888 5816 ἡμεῖς
3918 5750 4002 5817 ἐᾷ’

2427 5823 2523 5875 ἑκά
2535 5841 2641 5893 στῳ
2672 5825 3041 5897 ἁποκρινοὺμε
3053 5829 3139 5882 οα.
