4164 6426
245 378 369 442 1001

1189 386 1691 447 DISCEI’TATIO
1723 383 1870 447 PRO
1900 386 2115 444 CONC.
2162 384 2530 444 FLORENT.

3341 376 3475 443 100?.

246 492 378 544 αὐτὸ
408 491 502 543 καὶ
530 495 593 561 τῇ
630 493 823 561 φύσεις
858 492 1148 562 ’Λξιὼματι
1188 495 1286 561 μὲν
1310 495 1436 563 γάρ,
1468 492 1804 562 δευτερεύειν

1910 489 2128 541 tertium
2154 479 2275 541 esse
2309 502 2525 558 quoque
2560 494 2612 539 et
2649 495 2839 539 natura
2868 485 2890 538 ?
2925 483 3166 552 Namque
3205 482 3476 552 dignitate

241 583 333 635 τοῦ
368 582 518 645 Υίοῦ,
552 582 683 653 παρ’
713 583 879 636 αὑτοῦ
916 584 975 636 τὸ
1005 578 1144 637 εἷναι
1177 584 1319 655 ἔχον.
1358 584 1450 635 καλ⁷
1479 585 1609 650 παρ’
1633 582 1802 636 αὑτοῦ

240 676 538 745 λαμϐάνον,
558 677 650 728 καὶ
672 676 1003 743 ἁναγγέλλον
1034 676 1187 744 ἡμῖν.
1216 674 1310 727 καὶ
1342 674 1476 737 ὅλως
1505 678 1603 741 τῆς
1624 673 1802 736 αἰτίας

240 768 445 835 ἰκείνης
495 766 823 835 ἐξημμένον,
860 766 1226 837 παραδίδωσιν
1274 766 1303 816 ὁ
1359 766 1458 834 τῆς
1512 764 1802 826 εὐσεϐείας

238 861 391 922 λόγος
420 874 433 886 ·
476 859 634 922 φύσει
674 858 729 909 δέ
763 860 922 929 τρίτῃ
972 850 1297 927 κεχρῆσθαι,
1328 854 1454 907 οὔτε
1503 857 1655 925 παρὰ
1694 854 1803 909 τῶν

236 950 405 1015 ἁγίων
430 948 665 1019 Γραφῶν
693 948 1073 1017 δεδιδάγμεθα,
1098 946 1221 998 οὗτε
1251 949 1393 999 κατὰ
1418 946 1476 997 τὸ
1506 945 1802 999 ἀκόλουθον

235 1042 458 1093 δυναῖὶν
488 1040 929 1109 συλλογίσασθαι.
973 1059 991 1090 i

324 1136 477 1184 'l‘ax.
528 1133 615 1184 Ἐν
649 1134 824 1202 τούτῳ
878 1134 936 1185 ού
969 1132 1239 1185 δείκνυται
1270 1132 1594 1203 διαρρήδην,
1628 1132 1709 1184 ὅτι
1736 1131 1800 1182 ἐκ

236 1223 331 1273 τοῦ
370 1223 496 1274 Υίοῦ
529 1224 895 1293 ἐκπορεύεται
926 1224 985 1274 τὸ
1014 1223 1236 1291 Πνεῦμα
1266 1223 1329 1274 τὸ
1364 1222 1543 1290 ἆγιον,
1574 1221 1689 1273 ἀλλ’
1722 1220 1803 1274 ὃτι

240 1315 371 1380 παρ’
406 1313 571 1366 αὑτοῦ
603 1314 662 1365 τὸ
692 1310 832 1366 εἶναι
867 1313 1003 1381 ἔχει,
1038 1316 1132 1367 καὶ
1166 1314 1297 1383 παρ’
1321 1312 1486 1365 αύτοῦ
1512 1312 1801 1381 λαμϐάνει.

310 1406 451 1455 Καθ.
478 1404 593 1456 Ούκ
644 1404 813 1471 ἔγνως
845 1395 948 1466 ἔτι,
985 1404 1037 1456 τί
1068 1406 1127 1458 τὸ
1154 1400 1295 1459 εἶναι
1343 1404 1562 1457 νοεῖται.
1593 1402 1665 1453 Τὸ
1696 1402 1804 1470 γὰρ

236 1493 379 1562 ἔχειν
405 1495 535 1563 παρ’
575 1494 739 1547 αὑτοῦ
774 1494 836 1547 τὸ
862 1490 1027 1559 εἶναι,
1060 1495 1112 1547 τί
1156 1495 1287 1549 ἄλλο
1336 1496 1471 1563 πρὸς
1518 1493 1652 1546 Θεὸν
1709 1511 1803 1562 ση-

241 1590 448 1655 μαίνει,
488 1588 627 1657 ἦὸτι
668 1590 1032 1659 ἐκπορεύεται
1057 1587 1117 1653 ἐξ
1144 1587 1346 1655 αύτοῦ;

323 1678 478 1733 Ῥακ.
508 1680 659 1733 Θέλω
690 1681 891 1734 είδὲναι
920 1682 1109 1750 σαφῶς
1140 1683 1263 1734 τινὰ
1320 1681 1426 1733 τῶν
1461 1680 1634 1750 ἁγίων
1666 1680 1807 1734 διδα-

237 1772 455 1839 σκάλων
502 1773 734 1840 λέγοντα
778 1773 1098 1843 διαρρήδην,
1144 1774 1237 1833 ὅτι,
1270 1773 1330 1824 τὸ
1371 1772 1594 1841 Πνεῦμα
1644 1775 1804 1826 ἐκπο-

239 1863 459 1932 ρεύεται
493 1864 586 1916 καὶ
617 1865 681 1915 ἐκ
718 1864 815 1916 τοῦ
854 1863 1007 1920 Υίοῦ.

309 1980 454 2032 Καθ.
491 1977 572 2031 Τὰ
613 1978 856 2049 ὀνόματα
886 1979 988 2048 τῆς
1038 1979 1329 2050 ὑπάρξεως
1387 1976 1481 2031 τοῦ
1534 1976 1802 2046 παναγίου

235 2070 557 2140 Πνεύμσίτος
586 2071 760 2141 πολλά
806 2073 936 2137 είσι,
974 2072 1069 2125 καὶ
1104 2072 1162 2123 ἐν
1200 2070 1476 2141 διαφόροις
1509 2070 1688 2137 λέξεσι
1719 2070 1806 2122 λέ-

231 2178 451 2228 γονται,
482 2163 576 2215 καὶ
626 2163 865 2233 χρῶνται
918 2164 1108 2227 αὑταῖς
1160 2165 1207 2215 οἱ
1265 2163 1594 2229 διδάσκαλοι,
1627 2162 1805 2225 καθὼς

232 2255 547 2323 βούλονται,
580 2257 607 2309 ὁ
656 2256 756 2324 μὲν
789 2255 984 2319 οὕτως,
1021 2260 1050 2309 ό
1099 2257 1145 2310 δ’
1179 2256 1373 2321 οὕτως.
1417 2257 1494 2313 Δι’
1527 2256 1694 2309 αὐτοῦ
1744 2255 1805 2306 τὸ

227 2346 368 2401 ὅταν
415 2346 676 2419 ἀκούσῃς,
707 2349 788 2402 ὅτι
831 2348 893 2401 τὸ
924 2347 1148 2416 Πνεῦμα
1193 2350 1251 2403 τὸ
1294 2348 1449 2418 ἅγιον
1494 2367 1512 2400 t
1557 2348 1805 2417 πρόεισιν

230 2444 305 2492 ἐκ
324 2439 413 2493 τοῦ
439 2438 589 2507 Υίοῦ,
615 2442 923 2511 προχεῖται,
948 2442 1179 2510 ἐνίησιν,
1205 2441 1519 2507 ἀναϐλύζει,
1544 2442 1803 2511 πηγάζει,

229 2534 409 2594 εστιν,
445 2532 703 2602 ὑπάρχει,
738 2532 853 2601 ἔχει
882 2533 943 2585 τὸ
987 2527 1153 2597 εἶναι,
1194 2532 1489 2600 λαμϐάνει,
1518 2532 1719 2585 δίδοται
1743 2532 1805 2583 ἐκ

229 2623 334 2675 τοῦ
367 2624 496 2677 Υἱοῦ
530 2628 597 2687 τὸ,
620 2625 867 2695 Πνεῦμα,
906 2623 965 2688 ἐξ
994 2625 1187 2689 αὐτοῦ,
1231 2626 1318 2678 διὰ
1362 2624 1552 2689 αὐτοῦ,
1586 2624 1674 2677 διὰ
1710 2623 1804 2677 τοῦ

234 2713 394 2777 Υίοῦ,
430 2714 721 2781 ἐκλάμπει,
756 2717 1171 2782 ἀποστέλλεται,
1240 2718 1544 2787 πέμπεται,
1576 2738 1594 2770 ι
1633 2719 1693 2771 ού
1726 2718 1808 2770 δεῖ

231 2822 296 2857 σε
324 2808 464 2857 νοεῖν
491 2807 636 2869 ἄλλο,
662 2807 693 2876 ἢ
722 2807 804 2859 ὃτι
835 2810 898 2861 ἐκ
934 2807 1029 2861 τοῦ
1059 2810 1122 2861 Υἱ
1142 2810 1189 2861 .ῦ
1226 2811 1618 2881 ἐκπορεύεται.

325 2918 481 2970 Ῥακ.
528 2919 589 2970 Et
624 2920 718 2971 καὶ
771 2920 919 2973 ἔστιν
953 2919 1148 2986 οῦτως,
1182 2921 1256 2984 ὡς
1292 2922 1494 2990 λέγεις,
1537 2924 1655 2976 ἀλλ’
1694 2901 1806 2994 ἐγὼ

229 3010 384 3062 οὕτω
434 3011 696 3081 βούλομαι
745 3013 944 3066 εἰδέναι
999 3016 1121 3066 τινὰ
1165 3015 1321 3082 ἅγιον
1356 3015 1607 3083 λέγοντα,
1646 3036 1665 3069 ε
1701 3019 1798 3071 Ἐκ

229 3105 337 3155 τοῦ
375 3104 504 3158 Υἱοῦ
541 3107 899 3176 ἐκπορεύεται
932 3108 989 3160 τὸ
1023 3110 1245 3178 Πνεῦμα
1272 3112 1330 3162 τὸ
1357 3111 1534 3179 ἅγιον.
1572 3131 1591 3163 s

314 3223 459 3273 It'aa.
489 3218 633 3286 Ἐγὼ
663 3222 998 3291 πειράσομαι
1039 3224 1133 3277 καὶ
1180 3224 1337 3277 τοῦτό
1356 3242 1438 3277 σοι
1468 3228 1660 3292 δεῖξαι.

308 3335 500 3399 Μάρτ.
530 3334 732 3395 Ὄντως
763 3333 898 3404 αὕτη
942 3338 1089 3387 ἐστὶν
1115 3339 1147 3404 ὴ
1179 3338 1355 3399 πίστις
1398 3342 1429 3408 ἡ
1477 3341 1683 3411 ἀληθὴς
1713 3345 1808 3396 καὶ

225 3426 542 3493 ἀμώμητος
594 3425 687 3477 τοῦ
749 3426 1005 3497 Σωτῆρος
1058 3429 1319 3497 Χριστοῦ,
1359 3432 1391 3493 ἠ
1442 3433 1806 3505 ἐνεργουμένη

224 3521 561 3583 ίθαυμασίως
600 3519 657 3568 ἐν
691 3520 803 3580 τοῖς
833 3520 1088 3588 καθαρῶς
1118 3524 1213 3573 καὶ
1260 3523 1501 3586 εὐσεϐῶς
1535 3528 1614 3588 εἰς
1646 3527 1809 3579 αὑτὸν

223 3609 614 3665 πιστεύουσιν.
654 3612 792 3680 Φησὶ
817 3613 961 3680 γάρ·
1010 3612 1073 3663 '0
1114 3616 1421 3667 πιστεύων
1464 3619 1551 3681 είς
1576 3618 1699 3685 ἐμὲ,
1736 3618 1809 3670 τὰ

217 3706 402 3771 ἔργα,
436 3702 473 3755 ἄ
504 3702 616 3771 ἐγὼ
646 3702 812 3768 ποιῶ,
845 3704 1121 3770 κάκεῖνος
1152 3708 1414 3774 ποιήσει,
1450 3708 1545 3761 καί
1570 3707 1809 3775 μείζονα

222 3794 466 3846 τούτων
498 3794 739 3860 ποιήσει
762 3810 777 3823 ·
812 3797 907 3847 καὶ
947 3791 1036 3857 αὖ,
1076 3796 1217 3865 Ἐγὼ
1246 3797 1418 3849 δώσω
1453 3798 1596 3866 ὑμῖν
1621 3800 1809 3866 λόγον

221 3885 341 3937 καί
404 3884 627 3951 σοφίαν
676 3884 745 3936 ἐν
795 3884 875 3948 τῷ
937 3887 1206 3955 στόματι,
1263 3888 1623 3942 καταϐαλεῖν
1668 3888 1809 3953 τοὺς

220 3978 680 4041 ὑπεναντίους,
736 3977 869 4045 πρὸς
919 3979 1046 4041 τοὺς
1101 3980 1393 4047 μέλλοντας
1447 3981 1586 4050 ύπέρ
1645 3981 1807 4033 αὐτοῦ

221 4066 606 4135 ἀγωνίζεσθαι
634 4067 790 4119 τοῦτο
820 4069 1012 4136 λέγων.
1056 4071 1323 4123 Ἐνταῦθα
1370 4072 1479 4140 ὁρῶ
1512 4071 1810 4141 θαυμάτων

220 4168 296 4213 τ’)
362 4160 637 4225 μέγιστον,
686 4161 734 4211 εί
789 4163 882 4214 καὶ
936 4161 1025 4224 σὺ,
1055 4163 1256 4231 Πάτερ,
1307 4164 1446 4232 ὅπερ
1496 4162 1700 4231 βλέπω,
1748 4169 1807 4217 ού

218 4254 495 4321 συνορᾷς.

321 4368 487 4420 Ῥακ.
522 4367 587 4420 Τί
622 4369 737 4419 ἐστι
771 4366 967 4434 τοῦτο;

308 4481 500 4549 Μάρτ.
534 4481 676 4552 ’0ρῶ
707 4484 921 4554 γὰρότι
949 4484 1003 4537 οί
1028 4486 1126 4554 τῆς
1148 4484 1391 4550 ἑνώσεως
1423 4490 1610 4559 ἱερεῖς,
1638 4493 1686 4544 εί
1718 4494 1810 4546 καὶ

210 4578 336 4645 οὐχ
372 4575 579 4643 ἥψαντο
608 4574 954 4645 διαλεκτικῆς
1005 4576 1039 4647 ἦ
1073 4579 1288 4645 σοφίας,
1317 4579 1681 4649 διαλέγονται,
1712 4586 1808 4637 καὶ

214 4668 438 4735 σ’,φίαν
466 4665 703 4730 λαλοῦσι,
736 4668 831 4720 καὶ
861 4665 1139 4736 θεολογίαν
1173 4670 1405 4741 ἀρίστην
1435 4673 1803 4741 θεολογοῦσιν.

226 4757 447 4823 ἰ’μείς
486 4754 540 4806 δὲ
571 4756 621 4807 oi
663 4758 922 4809 τάναντία
972 4760 1174 4828 ταύτης
1210 4764 1532 4831 φρονοῦντες
1581 4768 1680 4818 οὐκ
1720 4770 1808 4819 ἐν-

209 4850 415 4901 νοεῖτε
472 4848 622 4898 ούδὲν
673 4849 868 4914 είπείν,
904 4850 996 4901 καὶ
1039 4851 1407 4921 τούλάχιστον,
1440 4856 1562 4907 ούδέ
1597 4856 1665 4908 τά
1718 4874 1808 4925 γε·

149 4939 152 4941 “
214 4938 558 5009 γραμμὲνα.
608 4939 739 4990 Ἀπὸ
765 4939 952 4992 τούτου
998 4947 1376 5014 συμπεραίνει),
1408 4948 1491 4999 ὅτι
1526 4949 1626 4999 οὐκ
1661 4948 1807 5001 ἔστιν

208 5040 284 5086 ἐν
328 5034 459 5099 ὑμῖν
489 5035 520 5102 ἡ
548 5032 636 5083 τοῦ
666 5032 903 5103 Χριστοῦ
949 5038 1154 5099 πίστις.
1178 5041 1277 5092 Διὰ
1308 5041 1467 5093 τοῦτο
1508 5042 1608 5093 οὐκ
1652 5043 1808 5111 ἐνερ-

206 5126 421 5193 γεῖται
460 5126 489 5175 ὀ
517 5123 611 5175 τοῦ
655 5125 829 5194 Ἰησοῦ
870 5130 1205 5199 προῤῥηθεὶς
1252 5132 1309 5182 ἐν
1355 5131 1483 5201 ὑμῖν
1517 5132 1671 5198 λόγος
1698 5149 1711 5163 ο
1750 5136 1808 5185 ἐν

204 5217 453 5275 τούτοις
486 5214 684 5278 δέυτοίς
714 5218 988 5280 ἐνωτικοίς
1022 5222 1114 5271 καὶ
1143 5222 1309 5287 μάλα.

304 5510 436 5558 Aac.
481 5506 639 5570 Λέγε,
672 5505 829 5574 κύριε
860 5507 1220 5577 πρεσϐύτερε,
1252 5510 1371 5561 καθ’
1402 5512 1611 5579 εἱρμὸν.
1644 5515 1805 5578 Λέγε.

303 5706 461 5759 Καί).
515 5707 573 5757 Ὀ
624 5705 911 5773 ἱερώτατος
956 5706 1177 5775 Νύσσης
1227 5707 1367 5772 θεῖος
1419 5712 1717 5783 Γρηγόριος
1751 5719 1809 5768 ἐν

188 5806 286 5873 τῇ
350 5800 429 5860 εἰς
494 5798 573 5859 τὸ,
623 5796 812 5863 Πάτερ
850 5796 1032 5865 ripa)»,
1095 5800 1283 5869 ὁμιλίᾳ
1341 5805 1503 5859 αὑτοῦ
1547 5808 1803 5878 τετάρτῃ⁹

450 5898 560 5953 Par
575 5910 720 5953 RDL.
752 5897 871 5954 lin.
912 5892 1105 5953 CLIX.

1909 593 1938 631 a
1966 578 2102 632 Filio
2137 582 2437 632 secundum
2478 594 2620 639 esse,
2651 578 2718 629 ab
2747 591 2833 641 eo,
2861 575 3001 644 quod
3038 577 3128 640 sit,
3163 576 3474 637 habentem,

1908 680 1962 724 et
1988 672 2057 723 ab
2097 686 2161 723 eo
2193 672 2573 739 accipientem,
2619 681 2671 721 et
2705 667 3119 721 annuntiantem
3187 668 3362 725 nobis,
3424 677 3477 721 rt

1907 763 2134 816 omnino
2169 765 2236 815 ab
2269 776 2330 815 ea
2364 777 2527 816 causa
2575 760 3003 828 dependentem,-
3031 759 3251 837 pietatis
3319 759 3477 814 nobis

1907 868 2087 906 sermo
2134 854 2315 906 tradit.
2347 851 2731 906 Verumtamen
2761 866 2868 904 non
2919 852 2993 903 uti
3049 858 3241 905 natura
3294 851 3475 913 tertia,

1910 959 2085 1013 neque
2113 961 2140 996 a
2184 947 2395 1000 sanctis
2421 945 2722 1013 Scripturis
2768 942 3081 1009 didicimus,
3142 959 3317 1013 neque
3355 942 3479 997 inde

1908 1053 2247 1106 consequens
2280 1038 2559 1092 coiielusio
2587 1038 2824 1092 elicitur.
2871 1055 2889 1086 ι

1977 1127 2141 1182 Rhac.
2183 1129 2260 1182 Ex
2302 1129 2403 1182 hoc
2461 1143 2568 1182 non
2600 1128 2776 1197 palam
2816 1125 3148 1190 ostenditur,
3210 1141 3273 1179 ex
3339 1123 3475 1179 Filio

1909 1218 2173 1289 Spiritum
2198 1228 2451 1275 sanctum
2507 1220 2822 1289 procedere.
2858 1218 3242 1272 Verumtamen
3291 1218 3357 1272 ab
3390 1234 3475 1281 eo,

1907 1312 2050 1380 quod
2076 1313 2146 1366 sit
2188 1313 2407 1379 habere,
2440 1322 2493 1367 et
2529 1312 2596 1366 ab
2619 1328 2683 1366 eo
2715 1311 2985 1378 accipere.

1980 1403 2138 1458 Catii.
2171 1403 2423 1457 Nondum
2462 1404 2694 1473 percipis
2729 1403 2859 1473 quid
2912 1404 2984 1455 sit
3016 1418 3160 1457 esse.
3231 1400 3479 1470 Namque

1906 1492 2109 1549 habere
2140 1497 2208 1549 ab
2254 1510 2319 1549 eo
2355 1495 2498 1563 quod
2540 1495 2607 1549 sit
2647 1496 2700 1550 in
2765 1495 2982 1559 divinis,
3046 1494 3173 1563 quid
3205 1492 3353 1546 aliud
3400 1492 3482 1544 in-

1911 1586 2048 1651 nuit,
2079 1586 2185 1640 nisi
2217 1600 2282 1640 ex
2316 1601 2381 1640 eo
2412 1585 2748 1654 procedere?

1979 1675 2152 1730 thac.
2206 1677 2262 1729 Id
2320 1691 2449 1730 vero
2490 1691 2838 1746 summopere
2877 1675 3057 1744 cupio,
3119 1675 3354 1746 aliquem
3411 1691 3479 1729 ex

1909 1769 2115 1824 sanctis
2146 1768 2484 1833 doctoribus,
2532 1768 2624 1838 qui
2690 1770 2868 1838 palam
2912 1777 3207 1839 aperteque
3246 1769 3476 1830 diceret,

1836 1843 1879 1897 Β
1908 1860 2072 1914 etiam
2105 1874 2171 1915 ex
2194 1857 2333 1916 Filio
2375 1859 2639 1931 Spiritum
2669 1860 2983 1931 procedere.

1976 1970 2131 2027 Catii.
2180 1970 2413 2026 Nomina
2454 1972 2790 2029 exsistentiae
2844 1973 3173 2027 sanctissimi
3229 1972 3472 2042 Spiritus

1908 2066 2073 2119 multa
2123 2074 2272 2129 sunt,
2334 2065 2675 2136 diversisque
2737 2065 3072 2121 dictionibus
3103 2067 3466 2135 explicantu:-,

1906 2158 2349 2229 iisquedoclores
2376 2168 2628 2222 utuntur,
2659 2167 2717 2212 ut
2738 2159 2905 2226 lubet,
2936 2159 3027 2215 hic
3054 2159 3271 2229 quidem
3292 2159 3391 2226 sic,
3419 2169 3474 2213 et

1905 2253 2042 2307 alius
2063 2252 2169 2307 alia
2187 2253 2420 2307 ratione.
2452 2252 2587 2307 Cum
2616 2268 2779 2322 porro
2809 2252 3069 2318 audieris,
3112 2271 3129 2305 ι
3166 2251 3267 2307 Per
3291 2253 3470 2323 ipsum

1907 2344 2147 2414 Spiritus
2170 2353 2396 2400 sanctus
2427 2346 2622 2399 exitex
2647 2343 2805 2409 Filio,
2843 2345 3163 2412 eﬂunditur,
3223 2348 3474 2410 scaturit,

1906 2438 2112 2503 exsilit,
2144 2446 2246 2503 est,
2281 2438 2518 2505 exsistit,
2555 2438 2717 2493 habet
2749 2440 2894 2508 quod
2930 2440 3017 2503 sit,
3055 2439 3277 2509 accipit,
3310 2439 3472 2493 datur

1906 2545 1971 2583 ex
2007 2528 2144 2583 Filio
2174 2530 2427 2598 Spiritus,
2466 2547 2528 2583 ex
2570 2534 2708 2600 ipso,
2750 2548 2845 2599 per
2878 2532 3081 2600 ipsum,
3130 2548 3224 2601 per
3273 2530 3471 2585 Filium

1906 2622 2103 2685 elucet,
2131 2623 2388 2688 mittitur,
2416 2624 2716 2693 delegatur,
2754 2643 2774 2676 ι
2807 2627 3472 2694 νευοθδεὶοιιριηιοιιιιιιιιο

1909 2714 2067 2767 modo
2096 2714 2240 2767 illius
2268 2714 2363 2767 tibi
2387 2716 2571 2770 animo
2599 2716 2720 2785 ﬁge.

1978 2918 2143 2972 Rhac.
2180 2918 2328 2973 Licet
2361 2918 2410 2971 id
2442 2920 2591 2974 itase
2624 2920 2841 2984 habent,
2885 2931 2940 2973 ut
2974 2930 3029 2973 tu
3066 2923 3228 2989 dicis,
3266 2925 3471 2980 nihilo-

1910 3012 2093 3064 minus
2114 3010 2356 3064 audirem
2401 3012 2562 3064 verba
2623 3011 2854 3081 alicujus
2912 3014 3161 3069 doetoris
3213 3016 3476 3083 dicentis,

1917 3123 1935 3154 ε
1966 3104 2044 3157 Ex
2070 3102 2212 3157 Filio
2244 3104 2483 3173 Spiritus
2513 3113 2735 3157 sanctus
2759 3106 3021 3172 procedit.
3065 3125 3082 3157 ι

1834 3196 1880 3256 C
1984 3218 2135 3273 Catii.
2164 3218 2350 3273 Enitar
2372 3219 2489 3301 hoc.
2511 3234 2727 3289 quoque
2762 3221 3162 3277 demonstrare.

1984 3333 2175 3388 Testis.
2205 3335 2371 3389 Plane
2399 3334 2511 3388 haec
2564 3344 2652 3388 est
2717 3334 2851 3389 ﬁdes
2906 3352 3032 3389 vera
3069 3345 3123 3392 et
3185 3338 3468 3408 ineulpata

1912 3428 2215 3481 Salvatoris
2245 3427 2470 3489 Christi,
2503 3442 2624 3496 quae
2658 3437 2922 3495 operatur
2979 3431 3383 3485 admirabiliter
3418 3433 3471 3484 in

1911 3521 1978 3575 iis
2003 3522 2093 3589 (ιιιί
2130 3536 2261 3588 pure
2295 3521 2492 3589 pieque
2525 3520 2576 3572 in
2623 3520 2802 3588 ipsum
2831 3521 3082 3575 credunt.
3146 3524 3232 3577 Ait
3290 3524 3433 3577 enim
3464 3542 3476 3577 :

1909 3612 2009 3678 Qui
2034 3614 2085 3665 in
2117 3629 2195 3665 me
2230 3613 2413 3675 credit,
2443 3629 2600 3681 opera
2629 3630 2745 3683 quae
2769 3630 2861 3683 ego
2892 3614 3053 3683 facio,
3085 3625 3130 3667 et
3154 3616 3263 3684 ipse
3292 3618 3476 3687 faciet,

1910 3715 1957 3758 et
1985 3706 2189 3773 majora
2216 3706 2318 3756 his.
2348 3703 2405 3756 Et
2437 3720 2627 3759 rursus
2658 3722 2670 3758 :
2700 3707 2810 3775 Ego
2868 3706 3003 3758 dabo
3071 3706 3213 3760 vobis
3268 3710 3479 3762 verbum

1910 3805 1959 3851 et
1978 3797 2293 3863 sapientiora
2320 3798 2374 3847 in
2409 3812 2497 3849 ore
2525 3797 2593 3848 ad
2654 3798 3063 3865 prosternendos
3113 3800 3476 3867 adversarios,

1913 3894 2017 3948 illis
2048 3895 2139 3962 qui
2162 3898 2260 3962 pro
2288 3908 2353 3947 eo
2386 3906 2659 3949 certamen
2687 3897 2919 3950 subituri
2950 3906 3101 3964 sunt,
3136 3898 3238 3952 hoc
3265 3899 3477 3953 dicens.

1913 3985 2011 4039 Hic
2046 3988 2159 4055 ipse
2189 3988 2408 4040 intueor
2442 3988 2641 4040 mirum
2678 3989 3013 4042 Inirabilium
3049 3992 3293 4043 omnium
3362 4006 3478 4043 ma-

1915 4079 2140 4138 ximum,
2172 4078 2272 4132 etsi
2326 4090 2381 4131 tu
2436 4076 2617 4141 Pater,
2674 4079 2818 4148 quod
2885 4081 2999 4148 ipse
3062 4082 3299 4146 intueor,
3363 4096 3472 4136 non

1912 4170 2212 4238 conspicis.

1994 4372 2156 4427 Rhac.
2188 4372 2328 4437 Quid
2360 4374 2412 4426 id
2440 4373 2569 4427 cst?

1990 4488 2176 4541 Testis.
2201 4486 2450 4556 Namque
2495 4489 2833 4557 experientia
2890 4491 3009 4560 ipsa
3053 4492 3278 4557 doceor,
3316 4458 3478 4549 rinio-

1916 4578 1999 4633 nis
2031 4578 2371 4643 sacerdotes,
2407 4580 2509 4633 etsi
2545 4596 2724 4651 neque
2755 4583 3101 4637 dialecticam
3156 4601 3337 4655 neque
3387 4602 3480 4639 sa-

1914 4671 2175 4741 pientiam
2197 4671 2574 4739 degustarunt.
2605 4672 2914 4742 disputare,
2934 4675 3229 4742 disserere,
3259 4680 3482 4745 sapien-

1914 4770 1999 4815 ter
2027 4763 2232 4831 eloqui,
2261 4773 2315 4816 et
2349 4778 2435 4817 res
2474 4766 2814 4834 theologicae
2846 4781 3009 4836 quam
3036 4770 3244 4836 optime
3267 4782 3483 4837 pertra-

1914 4865 2065 4910 ctare
2094 4871 2110 4909 :
2152 4871 2249 4910 vos
2280 4871 2410 4910 vero
2432 4857 2525 4926 qui
2576 4874 2695 4911 eam
2732 4860 2919 4914 hostili
2979 4863 3166 4918 animo
3197 4877 3481 4931 Oppugna-

1916 4947 1986 4999 tis
2014 4947 2079 4999 ad
2112 4947 2445 5016 loquendum
2514 4950 3035 5019 inveniendumque,
3075 4952 3475 5019 .ineptissiznos

1915 5051 2059 5099 esse,
2096 5049 2154 5090 ut
2184 5052 2287 5091 nec
2320 5039 2526 5105 scripta
2555 5040 2721 5092 etiam
2753 5040 3058 5107 saepissime
3093 5043 3428 5109 percurratis
3465 5058 3479 5094 :

1916 5130 2043 5184 hinc
2076 5144 2248 5199 arguo
2276 5130 2480 5184 Christi
2515 5131 2675 5184 tidem
2711 5146 2818 5185 non
2840 5132 2997 5185 vobis
3024 5133 3227 5195 inesse,
3257 5142 3481 5201 propter

1915 5236 2090 5289 eaque
2121 5220 2249 5274 Jesu
2287 5220 2497 5275 Christi
2531 5236 2696 5290 supra
2726 5224 3053 5276 recensitam
3089 5237 3275 5276 vocem
3308 5222 3359 5276 in
3391 5240 3484 5275 vo-

1919 5314 2000 5366 bis
2024 5328 2131 5365 non
2158 5316 2400 5381 Oper-ari,
2430 5314 2525 5368 sed
2562 5316 2615 5367 in
2642 5314 2728 5367 his
2758 5314 2853 5381 qui
2884 5316 3144 5368 unionem
3181 5315 3483 5382 amplexati

1916 5410 2062 5467 sunt,
2094 5405 2391 5457 niaximum
2426 5406 2478 5459 in
2506 5405 2748 5471 modum.

1839 4532 1887 4593 D

1987 5513 2104 5568 Dic.
2152 5517 2282 5585 Age,
2345 5532 2595 5585 sequere,
2666 5518 2887 5574 domine
2958 5536 3183 5585 senex;
3264 5520 3486 5573 modum

1917 5606 2131 5669 adhibe,
2164 5622 2324 5675 quem
2357 5617 2533 5663 tenes.
2566 5608 2876 5664 Ordinatim
2918 5615 3221 5665 orationem
3258 5627 3481 5681 perage.

1988 5718 2145 5773 Catil.
2179 5719 2603 5779 Sacratissimus
2638 5726 2919 5796 Nyssenus
2951 5726 3272 5795 Gregorius,
3307 5726 3481 5779 homi-

1921 5810 1988 5862 lia
2018 5810 2069 5875 4,
2103 5810 2157 5863 in
2184 5809 2347 5865 Pater
2382 5825 2581 5881 noster,
2607 5818 2662 5869 in
2702 5817 2822 5887 ipso
2868 5817 3093 5871 exordio
3127 5816 3240 5868 haec
3278 5816 3434 5867 habet
3468 5832 3486 5870 :

3076 5908 3150 5970 352
