4164 6426
255 391 378 456 1021

1195 401 1695 464 DISCEPTATIO
1749 405 1893 464 PRO
1922 404 2128 469 CONC.
2165 408 2534 469 FLORENT.

3363 415 3380 476 l
3393 417 3495 480 022

251 511 424 577 θημεν
449 513 545 576 τῆς
581 514 822 580 ματαίας
873 515 1218 585 προλήψεως,
1262 519 1360 588 τῆς
1397 522 1700 590 πεισμονῆς
1756 537 1813 572 τί

1934 525 2153 578 .umacia
2185 535 2238 579 et
2290 542 2489 594 pugna,
2519 541 2624 594 qua
2654 526 2704 579 in
2735 524 2928 580 fratres
2974 527 3347 591 saeviehamus.
3375 546 3493 588 esse

252 602 342 651 καὶ
370 602 570 671 μάχης.
598 604 696 671 τῆς
733 606 868 674 πρὸς
905 607 1024 669 τοὺς
1077 609 1378 676 ἁδελφούς;
1428 612 1490 664 Ei
1544 613 1643 666 οὐκ
1696 614 1816 680 ἐγέ-

250 707 391 752 νετο,
426 693 520 744 καὶ
549 694 711 761 ἡμεῖς
745 697 802 747 ἐν
832 698 896 765 τῇ
936 698 1072 768 αὐτῇ
1106 699 1421 766 ἀπογνώσει
1450 698 1590 770 ἦμεν
1628 702 1714 767 ἂν,
1746 698 1809 772 ἧς

250 781 500 852 ὑπῆρχον
531 786 580 836 οἱ
613 785 785 839 πάλαι
838 788 940 857 τὴν
989 789 1320 859 Ἐκκλησίαν
1373 794 1662 862 σχίσαντες
1719 799 1816 849 καὶ

250 874 695 943 διαμερίσαντες.
725 879 892 932 Ὅθεν
931 880 1140 949 βέλτιον
1184 879 1253 952 ἦν
1311 886 1481 956 αὐτὴν
1536 889 1814 955 γενέσθαι,

248 967 341 1020 τοῦ
371 969 505 1021 Θεοῦ
523 970 681 1024 τοῦτο
709 971 779 1024 δι’
807 975 957 1043 ἡμᾶς
981 977 1449 1047 προϐλεψαμένου,
1487 981 1572 1033 ἴνα
1607 982 1702 1052 μὴ.
1723 984 1817 1045 τὰς

247 1061 427 1131 ψυχὰς
459 1064 616 1133 ἡμῶν
637 1067 1019 1135 ἀπολέσαντες,
1041 1071 1138 1140 τὴν
1159 1072 1376 1126 αἰώνιον
1393 1073 1818 1143 κληρονομήσω-

249 1173 350 1225 μεν
388 1158 634 1216 κόλασιν,

329 1249 483 1303 Ῥακ.
517 1253 593 1322 Τῇ
632 1254 872 1323 ἐμαυτοῦ
900 1257 1190 1327 ἐρωτήσει,
1228 1261 1416 1330 ἄριστε
1457 1263 1664 1331 ἱερέων,
1701 1263 1820 1314 ἱκα-

251 1340 357 1395 νῶς
388 1341 496 1408 ὁρῶ
530 1345 771 1412 ἐμαυτὸν
805 1348 1317 1421 πληροφορηθέντα,
1365 1354 1458 1406 καὶ
1489 1355 1598 1407 ίδοὺ
1630 1357 1691 1408 ἐκ
1721 1357 1819 1421 τῆς

251 1432 456 1498 πολλῆς
487 1437 579 1488 καὶ
624 1436 857 1506 ἀπείρου
887 1421 1094 1508 ⁹μάχης
1153 1441 1251 1509 τῆς
1302 1443 1440 1511 πρὸς
1482 1443 1747 1506 Λατίνους
1784 1445 1817 1514 ή

244 1523 393 1593 ψυχή
436 1543 538 1593 μου
594 1529 948 1598 ὁπωσδήποτε
984 1535 1279 1589 πέπαυται.
1347 1534 1508 1603 Ἀλλ’,
1564 1537 1818 1604 ἄνθρωπε

248 1616 344 1667 τοῦ
400 1616 556 1685 Θεοῦ,
605 1620 668 1672 σύ
722 1639 781 1674 τε
842 1624 935 1676 καὶ
980 1625 1028 1676 οί
1080 1627 1218 1693 μετὰ
1261 1626 1357 1679 σοῦ
1403 1628 1676 1691 εὐλαϐεῖς,
1727 1630 1819 1681 καὶ

245 1707 540 1774 θειότατοι,
563 1715 669 1765 οιαὶ
699 1715 919 1785 ἀληθεῖς
949 1718 1138 1786 ἱερεῖς,
1190 1718 1358 1786 ἄφετέ
1415 1738 1527 1788 μοι,
1558 1723 1651 1774 καὶ
1683 1739 1820 1788 συγ-

245 1804 539 1872 χωρήσατε
580 1807 680 1860 ὅσα
743 1810 822 1871 είς
862 1811 1006 1880 ὑμᾶς
1054 1811 1165 1879 ἐγώ
1220 1829 1351 1866 ποτε
1393 1814 1813 1884 ἐϐλασφήμησα.

249 1896 547 1967 Μάρτυρες
574 1903 683 1972 γάρ
710 1903 832 1955 ἐστε
879 1905 975 1959 τοῦ
1015 1905 1168 1972 Θεοῦ,
1229 1910 1325 1960 καὶ
1378 1910 1644 1978 μακάριοί
1673 1911 1814 1964 ἐστε.

257 1991 621 2057 Ὄνειδίζεσθε
667 1997 775 2064 γὰρ
847 1999 1016 2053 ἕνεκα
1075 2002 1174 2071 τῆς
1232 2002 1468 2070 ἀληθοῦς
1541 2003 1816 2069 πίστεως.

243 2089 345 2138 καὶ
391 2090 516 2153 τοὺς
569 2091 798 2161 μισθοὺς
861 2094 1011 2162 ἕξετε
1068 2097 1220 2167 παρὰ
1272 2097 1367 2150 τοῦ
1421 2099 1817 2169 μισθαποδὸτου

240 2178 408 2237 Θεοῦ,

324 2276 447 2328 Δικ.
493 2276 633 2343 Ἐγὼ
658 2278 829 2346 ἡδέως
869 2280 1112 2344 ἀκούσας
1163 2284 1340 2354 ὑμῶν,
1401 2285 1495 2337 καὶ
1554 2286 1821 2355 νουνεχῶς

244 2368 580 2435 ἀμφοτέρων
612 2375 961 2442 κατανοήσας
986 2378 1111 2438 τοὺς
1143 2376 1359 2445 λόγους,
1390 2376 1692 2447 ἐϐουλόμην
1719 2379 1820 2446 μὲν

244 2456 349 2526 τὴν
397 2457 577 2526 ψῆφον
628 2461 827 2515 διδόναι
884 2464 964 2535 τῷ
1017 2465 1116 2538 τὴν
1161 2467 1423 2536 ἀλήθειαν
1488 2468 1605 2536 μετ’
1653 2468 1818 2523 αὑτοῦ

243 2553 452 2620 ἔχοντι.
486 2555 544 2615 ὃς
572 2556 718 2608 ἐστιν
753 2559 780 2609 δ
828 2557 1008 2628 ἱερεὺς
1035 2559 1133 2629 τῆς
1164 2561 1328 2628 ἁγίας
1369 2559 1638 2623 ένώσεως.
1667 2560 1823 2614 Ἐπεὶ

242 2645 302 2697 δὲ
339 2651 435 2699 καὶ
466 2649 626 2713 criti);
660 2651 718 2704 τὸ
758 2655 968 2721 πεῖσμα
999 2655 1164 2718 ἐάσας
1223 2657 1313 2708 καὶ
1369 2655 1466 2725 τὴν
1513 2656 1674 2724 κενὴν
1728 2656 1824 2708 καὶ

242 2741 498 2805 ματαίαν
548 2744 842 2814 πρόληψιν.
892 2747 1157 2807 ἀποδίδως
1213 2747 1311 2814 τὴν
1360 2747 1564 2816 ψῆφον,
1621 2746 1823 2814 μᾶλλον

240 2833 306 2885 δέ
356 2851 418 2901 γε
446 2835 542 2887 καὶ
612 2839 942 2909 καταπείοῃ,
972 2837 1049 2906 τῷ
1071 2839 1190 2905 Θεῷ
1219 2839 1369 2907 δόξα,
1398 2839 1474 2909 τῷ
1506 2855 1565 2892 σε
1598 2840 1732 2909 πρὸς
1763 2840 1824 2892 τὸ

238 2927 350 2994 τῆς
377 2925 638 2992 ἀληθείας
671 2928 786 2996 φῶς
816 2931 1176 2999 όδηγήσαντι.

327 3022 476 3072 Καί).
521 3021 842 3091 Εὐχαριστῶ
869 3024 944 3094 τῷ
969 3024 1088 3093 Θεῷ
1118 3025 1194 3095 τῷ
1226 3029 1325 3096 τῆς
1348 3028 1575 3098 είρήνης
1607 3029 1819 3099 δοτῆρι,

238 3112 330 3180 τῷ
364 3114 458 3165 καὶ
485 3113 542 3166 σὲ
576 3115 904 3183 ὁδηγήσαντι
955 3118 1049 3170 καὶ
1099 3118 1316 3172 σύνεσιν
1345 3120 1512 3182 δόντι.
1554 3123 1716 3176 ἐᾶσαι
1765 3124 1825 3175 τὸ

1850 1858 1897 1918 Β

1922 612 2214 670 liberatos?
2243 616 2304 672 Si
2331 618 2421 670 illa
2465 618 2605 672 facta
2644 633 2748 670 non
2800 618 3012 683 fuisset,
3065 634 3160 672 nos
3199 623 3251 673 in
3303 623 3488 676 eadem

1921 705 2375 761 condemnatione
2425 708 2870 776 perduraremus,
2923 711 2976 764 in
3018 727 3124 778 qua
3175 723 3352 776 erant,
3400 715 3491 784 qui

1920 800 2219 868 antiquitus
2246 799 2540 854 Ecclesiam
2593 802 2896 858 diviserunt
2935 816 2987 858 et
3020 805 3072 860 in
3105 805 3364 861 factiones
3389 809 3493 861 sci-

1921 889 2137 943 derunt.
2166 891 2306 944 Hinc
2338 891 2530 945 melius
2570 893 2690 954 fuit.
2727 895 2972 950 eamdem
3005 908 3248 951 coactam
3301 899 3489 962 fuisse,

1922 978 2032 1034 Deo
2056 979 2106 1034 id
2136 992 2356 1052 propter
2378 995 2476 1035 nos
2513 986 2851 1052 providente,
2886 1002 2953 1040 ne
2988 987 3272 1044 animabus
3297 990 3489 1055 deper-

1921 1072 2048 1128 ditis
2083 1077 2428 1146 sentpiterna-
2453 1078 2751 1149 punitioais
2787 1079 3028 1135 hrcredes
3060 1081 3413 1135 elliceremur.

1996 1257 2159 1312 thac.
2210 1258 2622 1329 lntcrrogationi
2667 1276 2820 1326 mere,
2855 1263 3056 1333 optime
3102 1267 3489 1328 sacerdos,ru-

1924 1351 2126 1405 mulate
2159 1366 2478 1420 responsum
2505 1369 2643 1414 esse,
2668 1353 2908 1422 mihique
2929 1355 3269 1410 satisfactum
3297 1358 3489 1426 deprc-

1922 1442 2124 1495 ht-ndo.
2157 1443 2221 1496 Et
2251 1461 2316 1496 en
2343 1461 2407 1498 ex
2442 1446 2668 1510 ingenti,
2699 1456 2751 1500 et
2781 1462 3059 1516 nunquam
3091 1464 3197 1502 non
3229 1450 3296 1502 de
3327 1450 3488 1503 szevi-

1920 1545 2048 1588 cnte
2078 1536 2341 1591 adversus
2377 1535 2601 1591 Latinos
2633 1552 2829 1605 pugna,
2861 1538 3078 1592 animus
3114 1554 3266 1592 meus
3313 1555 3490 1591 (ει-εξο-

1922 1630 2016 1682 vit.
2048 1628 2150 1683 Sed
2190 1630 2269 1683 vir
2307 1627 2419 1692 Dei,
2457 1638 2510 1682 ct
2541 1629 2631 1697 qui
2666 1636 2842 1683 tecum
2877 1646 2980 1683 una
3011 1640 3140 1685 sunt
3171 1631 3265 1698 pii,
3315 1633 3485 1686 divini

1921 1732 1976 1778 et
2008 1724 2117 1776 veri
2155 1721 2492 1785 sacerdotes,
2543 1736 2696 1790 aequo
2728 1721 2912 1774 animo
2937 1722 3219 1788 ignoscite.
3260 1725 3488 1792 datoque

1924 1831 2112 1869 eorum
2145 1817 2379 1878 veniam,
2432 1829 2551 1883 qua:
2609 1815 2724 1882 ipse
2773 1816 3032 1869 adversus
3072 1831 3170 1870 vos
3203 1816 3492 1883 aliquando

1925 1907 2189 1961 maledico
2220 1921 2315 1960 ore
2342 1907 2566 1976 jaclavi.
2597 1906 2861 1978 Martyres
2912 1909 3056 1962 enim
3110 1911 3240 1963 estis
3284 1911 3395 1971 Dei,
3437 1921 3491 1964 et

1923 2001 2088 2063 beati,
2125 2008 2378 2070 tanquam
2423 2003 2516 2070 qui
2551 2001 2910 2057 contumelias
2951 2002 3234 2058 sustinetis
3271 2014 3492 2074 propter

1924 2109 2106 2146 veram
2149 2092 2326 2158 fidem,
2355 2104 2406 2148 et
2436 2093 2741 2149 mercedem
2786 2094 3134 2150 consecuturi
3159 2094 3291 2149 estis
3327 2110 3354 2146 a
3382 2094 3492 2147 Deo

1922 2193 2348 2241 remuneratore.

1997 2280 2113 2333 Dic.
2155 2279 2304 2342 Mihi,
2339 2295 2462 2333 cum
2517 2280 2627 2349 jam
2678 2297 2772 2335 vos
2818 2279 3142 2346 audiverim,
3185 2290 3238 2336 et
3284 2291 3489 2334 attento

1923 2386 2206 2427 sermones
2237 2380 2448 2425 vestros
2471 2371 2950 2434 consideraveritn,
2983 2372 3195 2425 animus
3225 2381 3340 2424 erat
3367 2390 3488 2423 ιιι-ιι-

1925 2463 2144 2516 tentiam
2175 2463 2246 2516 illi
2280 2462 2566 2516 candidam
2605 2462 2767 2526 ferre,
2795 2479 2823 2514 a
2856 2479 2964 2531 quo
2999 2472 3106 2516 stat
3144 2465 3363 2527 vetitas,
3396 2465 3487 2531 qui

1926 2555 2088 2609 fuerit
2116 2565 2320 2609 sancte
2357 2555 2574 2610 unionis
2614 2555 2902 2615 sacerdos;
2930 2557 3148 2624 quando
3182 2572 3308 2610 vero
3332 2568 3383 2609 ct
3410 2567 3489 2616 tu.

1923 2645 2223 2715 pertinacia
2263 2645 2491 2710 reiecta,
2516 2656 2568 2698 et
2601 2647 2746 2699 inani
2796 2662 3038 2714 vanaque
3070 2646 3493 2715 prtesumptionn

1925 2739 2196 2792 calculum
2237 2738 2442 2801 defers,
2507 2738 2615 2790 into
2672 2741 2834 2792 etiam
2878 2754 3074 2792 suasus
3111 2738 3308 2799 credis,
3364 2737 3470 2788 Deo

1925 2830 2117 2900 gloria,
2159 2829 2253 2900 qui
2291 2837 2346 2883 te
2377 2829 2441 2883 ad
2473 2829 2717 2884 veritatis
2749 2830 2927 2883 lumen
2958 2829 3229 2898 perduxit.

1995 3008 2150 3063 Cath.
2216 3008 2431 3063 Gratias
2460 3022 2558 3075 ago
2585 3007 2690 3060 Deo
2720 3007 2863 3074 pacis
2892 3008 3091 3068 datori,
3128 3010 3217 3073 qui
3254 3008 3346 3060 tibi
3381 3007 3488 3060 dut

1931 3103 2053 3166 fuit,
2084 3101 2344 3171 deditque
2381 3102 2750 3169 prudentiam,
2796 3111 2854 3155 ut
2919 3102 3218 3169 pertinacia
3267 3101 3493 3154 dimissa

239 3208 492 3272 πεῖσμα.
524 3209 619 3259 καὶ
671 3209 907 3263 ἀκοῦσαι
936 3213 1113 3280 ἡμῶν,
1151 3214 1245 3265 καὶ
1274 3213 1372 3282 τὴν
1402 3215 1664 3283 ἀλήθειαν
1679 3216 1820 3282 γνῶ-

1934 3194 2279 3257 nosaudires,
2300 3203 2354 3247 et
2377 3194 2658 3248 veritatem
2684 3209 3031 3263 agnosceres.
3058 3193 3189 3246 Illud
3221 3193 3272 3246 in
3295 3210 3499 3246 memr-

236 3318 367 3351 ναι.
410 3300 550 3352 Ἀλλ’
589 3302 904 3371 ὑπομνῆσαί
972 3321 1029 3356 σε
1094 3305 1379 3374 βούλομαι,
1435 3307 1518 3357 ὅτι.
1552 3308 1708 3373 ὑμεῖς
1764 3309 1822 3358 ἐν

234 3394 485 3463 συνόψει
521 3413 604 3447 σοι
637 3394 732 3463 τὴν
764 3396 1064 3462 ἀπολογίαν
1099 3396 1210 3449 τῶν
1241 3398 1559 3467 κεφαλαίων
1586 3400 1824 3453 ἐνταῦθα

231 3487 756 3558 προσηνέγκαμεν·
793 3489 982 3558 ἐπειδὴ
1012 3490 1151 3544 ἰδίαν
1195 3493 1580 3561 πραγματείαν
1639 3495 1824 3562 ἐποιή-

229 3600 434 3652 σαμεν
464 3584 590 3649 περῖ
627 3582 854 3644 τούτων,
891 3585 982 3634 καὶ
1015 3585 1133 3647 ἐνὸς
1161 3587 1394 3639 ἑκάστου
1445 3586 1603 3654 λόγον
1638 3588 1820 3639 ἱκανειν

225 3675 622 3745 ὲξεδὼκαμεν.
658 3678 765 3729 Καὶ
791 3678 819 3728 ὁ
847 3677 1173 3746 βουλόμενος
1213 3679 1269 3730 ὲν
1300 3677 1531 3741 ἐκείνοις
1581 3679 1673 3731 τον
1703 3679 1825 3731 νοῦν

224 3773 612 3838 ἐπιστησάτω
640 3786 652 3798 °
684 3771 777 3824 καὶ
805 3764 959 3838 οἶμαι
995 3770 1090 3821 σὺν
1114 3770 1232 3836 Θεῷ
1280 3771 1379 3838 τῆς
1428 3771 1620 3839 ὀδύνης
1650 3772 1826 3823 ἁπαλ-

221 3862 582 3928 ).α.γήσεται.
613 3860 734 3914 Ὀτι
766 3859 820 3911 δέ
840 3876 900 3927 γε
939 3861 1032 3911 καὶ
1066 3859 1415 3929 συγχώρησιν
1456 3861 1640 3930 ζητεῖς
1695 3865 1825 3930 παρ’

219 3954 420 4025 ἡμῶν
440 3953 521 4013 είς
552 3954 653 4004 ὅσα
690 3955 834 4020 ἡμᾶς
884 3952 1254 4020 ἐλοιδόρησας,
1285 3951 1493 4021 Κύριος
1522 3955 1825 4024 ἀπαλείψαι

217 4066 326 4101 σοι
362 4046 428 4097 τὸ
461 4045 660 4114 σφαλὲν
684 4046 780 4098 καὶ
810 4045 902 4097 νῦν
927 4046 1022 4097 καὶ
1048 4047 1106 4096 ὲν
1133 4044 1209 4113 τῷ
1239 4045 1396 4098 αίῶνι
1426 4046 1502 4116 τῷ
1525 4049 1826 4118 ἐρχομένῳ.

228 4139 467 4204 Ἡμεῖς
503 4138 610 4206 γὰρ
639 4136 786 4199 ἅπαξ
823 4137 1048 4198 ἑαυτοὺς
1099 4135 1456 4199 ὲκδεδωκότες
1502 4139 1584 4201 εἰς
1624 4140 1830 4192 ὑποτα-

209 4235 353 4302 γὴν
391 4229 496 4298 τῆς
533 4229 629 4282 τοῦ
676 4228 917 4298 Χριστοῦ
957 4228 1305 4297 Ἐκκλησίας,
1338 4230 1542 4299 ἥκιστα
1572 4230 1684 4283 τῶν
1723 4231 1829 4283 λοι-

209 4322 462 4393 δοριῶν
489 4338 550 4376 τε
585 4321 678 4375 καὶ
709 4321 924 4390 ὖόρεων
958 4321 1343 4390 φροντίζομεν,
1377 4304 1716 4390 μεμνημένοι
1739 4322 1830 4375 τοῦ

211 4416 472 4486 Κυρίου
516 4415 675 4485 ήμῶν
705 4415 956 4482 λέγοντος
977 4454 992 4479 ,
1021 4413 1086 4468 El
1118 4415 1222 4482 ἐμὲ
1258 4413 1530 4478 ἐδίωξαν,
1559 4415 1657 4468 καὶ
1677 4412 1833 4482 ὑμᾶς

201 4509 608 4572 διώξουσιν.
659 4509 770 4560 Καὶ
827 4506 1006 4578 αῦοις,
1040 4505 1145 4559 Φεῦ
1203 4509 1303 4574 τῆς
1327 4506 1467 4574 ἐμῆς
1499 4506 1787 4568 ἀσθενείας
1815 4508 1828 4559 !

1933 3287 2068 3341 riam
2110 3285 2400 3349 revocabo,
2441 3299 2539 3339 nos
2567 3285 2653 3337 hic
2709 3285 2803 3338 tibi
2851 3285 3300 3352 compendiosam
3341 3285 3492 3352 capi-

1934 3393 2047 3435 tunt
2084 3379 2498 3447 responsionem
2557 3378 2835 3433 attulisse.
2883 3378 3129 3443 Quando
3155 3393 3282 3432 vero
3316 3377 3381 3430 de
3415 3377 3498 3429 his

1940 3473 2211 3544 peculiare
2265 3487 2401 3541 opus
2450 3471 2752 3541 exegimus,
2785 3481 2838 3525 et
2880 3471 3222 3541 singularum
3257 3472 3500 3524 rationes

1933 3565 2323 3627 reccnsuimus,
2354 3563 2442 3617 cui
2477 3564 2528 3617 id
2572 3563 2766 3630 volupe
2801 3561 2986 3626 fuerit,
3025 3563 3267 3616 animum
3298 3561 3364 3614 ad
3408 3562 3494 3613 illa

1935 3660 2199 3722 advertat,
2231 3665 2284 3710 et
2314 3656 2512 3725 opinor
2563 3670 2687 3708 cum
2724 3655 2853 3717 Deo,
2889 3670 3014 3709 eum
3041 3654 3108 3708 ab
3136 3656 3282 3707 omni
3309 3653 3502 3707 dubie-

1935 3759 2043 3803 tate
2069 3747 2311 3802 futurum
2373 3746 2693 3802 intmttnem.
2727 3747 2805 3800 Tu
2851 3747 3061 3799 veniam
3102 3746 3240 3813 petis
3283 3762 3310 3798 a
3348 3745 3503 3798 nobis

1935 3858 2123 3897 eorum
2158 3856 2278 3908 quae
2301 3840 2352 3893 in
2385 3856 2481 3894 nos
2516 3855 2640 3893 cum
2668 3839 2852 3908 jurgio
2902 3849 2956 3892 et
2987 3838 3246 3890 irrisione
3300 3835 3502 3889 cﬂutii—

1936 3936 2003 3988 sti
2032 3953 2044 3988 :
2070 3934 2335 3988 Dominus
2357 3943 2601 3987 erratum
2635 3940 2689 3986 et
2724 3947 2870 3986 nunc
2898 3940 2952 3984 et
2989 3933 3042 3983 in
3091 3929 3274 3983 futuro
3303 3932 3504 3983 saeculo

1940 4028 2133 4081 deleat.
2199 4024 2446 4093 Namque
2500 4024 2659 4078 nobis
2695 4025 2962 4091 obsequio
2997 4023 3201 4076 Chtisti
3247 4020 3504 4075 Ecclesia:

1943 4122 2112 4175 semel
2142 4119 2492 4186 mancipatis,
2523 4117 2880 4169 dicteriornm
2928 4125 2980 4170 et
3008 4115 3330 4183 iniuriarum
3357 4129 3506 4166 cura:

1939 4229 2043 4267 non
2085 4222 2189 4272 est.
2243 4211 2503 4264 memoria
2569 4209 2940 4262 rrcolentibus
2977 4208 3180 4261 dictum
3237 4204 3450 4258 Domini
3490 4224 3504 4260 :

1939 4310 1997 4365 Si
2049 4324 2127 4362 me
2182 4307 2443 4376 persecuti
2499 4307 2736 4372 fuerunt,
2768 4311 2816 4356 et
2840 4319 2926 4356 vos
2958 4299 3399 4370 persequentur‘.
3448 4300 3509 4352 l‘lt

1940 4415 2132 4456 rursus
2164 4415 2178 4452 :
2205 4398 2315 4451 lleu
2343 4413 2516 4452 meam
2543 4395 2993 4449 imbecillitatem!
3017 4393 3420 4447 Samaritanum
3455 4400 3511 4443 et

1941 4494 2190 4547 dwmoue
2224 4497 2479 4542 vexatum
2524 4486 2794 4541 vocabant
2826 4486 3020 4554 viperm
3050 4485 3216 4538 catuli
3256 4497 3380 4534 eum
3415 4481 3507 4548 qui

207 4601 616 4673 Σαμαρείτην
682 4599 777 4652 καὶ
863 4598 1210 4666 δαιμονῶντα
1293 4597 1526 4650 ἐκάλουν
1591 4601 1659 4650 τὰ
1733 4599 1827 4662 τῆς

1941 4595 2162 4640 vexatos
2191 4597 2221 4635 a
2261 4580 2510 4651 demone
2558 4578 2812 4632 sanabat.
2855 4576 2908 4630 Si
2950 4577 3131 4642 itaque
3168 4589 3292 4628 cum
3347 4588 3506 4640 quem

200 4699 482 4771 ὲίιίδνης
537 4695 742 4758 τέκνα,
801 4693 894 4746 τὸν
957 4693 1437 4762 δαιμονιζομένους
1517 4692 1698 4744 ίῶντα.
1775 4691 1838 4742 Εἰ

205 4790 288 4847 οὗ
302 4812 338 4842 ν
380 4790 473 4849 εἰς
500 4790 727 4848 ἐκεῖνον,
758 4787 816 4840 ὃν
850 4785 1046 4855 τρέμει
1077 4785 1105 4836 ό
1128 4784 1378 4854 οὐρανὸς,
1432 4784 1529 4848 καὶ
1559 4786 1590 4850 ἡ
1623 4784 1716 4848 γῆ,
1745 4784 1840 4834 καὶ

209 4890 458 4944 πάντα
496 4885 563 4934 τὰ
607 4884 666 4934 ὲν
706 4880 785 4949 τῷ
817 4879 1052 4950 οὐρανῷ,
1109 4880 1204 4932 καὶ
1252 4880 1309 4931 ὲν
1341 4880 1406 4948 τῇ
1467 4881 1559 4947 γῇ,
1599 4877 1838 4947 ὕϐριζον,

201 4981 338 5038 καὶ
415 4975 730 5042 ἐλοιδόρουν
769 4973 819 5025 οί
868 4969 961 5024 ὑπ’
995 4970 1159 5025 αὑτοῦ
1221 4968 1694 5038 εὐεργετηθέντες,
1747 4969 1842 5028 καὶ

199 5073 568 5140 ὑπέμενεν,
633 5066 796 5134 ἡμεῖς
862 5065 911 5117 οἱ
971 5066 1222 5116 ταπεινοὶ
1291 5060 1388 5112 καὶ
1436 5063 1487 5112 οἱ
1526 5059 1845 5130 ἁμαρτωλοὶΙ

189 5168 315 5226 διὰ
361 5163 438 5216 τί
469 5162 566 5228 οὐχ
591 5159 928 5225 ὑποίσομενς
966 5155 1347 5223 ’Υποφέρομεν
1404 5151 1497 5204 οὖν
1546 5150 1644 5212 τὰς
1676 5152 1844 5203 λοιδο-

191 5262 373 5335 ρνας
420 5251 528 5304 καὶ
553 5247 763 5317 ὕϐρεις,
790 5245 1106 5308 ἐλπίζοντες
1142 5242 1248 5293 τῶν
1305 5238 1670 5335 μακαρισμῶν
1699 5236 1845 5289 ὲκεί-

194 5329 351 5407 ξκων
396 5340 746 5406 ἀξιωθῆναι,
775 5338 894 5398 τοῦ,
956 5332 1253 5401 Μακάριοι
1297 5331 1457 5394 ἐστε,
1514 5329 1661 5390 ὅταν
1693 5331 1847 5380 ὀνει-

187 5447 536 5501 δίσωσιν
593 5431 748 5500 fuit;
799 5431 898 5485 καί
945 5430 1228 5493 διώξουσι,
1279 5426 1547 5493 λέγοντος,
1584 5422 1678 5473 καὶ
1729 5418 1847 5482 τοῦ,

187 5535 525 5600 xar'pe‘te
588 5527 686 5576 καί
751 5520 1146 5590 ἀγαλλιᾶσθε,
1202 5518 1293 5571 ὅτι
1340 5520 1372 5570 ὁ
1417 5513 1634 5583 μισθὸς
1683 5511 1851 5581 ὑμῶν

186 5625 474 5687 ,πολὺς
499 5619 569 5670 ἐν
597 5617 672 5679 τῷ
719 5613 974 5680 οὐρανῷ,
1011 5612 1331 5679 φάσκοντος.
1395 5605 1636 5673 Δεόμεοα
1671 5606 1725 5655 δὲ
1756 5604 1849 5663 καὶ

186 5719 448 5794 ὑμῶν,
487 5711 650 5761 ἐᾶσαι
678 5709 739 5760 τὸ
768 5709 980 5774 πεῖσμα
1037 5704 1132 5756 καὶ
1165 5700 1260 5768 τὴν
1290 5698 1527 5768 ματαίαν
1560 5693 1850 5762 πρόληψιν..

1468 5877 1482 5904 ³
1519 5871 1643 5926 ibid.
1699 5862 1776 5921 l2.

297 5907 309 5930 ¹
360 5895 559 5949 Joan.
599 5902 681 5948 λγ,
725 5887 813 5939 20.
893 5885 909 5914 ²
951 5881 1138 5935 .‘datth.
1183 5895 1228 5943 ι’,
1279 5877 1358 5931 ll.

1947 4673 2430 4731 tt-cntiscitcmlum
2466 4680 2520 4724 et
2552 4681 2717 4734 terra,
2762 4679 2815 4721 et
2864 4667 3256 4736 pertimescunt
3308 4681 3426 4731 qua:
3457 4663 3506 4715 itt

1946 4772 2086 4822 cmlo
2130 4774 2385 4834 terraque
2434 4763 2789 4817 continentur
2839 4759 3056 4825 iniuriis
3087 4757 3411 4815 onerabant,
3459 4765 3512 4808 et

1947 4859 2256 4918 maledictis
2291 4858 2652 4920 lacessebant,
2713 4856 2807 4923 qui
2839 4854 2908 4908 ab
2941 4869 3007 4907 eo
3040 4851 3320 4906 beneﬁciis
3355 4852 3510 4904 ditati

1953 4957 2184 5012 fuerant,
2219 4960 2271 5004 et
2302 4949 2605 5003 sustinebat
2663 4963 2679 4999 :
2733 4960 2832 4998 nos
2864 4943 3098 4996 humiles
3121 4951 3172 4995 et
3200 4951 3514 5009 peccatores

1951 5060 2123 5115 quare
2158 5060 2264 5098 non
2310 5038 2749 5097 suSIinehimus?
2777 5035 3099 5089 Toleranzus
3130 5033 3311 5099 itaque
3343 5032 3514 5099 iurgia

1949 5151 1998 5195 cl
2030 5139 2277 5207 injurias,
2310 5145 2595 5204 sperantes
2629 5147 2729 5184 nos
2754 5128 3148 5183 beatitudinum
3179 5126 3397 5178 illarum
3433 5123 3516 5174 tlt-

1949 5247 2086 5302 gnos
2117 5230 2407 5298 aliquando
2439 5227 2675 5285 futuros,
2711 5234 2845 5282 tum,
2883 5219 3038 5272 Beati
3076 5219 3202 5271 estis
3258 5233 3374 5268 cum
3411 5233 3521 5267 ma-

1955 5325 2228 5377 ledixerint
2269 5322 2433 5378 vobis.
2494 5327 2541 5370 et
2600 5316 2856 5384 persecuti
2903 5329 2988 5365 vos
3046 5312 3322 5379 fuerint’;
3381 5320 3514 5370 tum,

1952 5417 2188 5472 Gaudete
2210 5425 2259 5466 et
2285 5411 2567 5471 exsultate,
2599 5407 2850 5477 quoniam
2884 5421 3074 5457 merces
3108 5413 3275 5456 ucstra
3305 5401 3519 5466 copiosa

1955 5517 2028 5560 est
2059 5505 2260 5559 incmlo
2295 5505 2337 5556 ³.
2373 5503 2646 5568 Rogamus
2681 5511 2842 5565 porro
2878 5511 2992 5559 vos,
3031 5505 3087 5547 ut
3139 5492 3436 5561 pet-tinacia
3468 5499 3520 5540 ιι

1959 5615 2093 5653 vana
2145 5595 2569 5666 przesumptione
2618 5605 2957 5656 compressa.
3016 5598 3070 5642 et
3135 5586 3321 5642 sedata
3373 5600 3521 5634 arro-

1958 5689 2140 5762 gantia
2171 5687 2537 5756 v03metipsos
2565 5683 2658 5740 Dei
2713 5680 2972 5737 Ecclesia:
3005 5676 3228 5734 uniatis.
3265 5676 3354 5731 Sic
3376 5675 3522 5730 enim
