4164 6426
192 393 315 457 1033

1199 382 1636 446 BEFUTATIO
1680 379 1917 441 MARCI
1959 379 2347 440 EPIIESINL

3282 376 3416 438 1034

183 511 267 562 νῦν
292 509 389 563 οὐκ
445 505 755 560 ἐπαύσαντο
810 500 992 555 πάντα
1055 499 1205 554 λίθον
1261 501 1539 563 κινοῦντες
1596 497 1739 551 κατὰ

1851 509 2059 549 omnem
2085 479 2309 548 ~movere
2347 491 2602 561 lapidem,
2639 498 2692 544 et
2736 488 2961 545 dicenda
2998 488 3334 557 tacendaqne
3363 492 3412 543 in

182 603 437 663 Λατίνων,
472 601 567 654 καὶ
595 602 736 670 ῥητά
769 600 865 651 καὶ
898 598 1116 668 ἄῤῥητα
1147 595 1269 649 κατ’
1325 595 1504 647 αὐτῶν
1537 596 1691 663 ὲμεῖν
1724 608 1739 622 ⁸

179 696 266 749 καὶ
296 694 417 747 οὕτε
473 692 634 761 φόϐος
688 690 847 755 Θεοῦ,
883 689 1009 744 οὔτε
1057 688 1409 758 πολυχρόνιος
1448 687 1701 747 ἔνστασις
1725 726 1740 750 ,

176 787 291 841 οὗτε
318 786 537 849 σύνοδος
564 784 943 855 οίκουμενικὴ,
979 781 1095 836 οὔτ’
1120 781 1260 848 αὐτὴ
1300 781 1332 851 ἠ
1365 780 1597 849 ἀλήθεια
1614 779 1743 848 ἡδυ-

178 882 307 950 νήθη
340 882 529 933 πεῖσαι
563 877 787 941 αύτούς.
829 875 1226 943 Ἀπελογοῦντο
1272 873 1329 927 δέ
1368 889 1452 925 σοι
1497 873 1591 926 διά
1645 870 1741 925 τοῦ

176 974 606 1046 ἁρχιεπισκόπου
659 971 868 1036 Ῥόδου,
895 970 1210 1031 δεικνύντες
1237 966 1411 1037 ψευδῆ
1441 959 1584 1019 εἷναι
1600 965 1743 1034 ἅπερ

174 1069 373 1132 ἔλεγες·
397 1067 470 1129 ὡς
485 1067 585 1137 οὐχ
606 1068 640 1137 ἡ
674 1063 972 1134 Ἐκκλησία
987 1064 1087 1133 τῆς
1116 1062 1358 1132 Ῥώμης,
1384 1060 1493 1114 οὐδ’
1516 1061 1547 1129 ή
1574 1077 1743 1130 προσο

176 1161 316 1229 οήκη
347 1157 497 1212 αἰτία
537 1160 634 1226 τῆς
660 1154 980 1226 διαιρέσεώς
1001 1171 1061 1207 τε
1086 1153 1179 1208 καὶ
1204 1154 1383 1223 μάχης
1406 1147 1493 1223 ἦν·
1529 1152 1662 1205 διότι
1681 1150 1742 1202 ού

174 1253 335 1322 μόνον
358 1251 463 1320 πρὸ
486 1249 782 1321 σχίσματος
820 1247 933 1300 τῶν
975 1245 1283 1317 ἐκκλησιῶν
1306 1247 1363 1299 ιν
1383 1244 1462 1313 τῷ
1483 1243 1744 1314 Συμϐόλῳ

172 1346 203 1413 ή
226 1342 512 1412 προσθήκη
541 1341 724 1408 ἐτέθη,
759 1339 895 1393 ἀλλά
926 1339 1019 1392 καὶ
1059 1338 1167 1408 πρὸ
1198 1336 1311 1394 τῶν
1341 1335 1744 1405 οἱκουμενικῶν

172 1434 427 1498 συνόδων,
465 1434 565 1502 τῆς
588 1416 831 1502 ἑϐδόμης
856 1431 1002 1501 φημὶ
1038 1432 1129 1485 καὶ
1164 1432 1263 1501 τῆς
1293 1431 1481 1501 ἕκτης,
1513 1431 1588 1493 ὡς
1605 1446 1743 1502 μαρ-

167 1526 376 1595 τυρεῖὸ
406 1523 748 1595 όμολογητὴς
801 1522 1056 1592 Μάξιμος
1105 1521 1163 1575 ιν
1193 1524 1258 1591 τῇ
1318 1520 1455 1593 πρὸς
1498 1521 1743 1589 Μαρῐνον

166 1618 255 1670 τὸν
320 1616 694 1688 πρεσϐύτερον
746 1614 983 1685 ¹Κύπρου
1032 1615 1335 1684 ἐπιστολῇο
1392 1614 1488 1667 καὶ
1522 1613 1584 1666 ού
1634 1614 1744 1684 πρὸ

168 1710 379 1762 τούτων
439 1708 624 1779 μόνον,
668 1708 744 1771 ὡς
801 1708 1042 1778 εῐρηται,
1091 1706 1205 1760 ἀλλ’
1232 1705 1395 1769 εὐθὺς
1446 1706 1585 1777 μιτά
1641 1706 1741 1777 τήν

164 1801 430 1871 δευτέραν
487 1800 703 1854 σύνοδον
750 1800 808 1852 ιν
861 1798 939 1868 τῷ
997 1796 1175 1868 καιρῷ
1219 1797 1477 1866 Δαμάσου
1516 1797 1739 1863 πάππα,

1847 586 1966 640 illos
1998 601 2249 640 evomere
2281 603 2294 639 :
2326 596 2379 639 et
2429 599 2525 639 nec
2573 582 2664 637 Dei
2728 583 2908 647 timor,
2948 596 3122 650 neque
3163 579 3414 635 diuturna

1845 675 2144 742 contentio,
2198 690 2299 731 nec
2350 674 2590 745 synodus
2630 671 2993 733 mcumenica,
3052 684 3153 723 nec
3211 670 3414 725 veritas

1846 771 1961 841 ipsa
1992 769 2320 839 persuadere
2356 766 2464 821 illis
2497 766 2692 833 potuit.
2732 764 2839 818 Pro
2876 778 2973 818 sua
3014 778 3179 832 porro
3223 762 3411 815 defcu-

1845 863 1999 919 sione
2034 859 2429 929 respondebant
2460 855 2553 909 tibi
2585 870 2677 926 per
2701 853 3412 925 archiepiscopum'Rhodi,

1846 954 1978 1009 falsa
2005 968 2131 1009 esse
2186 951 2534 1007 ostendentes
2568 963 2689 1018 qua:
2718 948 2934 1004 dicebas
2966 966 2979 1002 :
3013 948 3160 1018 quod
3207 962 3415 1017 nequa-

1844 1062 2006 1117 quam
2054 1043 2294 1099 Ecclesia
2326 1041 2596 1107 Romana,
2632 1054 2730 1094 nec
2785 1039 3212 1094 additamentum
3262 1039 3418 1107 origo

1846 1140 2011 1195 fuerit
2041 1137 2327 1193 divisionis
2355 1146 2408 1191 et
2434 1149 2661 1206 pugnae;
2701 1146 2879 1202 neque
2913 1133 3057 1187 enim
3089 1132 3263 1189 solum
3288 1142 3417 1186 ante

1846 1232 2081 1287 schisma
2146 1230 2499 1286 ecclesiarum
2563 1227 2869 1298 appositum
2917 1237 3036 1281 erat
3105 1227 3362 1298 Symbolo
3396 1268 3413 1292 ,

1847 1324 1945 1379 sed
1966 1330 2091 1378 ante
2113 1322 2263 1392 ipsas
2290 1320 2527 1392 synodos
2557 1320 2946 1382 meumenicas,
2984 1320 3268 1390 septimam
3290 1319 3414 1374 dico

1844 1425 1897 1471 et
1948 1421 2183 1479 sextam,
2224 1421 2285 1465 ut
2336 1419 2569 1466 testatur
2600 1409 2885 1465 confessor
2920 1408 3185 1465 Maximus
3212 1410 3265 1464 in
3302 1411 3417 1478 epi-

1845 1508 1986 1566 stola
2026 1508 2091 1562 ad
2120 1506 2385 1559 Marinum
2419 1504 2794 1575 presbyterum
2825 1505 3082 1575 Cyprium
3120 1520 3135 1559 :
3166 1520 3267 1560 nec
3294 1501 3418 1558 ante

1847 1603 1965 1657 illas
2003 1608 2234 1663 tantum,
2275 1604 2335 1652 ut
2379 1595 2583 1652 dictum
2633 1606 2738 1661 est,
2786 1597 2880 1652 sed
2926 1612 3051 1653 mox
3098 1613 3129 1653 a
3175 1595 3417 1652 secunda

1846 1694 2053 1765 synodo
2087 1702 2333 1761 tempore
2363 1704 2517 1761 papae
2550 1690 2787 1759 Damasi,
2820 1699 2879 1745 ut
2910 1692 3111 1747 asserit
3154 1690 3420 1762 Georgius

1847 1791 2126 1847 Aristinus
2163 1784 2475 1841 historicus.
2504 1784 2684 1840 Duare
2726 1786 2854 1841 hinc
2887 1786 3231 1857 redargueris
3268 1801 3419 1842 com-

164 1894 239 1957 ὡς
270 1894 544 1963 μαρτυρεῖ
567 1891 845 1963 Γεὼργιος
874 1890 1177 1959 ’Δριστινὸς
1203 1893 1231 1944 ὁ
1260 1890 1552 1959 ἱστορικός.
1580 1890 1744 1943 Ὥστε

1851 1887 2092 1941 mentitia
2116 1888 2297 1942 dicere
2323 1904 2336 1941 :
2372 1902 2549 1956 neque
2582 1886 2727 1941 enim
2749 1885 3176 1941 additamentum
3201 1896 3419 1937 causam

164 1986 422 2043 ἐντεῦθεν
459 1985 816 2055 ἐλεγχόμενος
845 1983 1012 2054 φαίνῃ
1058 1982 1225 2053 μηδδν
1265 1982 1468 2050 ἀληθὲς
1501 1981 1683 2050 λέγων
1718 1997 1733 2012 ο

170 2078 434 2135 ἀλλὀὐδθ·
472 2081 505 2149 ἡ
536 2078 819 2150 προσθήκη
871 2077 1096 2145 γέγονεν
1136 2074 1286 2130 αἰτία
1316 2074 1413 2128 τοῦ
1472 2074 1748 2147 διαιρεθῆ-

166 2190 259 2227 ναι
318 2172 418 2235 τὰς
471 2170 789 2241 ἐκκλησίας.
824 2169 889 2221 Εἰ
946 2168 1043 2237 μέν
1104 2166 1216 2237 γὰρ
1263 2167 1323 2221 τὸ
1368 2167 1573 2236 σχίσμα
1628 2166 1746 2219 ἐστὶ

166 2264 314 2335 μετά
342 2264 443 2334 τὴν
490 2264 727 2333 ἑϐδόμην
753 2260 996 2321 σύνοδον,
1043 2260 1140 2313 καὶ
1172 2259 1352 2329 πολλῷ
1390 2260 1562 2312 πλείω
1593 2259 1748 2335 ὕστε-

169 2378 265 2429 ρον
299 2357 528 2426 ταύτης,
563 2359 597 2427 ή
623 2358 679 2411 δὲ
714 2354 1005 2426 προσθήκη
1041 2353 1149 2406 ἀπὸ
1178 2356 1278 2421 τῆς
1305 2352 1563 2422 δευτέρας
1588 2352 1746 2419 γέγο-

164 2469 285 2516 νεν,
315 2452 371 2504 αἱ
399 2451 443 2503 δ’
471 2448 756 2519 ἐκκλησίαι
790 2448 1070 2519 ἡνωμέναι
1119 2440 1259 2516 ἦσαν
1293 2445 1456 2514 μέχρι
1520 2444 1611 2497 καὶ
1649 2444 1746 2512 τῆς

162 2545 429 2613 ἑϐδόμης,
482 2544 573 2596 καὶ
618 2542 720 2596 οὐκ
753 2540 1045 2595 ἐνεκάλουν
1083 2538 1345 2608 ἀλλήλαις
1382 2537 1568 2589 ἕνεκεν
1623 2535 1747 2589 τού-

162 2656 264 2691 του
289 2655 306 2669 ο
340 2638 457 2701 πῶς
486 2639 519 2706 ἠ
560 2634 853 2707 προσθήκη
879 2632 1029 2687 αἰτία
1059 2632 1251 2700 γέγονε
1282 2632 1381 2701 τῆς
1403 2629 1747 2700 διαιρέσεωςς

162 2730 390 2785 Μᾶλλον
444 2730 500 2782 δὲ
550 2728 830 2782 δείκνυται
891 2726 1001 2778 ἀπὸ
1060 2724 1292 2787 τούτου,
1359 2724 1443 2776 ὅτι
1502 2722 1749 2791 ἐδέχοντο

160 2824 213 2875 οι
250 2822 568 2877 ἅνατολικοὶ
618 2821 716 2889 τὴν
755 2818 1059 2889 σαφήνειαν
1086 2816 1312 2886 ταύτην,
1370 2813 1559 2883 ἐπειδὴ
1603 2812 1753 2880 ὡμο-

160 2917 327 2969 νόουν
378 2909 843 2981 προστεθειμένον
866 2912 923 2963 ὲν
946 2909 1026 2979 τῷ
1079 2906 1341 2976 Συμϐόλῳ
1375 2906 1469 2959 καὶ
1509 2905 1627 2971 τοῦ,
1680 2906 1748 2957 ἐκ

160 3009 277 3062 τοῦ
320 3006 477 3061 Υιοῦ.

864 3098 1051 3151 ΕΦΕΣ.

238 3193 484 3245 Ἔπειτα
538 3205 676 3243 κατα
714 3192 812 3253 τὰς
871 3189 1072 3259 ἐφεξῆς
1124 3188 1467 3252 συνελεύσεις
1523 3205 1746 3257 προχει-
1777 3220 1822 3281 ρ

1848 1980 1997 2035 dedit
2027 1980 2391 2050 sejunctionis
2428 1980 2808 2035 ecclesiarum.
2840 1978 2976 2034 Nam
3025 1978 3070 2032 si
3124 1987 3245 2048 post
3297 1992 3419 2047 sep-

1852 2073 2037 2127 timam
2070 2074 2334 2143 synodum
2383 2083 2630 2129 exortum
2674 2081 2756 2127 est
2824 2070 3087 2138 schisma,
3145 2078 3199 2124 et
3248 2070 3420 2123 multo

1848 2167 2009 2221 etiam
2037 2175 2119 2222 est
2150 2166 2236 2220 illa
2264 2160 2571 2237 'posterius,
2614 2166 2855 2221 additum
2887 2180 3015 2220 vero
3063 2163 3242 2219 fuerat
3265 2163 3421 2234 Sym-

1848 2259 1970 2314 bolo
2011 2268 2132 2329 post
2156 2261 2449 2313 secundam
2491 2259 2782 2329 synodum,
2824 2257 3146 2313 etecclesiaa
3191 2271 3417 2312 concor-

1848 2352 2050 2409 dabant
2079 2368 2249 2423 usque
2282 2353 2346 2407 ad
2395 2354 2706 2420 septimam,
2738 2362 2790 2406 et
2814 2350 2979 2406 altera
3008 2350 3231 2404 alteram
3261 2349 3421 2417 hujus

1848 2444 1925 2498 rei
1969 2458 2135 2499 causa
2195 2460 2301 2498 non
2354 2445 2662 2511 accusabat,
2710 2447 2803 2512 qui
2848 2444 2938 2499 flat
2981 2453 3039 2497 ut
3092 2460 3157 2499 cx
3211 2444 3420 2499 addita-

1850 2546 2033 2590 mento
2080 2536 2152 2592 sit
2196 2546 2374 2591 ortum
2425 2536 2752 2591 dissidium?
2808 2538 2922 2591 lmo
2973 2536 3153 2606 potius
3208 2552 3274 2592 ex
3318 2538 3421 2591 hoc

1850 2628 2538 2697 ostenditur,orientalibus
2568 2629 3006 2699 explanationem
3058 2630 3199 2685 hanc
3250 2630 3420 2685 fuisse

1852 2729 2150 2791 acceptam,
2203 2720 2645 2791 quandoquidem
2702 2721 2882 2777 addita
2942 2724 3106 2777 etiam
3163 2723 3420 2795 Symbolo

1850 2828 1979 2869 voce
2015 2813 2127 2876 illa,
2157 2810 2416 2883 Filioque,
2450 2827 2558 2866 non
2594 2811 2957 2870 dissidebant.

2506 3090 2745 3147 EPIIES.

1927 3183 2130 3238 Deinde
2168 3197 2265 3253 per
2299 3193 2697 3252 consequentes
2744 3186 3043 3251 sessiones,
3081 3188 3309 3258 prolatis
3340 3204 3425 3245 sa-

163 3285 480 3354 ρισάμενος
512 3282 609 3344 τὰς
649 3281 884 3352 Πράξεις
914 3281 1023 3332 τῶν
1064 3280 1226 3347 ἱερῶν
1257 3280 1492 3334 συνόδων
1509 3280 1748 3347 ἀνέγνων

1856 3290 2076 3329 crorum
2100 3276 2460 3329 conciliorum
2481 3276 2656 3339 Actis,
2676 3278 2899 3332 recitavi
2919 3278 3259 3337 definitiones
3281 3282 3428 3352 ipso-

158 3379 224 3441 ἐξ
247 3375 442 3430 αὐτῶν
468 3375 598 3435 τοὺς
631 3375 812 3441 ὅρους,
848 3360 907 3424 έν
941 3368 1021 3434 οἷς
1061 3372 1500 3440 ἀπαγορεύουσιν
1538 3372 1588 3423 ot
1616 3371 1748 3422 θεῖοι

158 3466 429 3535 ιισιτέρες
464 3465 662 3516 ὲκείνοι
696 3462 794 3533 τὴν
844 3462 1148 3532 ἐναλλαγὴν
1176 3462 1271 3516 τοῦ
1328 3462 1615 3531 Συμϐόλου
1652 3462 1751 3530 μέ-

160 3577 266 3629 χρι
320 3554 522 3619 λέξεώς
570 3572 628 3607 τε
673 3556 769 3608 καὶ
809 3552 1104 3621 συλλαϐῆς,
1142 3554 1237 3607 καὶ
1287 3551 1581 3623 φρικώδεις
1613 3554 1751 3623 ἁράς

152 3642 489 3711 ἐκφωνοῦσι
522 3642 662 3696 κατά
714 3642 824 3695 τῶν
878 3641 1090 3711 ταύτην
1150 3643 1282 3696 ποτὲ
1330 3644 1747 3713 τολμησόντων’

152 3736 315 3790 ὥστε
352 3736 482 3799 τοὺς
506 3736 839 3799 ἐπισκόπους
881 3736 981 3807 μὲν
1004 3738 1101 3790 καὶ
1127 3738 1256 3800 τοὺς
1283 3737 1580 3808 κληρικοὺς
1610 3738 1754 3792 ἀνιέ-

152 3848 300 3901 ρους
338 3826 488 3882 εἶναι
521 3829 582 3881 τὸ
617 3830 726 3881 ἀπδ
756 3828 935 3893 τοῦδε,
972 3831 1063 3881 καὶ
1094 3830 1193 3898 τῆς
1234 3830 1532 3899 δεδομένης
1568 3832 1753 3893 αὐτοῖς

148 3924 400 3993 χάριτος
427 3921 765 3990 ἀλλοτρίους,
798 3921 925 3984 τοὺς
953 3922 1010 3974 δὲ
1060 3922 1284 3984 λαῖκοίις
1321 3922 1647 3976 ὑποκεῖσθαι
1676 3923 1752 3994 τῷ

144 4012 495 4082 ἁναθέματι
513 4026 526 4041 ο
559 4011 718 4064 τοῦτο
735 4011 792 4065 δέ
809 4012 957 4065 ἐστιν
983 4015 1011 4066 ό
1038 4014 1145 4066 ἀπδ
1163 4013 1257 4087 τοῦ
1274 4014 1411 4067 Θεοῦ
1441 4016 1744 4085 χωρισμός.

854 4105 1077 4164 ἔΔῐιΟΛ.

230 4196 381 4248 Ὅτι
415 4195 516 4263 μὲν
558 4194 797 4263 ἀνέγνως
825 4197 887 4248 ὲκ
918 4195 1029 4248 τῶν
1067 4198 1467 4266 οίκουμενικῶν
1514 4200 1751 4253 συνόδων

142 4285 302 4349 ἐκεῖ,
350 4282 735 4352 μαρτυροῦσιν
776 4284 835 4337 αἱ
875 4283 1130 4372 .Πρὰξεις
1158 4301 1172 4315 ⁸
1214 4288 1329 4340 ἐκεῖ
1360 4289 1470 4357 γάρ
1512 4290 1621 4343 είσι
1662 4306 1753 4359 γε-

140 4376 483 4446 γραμμένα
505 4376 651 4444 ἅπερ
678 4377 921 4445 ἀνέγνως
939 4393 955 4410 ο
985 4378 1068 4431 ὃτι
1092 4378 1148 4432 δὲ
1175 4380 1330 4433 οὐδὶν
1354 4381 1561 4452 ἔφησας
1586 4385 1755 4451 ἀναγ-

138 4471 353 4529 καῖον,
387 4464 511 4517 οὐδὲ
539 4468 679 4520 κατά
705 4466 949 4520 Λατίνων
973 4462 1115 4537 ἦσαν
1136 4469 1345 4537 ἐκεῖνα,
1373 4473 1401 4523 ό
1428 4471 1754 4542 βουλόμενος

1854 3384 1994 3433 rum,
2038 3369 2090 3421 in
2127 3369 2327 3436 quibus
2353 3371 2526 3423 sancti
2564 3370 2641 3423 illi
2668 3369 2857 3426 Patres
2900 3372 3231 3429 interdicunt
3262 3374 3428 3446 Synt-

1852 3462 1962 3516 boli
1996 3464 2352 3517 mutationem
2387 3476 2563 3533 usque
2594 3463 2660 3516 ad
2697 3464 2995 3519 dictionem
3025 3475 3080 3520 et
3132 3467 3419 3537 syllabam,

1854 3564 1910 3608 et
1946 3554 2250 3609 horrendas
2298 3554 2709 3611 exsecrationes
2769 3556 3025 3613 sanciunt
3073 3558 3125 3611 in
3179 3574 3274 3613 eos
3328 3565 3421 3628 qui

1855 3647 1972 3699 ausi
2031 3660 2266 3714 unquam
2315 3644 2517 3699 fuerint
2550 3648 2845 3715 quidquam
2901 3649 3191 3703 immutare
3223 3651 3330 3703 :ita
3366 3661 3425 3703 ut

1857 3736 2097 3807 episcopi
2116 3738 2341 3805 quidem
2361 3746 2415 3792 et
2433 3737 2617 3791 clerici
2639 3738 2948 3793 sacerdotio
2967 3741 3022 3794 in
3045 3753 3316 3809 posterum
3339 3758 3427 3795 ca-

1858 3838 2036 3892 reant,
2079 3830 2300 3897 sintque
2330 3844 2359 3882 a
2396 3830 2569 3899 gratia
2606 3830 2710 3884 sibi
2745 3833 2864 3885 data
2886 3831 3086 3890 alieni:
3142 3832 3267 3887 laici
3298 3847 3427 3885 vero

1857 3920 2090 3990 subjecti
2125 3924 2230 3974 sint
2257 3921 2613 3989 anathemati,
2645 3925 2789 3994 quod
2815 3931 2900 3979 est
2934 3924 3205 3992 separatio
3228 3940 3255 3979 a
3296 3923 3425 3980 Deo.

2555 4105 2753 4161 RESP.

1928 4195 2081 4261 Quod
2121 4205 2176 4251 tu
2209 4196 2430 4265 quidem
2466 4198 2647 4266 aliqua
2685 4199 2755 4253 ibi
2782 4200 3080 4269 protuleris
3105 4216 3168 4255 ex
3194 4201 3429 4259 decretis

1858 4286 2191 4356 generalium
2228 4289 2613 4353 conciliorum,
2651 4293 2785 4344 Acta
2853 4299 3167 4357 testantur;
3225 4295 3424 4363 scripta

1860 4379 2006 4433 enim
2036 4391 2167 4435 sunt
2203 4381 2309 4436 illis
2345 4396 2467 4450 quas
2498 4383 2767 4437 recitasti.
2799 4380 2945 4436 Nihil
3002 4397 3131 4437 vero
3155 4399 3277 4439 esse
3312 4401 3341 4438 a
3371 4394 3425 4441 te

1867 4470 2101 4536 dictum,
2146 4472 2292 4540 quod
2328 4480 2577 4540 urgeret,
2602 4482 2656 4526 et
2684 4472 2820 4527 nihil
2859 4472 2949 4528 il'la
2981 4483 3172 4528 contra
3202 4474 3429 4530 Latinos

137 4555 485 4624 ἀναγνώτω
508 4556 606 4618 τὰς
641 4556 894 4628 Πράξεις,
925 4560 1019 4613 καὶ
1047 4559 1274 4630 εύρήσει
1308 4578 1374 4629 με
1404 4561 1631 4630 λέγοντα
1660 4564 1748 4632 τὴι

1867 4560 2068 4627 facere,
2091 4562 2180 4629 qui
2203 4562 2350 4616 scire
2371 4563 2623 4623 voluerit,
2641 4564 2770 4617 Acta
2804 4565 2963 4635 legat,
2999 4571 3053 4619 et
3075 4580 3262 4620 verum
3292 4581 3319 4619 a
3345 4581 3430 4621 me

140 4651 475 4720 ἀλήθειαν.
499 4648 624 4701 ὐτι
662 4648 772 4718 γὰρ
799 4649 1240 4718 ἀπαγορεύουσιν
1264 4651 1315 4703 οἱ
1340 4652 1473 4705 θεῖοι
1509 4652 1748 4723 Πατέρες

1859 4650 1971 4706 dici
2009 4653 2329 4721 comperiet.
2364 4653 2720 4708 lnterdictum
2783 4657 2986 4726 quippe
3007 4670 3131 4713 esse
3161 4672 3190 4711 a
3219 4660 3426 4713 sanctis

132 4740 249 4812 τὴν
302 4738 631 4809 ἐναλλαγήν
680 4739 774 4791 τοῦ
807 4739 1122 4817 ¹Συμϐόλου,
1156 4741 1250 4796 καὶ
1303 4743 1354 4794 οι
1393 4744 1614 4796 Λατῖνοι
1658 4745 1748 4796 καὶ

1858 4742 2134 4809 Patribus,
2159 4758 2225 4797 ne
2252 4746 2355 4798 ulla
2386 4745 2478 4799 fiat
2511 4747 2562 4800 in
2582 4744 2846 4815 Symbolo
2880 4749 3209 4816 immutatio,
3233 4761 3286 4805 et
3318 4750 3422 4806 La-

125 4832 327 4900 ἡμεῖς
384 4827 765 4897 ὁμολογοῦμεν
790 4845 803 4859 ·
842 4830 939 4882 καὶ
987 4829 1085 4892 τάς
1121 4829 1419 4900 φρικώδεις
1453 4833 1616 4902 ἀρὰς,
1658 4835 1748 4885 καὶ

1858 4834 1957 4887 tini
1992 4843 2048 4888 et
2083 4850 2182 4889 nos
2214 4835 2466 4899 fatemur,
2498 4846 2551 4891 et
2579 4840 2763 4892 omnia
2787 4856 2910 4909 qua:
2932 4846 3186 4913 congeris
3212 4845 3277 4899 ad
3306 4855 3418 4899 t-ur-

132 4926 213 4977 τά
240 4921 628 4990 ἀναθέματα,
673 4921 768 4976 καὶ
808 4922 933 4986 τοὺς
970 4921 1133 4992 ἱερεῖς
1166 4923 1440 4992 ἀνιέρους,
1474 4926 1568 4977 καὶ
1624 4926 1748 4988 τοὺς

1858 4925 2067 4981 bandos
2097 4927 2484 4995 simpliciores,
2510 4931 2923 4987 exsecrationes
2947 4924 3272 5001 bo'rrendas,
3295 4951 3425 4991 ana-

120 5015 396 5075 λαῖκοὺς
420 5012 531 5066 ἀπὸ
562 5010 655 5065 τοῦ
684 5010 822 5064 Θεοῦ
858 5014 1322 5082 κεχωρισμένους,
1362 5015 1459 5067 καὶ
1493 5018 1560 5068 τὰ
1585 5015 1748 5067 λοιπὰ

1862 5018 2065 5081 thema,
2091 5017 2454 5087 privationem
2492 5018 2807 5088 sacerdotii,
2854 5023 3117 5079 laieorum
3154 5042 3182 5079 a
3217 5026 3429 5083 Deose-

118 5109 159 5160 ὅ.
196 5109 421 5173 λέγεις
444 5103 583 5172 πρὸς
610 5105 671 5156 τὺ
695 5105 924 5173 συγχέαι
956 5106 1083 5167 τοὺς
1106 5105 1533 5175 ἁπλουστέρους,
1569 5108 1748 5161 πάντα

1856 5110 2228 5177 parationem,
2275 5109 2455 5165 Latini
2487 5111 2582 5166 tibi
2611 5114 2940 5179 concedunt,
2974 5119 3066 5171 sed
3103 5119 3153 5171 in
3186 5134 3251 5173 eo
3298 5134 3428 5174 con-

119 5218 219 5253 σοε
258 5193 724 5265 συνομολογοῦσι
752 5197 978 5249 Λατῖνοι
1003 5212 1018 5227 ο
1050 5196 1393 5264 ἀντιλέγουσι
1420 5198 1475 5251 δέ
1505 5215 1587 5250 σοι
1615 5199 1651 5252 ἀ
1685 5203 1748 5253 σὺ

1856 5202 2140 5255 tradicunt
2176 5203 2321 5271 quod
2347 5213 2516 5270 taces,
2550 5206 2679 5273 quia
2710 5206 2932 5261 naribus
2987 5210 3096 5262 tuis
3118 5210 3288 5280 sinapi
3320 5222 3424 5266 est.

1862 5282 2099 5346 Possunt
2128 5294 2275 5349 enim
2303 5292 2478 5349 Latini
2512 5306 2567 5349 et
2613 5311 2711 5350 nos
2760 5298 2953 5366 synodi
3001 5298 3315 5356 defensores
3358 5302 3428 5356 ita

1862 5383 1961 5437 tibi
2021 5399 2367 5440 occurrere:
2441 5386 2583 5441 Bene
2645 5386 2805 5453 dicis,
2876 5390 3180 5445 venerande
3234 5399 3431 5461 praesul

1854 5472 2115 5543 Ephesio,
2146 5485 2199 5530 et
2227 5491 2329 5531 nos
2359 5478 2473 5533 hmc
2499 5479 2685 5533 eadem
2716 5478 2972 5546 fatemur,
3002 5482 3097 5535 sed
3131 5484 3331 5537 nullam
3356 5498 3435 5539 ta-

1852 5577 1973 5620 men
2016 5581 2117 5623 nos
2146 5568 2581 5625 immutationem
2636 5571 2689 5625 in
2725 5572 3106 5628 sacratissimo
3161 5576 3425 5645 Synibolo

1853 5660 2024 5713 moliti
2049 5676 2266 5727 sumus,
2300 5678 2474 5734 neque
2508 5665 2859 5722 immutatum
2897 5667 3028 5722 illud
3084 5670 3320 5725 colimus
3380 5680 3437 5725 et

116 5291 407 5361 σιωπᾷς,
462 5288 547 5339 ὅτι
602 5288 827 5355 γέγονεν
882 5290 941 5340 έν
992 5290 1059 5358 τῇ
1094 5289 1362 5359 ὀσφρήσει
1410 5307 1507 5343 σου
1535 5294 1745 5364 σίνηπι.

110 5387 447 5439 Δύνανται
503 5379 613 5450 γὰρ
666 5382 887 5433 Λατῖνοι
944 5381 1040 5433 καὶ
1097 5383 1259 5451 ἡμεῖς
1299 5383 1352 5434 οἱ
1388 5382 1488 5451 τῆς
1529 5387 1748 5440 συνόδου

112 5476 473 5543 συνήγοροι
506 5473 641 5540 πρὸς
698 5472 760 5524 at
806 5473 1107 5537 ἀντειπεῖν,
1162 5473 1246 5525 ὅτι
1296 5475 1490 5538 Καλῶς
1543 5475 1744 5545 λέγεις,

106 5565 422 5633 αἱδέσιμε
457 5557 712 5628 Ἐφέσου,
769 5563 866 5613 καὶ
896 5562 1056 5629 ἡμεῖς
1104 5560 1279 5613 ταῦτα
1326 5563 1702 5634 ὁμολογοῦμεν
1730 5582 1743 5596 ·

106 5657 248 5709 ἀλλ’
294 5653 425 5706 οὐκ
479 5651 851 5720 ἐνηλλάξαμεν
906 5652 1056 5721 ὅμως
1092 5653 1254 5721 ἡμεῖς
1313 5654 1375 5704 τὸ
1447 5654 1747 5725 ἱερώτατον

107 5743 478 5816 Σύμϐολον,
492 5738 615 5792 οὕτε
634 5741 740 5810 μὴν
757 5741 1155 5811 ὲνηλλαγμένον
1176 5740 1305 5794 αὐτὸ
1324 5745 1709 5814 πρεσϐεύομεν
1728 5765 1741 5779 ⁸

1855 5764 2177 5805 veneramur
2236 5768 2363 5806 nam
2405 5770 2498 5810 eos
2520 5757 2611 5825 qui
2644 5758 3006 5812 immutarunt
3039 5761 3121 5813 vel
3146 5759 3439 5815 immutare

116 5841 261 5897 τοὺς
295 5833 433 5903 γὰρ
464 5830 889 5895 ὲναλλάξαντας,
921 5832 1031 5884 εἴτε
1076 5834 1181 5900 μὴν
1214 5832 1522 5896 ὲναλλάξειν
1549 5838 1748 5908 τολμή-

1856 5842 2162 5907 audebunt,
2203 5859 2301 5899 nos
2339 5846 2500 5901 etiam
2539 5850 2871 5904 anathemati
2907 5849 3195 5906 tradimus.
3219 5850 3430 5907 Etenim

502 5921 771 5981 l's'rIwL.
802 5926 915 5982 Gtt.
968 5924 1165 5983 CLIX.
2961 5940 3033 6000 33
