4164 6426
208 388 330 451 1037

1218 366 1653 431 REFUTATIO
1695 360 1931 424 MARCI
1960 355 2231 419 EPHESI
2250 357 2349 417 Nl.

3305 352 3442 418 1038

204 500 414 558 λύοντας
446 495 661 563 λόγους,
712 491 789 561 μὴ
820 490 1122 558 δυνάμενος
1175 486 1232 538 δὲ
1283 483 1610 549 ἀντιλέγειν,
1646 477 1761 530 έτέ-

1878 472 2206 541 ipertissime
2258 468 2558 525 dissolvere
2591 476 2683 532 ;et
2741 482 2867 522 cum
2912 483 3021 522 nou
3082 482 3272 537 posses
3308 483 3444 522 cou-

200 609 306 659 ροις
342 591 441 657 τὴν
468 586 708 650 διάλεξιν
747 581 1116 654 ἐνεχείρισας.
1151 577 1262 630 Καὶ
1308 575 1429 628 τότε
1470 576 1497 625 ὁ
1528 568 1761 629 Νικαίας

198 683 480 754 ἀρχιερεὺς
530 678 825 735 ἀνελάῦετο
871 678 964 729 τὸν
1018 672 1229 742 ἀγῶνα,
1265 668 1409 723 ὥστε
1464 665 1611 736 ,μετά
1666 663 1760 715 τοῦ

196 778 301 845 φρὰ
340 775 591 843 ’Δνδρέου
657 770 1096 843 ἁρχιεπισκόπου
1142 764 1329 818 Ῥόδου
1377 758 1759 826 διαλέγεσθαι·

193 874 276 922 ὅτε
310 868 552 928 καὶτοὺς
588 863 979 935 ἰσχυροτέρους
1008 858 1150 928 ὑπὲρ
1178 852 1435 925 Γραικῶν
1485 851 1616 919 περὶ
1664 849 1763 915 τῆς

193 961 510 1032 προσθήκης
552 957 747 1025 λόγους
777 954 941 1016 αὐτὸς
983 949 1108 1005 εἷπε
1135 967 1149 980 ο
1182 948 1324 1019 πρὸς
1360 943 1623 1015 ἀλήθειαν
1652 941 1763 1008 γὰρ

190 1050 256 1123 ἦν
280 1054 461 1114 αὐτοῖς
491 1054 520 1105 ὁ
550 1050 778 1110 σκοπὸς,
807 1049 899 1101 καὶ
928 1046 989 1098 οὐ
1015 1044 1151 1113 πρὸς
1178 1037 1466 1103 ἐπίδειξιν,
1497 1035 1571 1097 ὡς
1598 1032 1763 1123 αὐτὸς

189 1122 291 1211 φῄς
318 1156 334 1171 ⁸
364 1142 425 1193 οὐ
466 1142 574 1210 γὰρ
629 1139 705 1201 ὡς
755 1140 979 1192 Λατῖνοι
1038 1133 1131 1187 καὶ
1191 1130 1335 1201 μέρη
1382 1129 1480 1197 τήν
1525 1122 1761 1187 διάλεξιν

189 1233 490 1298 ἐποιοῦντο,
522 1230 639 1285 ἀλλ’
684 1230 764 1292 ὡς
818 1228 1143 1298 Χριστιανοὶ
1174 1224 1273 1293 τὴν
1329 1223 1591 1291 ἀλήθειαν
1641 1217 1764 1287 ἐξη-

189 1325 415 1392 ρεύνων,
469 1324 565 1375 καὶ
617 1323 757 1391 μετὰ
794 1318 1035 1387 σπουδῆς
1096 1316 1387 1385 ὲξεζήτουν
1438 1310 1758 1371 ἀπαύστως.

185 1418 441 1470 Φαίνεται
458 1414 569 1483 γὰρ
597 1409 897 1484 διαρρήδην
924 1410 1103 1474 τοῦτο,
1132 1408 1261 1462 ἔνθα
1287 1409 1315 1461 ὁ
1336 1402 1758 1475 μακαριώτατος

185 1513 419 1573 πάππας
443 1512 557 1570 τοῖς
588 1507 885 1577 ἡμετέροις
914 1506 1068 1574 ἔλεγε
1091 1521 1106 1535 ο
1156 1499 1442 1571 Θαυμάζω
1474 1498 1589 1560 πῶς
1621 1498 1760 1565 άμε-

183 1606 352 1668 λεῖτε,
382 1602 478 1656 καὶ
515 1597 884 1654 ἀναϐάλλεσθε
931 1597 1031 1658 τὰς
1086 1593 1429 1656 συνελεύσεις
1455 1608 1468 1622 ·
1522 1593 1616 1645 καὶ
1650 1591 1757 1659 γὰρ

179 1697 245 1748 ού
270 1691 828 1765 παύομαιδιεγείρων
865 1690 954 1744 ἀεὶ
1008 1690 1156 1761 ὑμᾶς
1185 1686 1321 1758 πρὸς
1345 1686 1443 1755 τήν
1474 1688 1573 1755 τῆς
1623 1686 1760 1753 ἀλη-

1873 563 2163 628 tradicere,
2206 561 2329 617 aliis
2386 560 2808 628 disputationem
2870 560 3163 616 tradidisti.
3196 560 3445 631 Tumque

1873 655 2065 725 praesul
2096 655 2351 711 Nieaznus
2384 662 2659 710 certamen
2714 654 2975 724 suscepit,
3028 664 3084 708 ut
3110 669 3234 710 cum
3274 654 3446 715 fratre

1872 749 2084 804 Audrea
2115 749 2289 805 Rhodi
2322 748 2731 817 archiepiscopo
2761 748 3111 819 disceptaret,
3144 748 3365 817 quando
3392 759 3446 804 et

1872 843 2129 898 validiora
2160 858 2256 914 pro
2282 842 2487 899 Graecis
2516 854 2839 914 argumenta
2870 861 3037 915 super
3067 847 3443 903 additamentu

1872 939 1988 1007 ipse
2019 917 2429 1008 proposuit;ad
2466 937 2754 992 veritatem
2809 942 2955 994 enim
3014 939 3123 995 illis
3176 939 3444 996 tendebat

1871 1032 2111 1095 animus,
2139 1045 2272 1093 non,
2311 1041 2367 1084 ut
2401 1032 2628 1094 asset-is,
2659 1031 2728 1084 ad
2783 1033 3227 1089 ostentationem.
3256 1033 3449 1103 Neque

1870 1125 2013 1178 enim
2046 1123 2398 1194 disputabant
2432 1134 2489 1178 ut
2520 1124 2701 1179 Latini
2729 1132 2785 1179 et
2826 1127 3055 1182 adversa
3084 1142 3231 1196 pars,
3257 1127 3353 1183 sed
3389 1138 3447 1181 ut

1870 1216 2170 1271 Christiani
2194 1216 2470 1271 veritatem
2505 1218 3012 1285 perscrutahantur,
3036 1228 3086 1273 et
3106 1222 3226 1275 eam
3258 1221 3444 1276 studio

1872 1321 2150 1375 nunquam
2185 1306 2500 1363 intermisso
2523 1309 2931 1379 perquirebaut.
2967 1310 3024 1365 ld
3060 1322 3209 1367 certe
3240 1310 3446 1382 liquido

1869 1408 2087 1452 constat
2111 1413 2177 1452 ex
2201 1399 2385 1454 verbis
2407 1399 2707 1455 beatissimi
2729 1416 2898 1471 papae,
2916 1402 3118 1472 quibus
3137 1406 3200 1457 ad
3227 1413 3447 1460 nostros

1872 1490 2131 1545 utebatur
2168 1492 2359 1545 dicens
2391 1508 2407 1545 :
2441 1491 2609 1548 Miror
2635 1495 2779 1563 quod
2814 1496 3151 1566 negligenter
3176 1496 3373 1567 agatis,
3394 1508 3449 1552 et

1868 1598 2169 1641 conventus
2195 1588 2459 1645 diﬂ‘eratis
2486 1607 2501 1657 ;
2537 1605 2663 1661 ego,
2686 1607 2794 1645 non
2823 1592 3015 1648 desino
3063 1610 3163 1650 vos
3205 1595 3448 1649 excitari:

1869 1678 1935 1733 ad
1971 1680 2220 1735 veritatis
2262 1682 2696 1753 indagationem,
2725 1696 2778 1739 at
2813 1698 2911 1742 vos
2943 1687 3225 1756 segniores
3285 1688 3443 1742 estis.

182 1786 340 1857 θείας
374 1785 647 1850 ἐξέτασιν,
679 1783 795 1837 ἀλλ’
829 1782 991 1852 ὑμεῖς
1022 1780 1340 1852 ῥᾳθυμεῖτε.
1395 1779 1507 1833 Καὶ
1561 1776 1758 1846 ἔχομεν

1878 1772 2055 1827 Aunus
2074 1772 2253 1845 agitur
2273 1775 2566 1842 secundus,
2594 1786 2880 1845 postquam
2902 1787 3084 1849 empta
3102 1789 3185 1835 est
3212 1781 3295 1851 agi
3321 1796 3449 1850 syn-

179 1851 424 1931 ἐνταῦθα
483 1879 539 1930 ὲν
580 1879 648 1948 τῇ
712 1851 925 1946 συνόδῳ
987 1851 1267 1935 ἐνιαυτοὺς
1316 1871 1434 1937 δύο,
1469 1871 1567 1923 καὶ
1611 1870 1764 1923 οῡπω

1878 1866 2009 1923 odus
2043 1906 2057 1931 ,
2115 1869 2348 1923 necdum
2417 1870 2660 1940 quinque
2716 1882 2771 1926 et
2814 1872 3003 1939 viginti
3064 1884 3196 1928 sunt
3248 1875 3449 1929 habita:

179 1974 361 2025 εἰκοσι
412 1971 509 2025 καὶ
570 1971 733 2024 πέντε
785 1969 1039 2038 ἐγένοντο
1078 1967 1442 2028 συνελεύσεις.
1496 1965 1762 2036 Ἔρχεσθε

179 2067 279 2124 οὖν
314 2069 394 2131 είς
428 2067 526 2140 τήν
558 2067 800 2133 διάλεξιν
822 2080 837 2096 ⁸
864 2069 984 2120 ἐκεῖ
1013 2066 1121 2134 γὰρ
1169 2064 1591 2135 εὐρεθήσεταιή
1633 2062 1767 2132 ἀλή-

180 2162 315 2214 θεια
345 2177 358 2191 ³
392 2161 452 2213 οὐ
485 2162 592 2230 γὰρ
621 2159 851 2213 δυνατὸν
888 2158 1067 2219 ἄλλως
1098 2173 1112 2186 '
1145 2154 1372 2226 ἔρχεσθε
1402 2155 1498 2208 καὶ
1534 2155 1609 2225 μὴ
1645 2153 1767 2223 μέλ-

180 2255 333 2309 λετε.
372 2254 659 2308 Ἐλυπεῖτο
684 2253 794 2323 γὰρ
821 2256 850 2306 ὁ
885 2250 1162 2322 μακάριος
1220 2250 1430 2311 ἐκεῖνος
1458 2248 1621 2317 ἀνὴρ,
1651 2246 1768 2308 πῶς

172 2344 237 2397 οι
278 2344 543 2416 ἡμέτεροι
576 2342 841 2414 ῥᾳθύμως
889 2338 1062 2411 εἶχον,
1098 2340 1193 2394 καὶ
1225 2338 1287 2392 οὐ
1344 2340 1682 2409 συνήρχοντο
1712 2337 1769 2387 ὲν

178 2442 249 2508 τῇ
274 2439 615 2492 συνελεύσει.
658 2437 889 2504 Ἔλεγον
914 2435 972 2489 δὲ
1006 2434 1104 2488 καὶ
1142 2430 1517 2499 ἀπελογοῦντο
1548 2430 1647 2483 οὐκ
1686 2430 1768 2493 εἰς

176 2535 245 2586 τὸ
276 2533 430 2598 δόξαι
481 2549 534 2585 τι
590 2531 796 2599 λέγειν,
824 2530 922 2584 καὶ
952 2530 1052 2592 τὰς
1079 2528 1189 2582 τῶν
1229 2527 1451 2581 οἰκείων
1484 2543 1765 2595 προκατα-

177 2626 341 2695 σκεῖν
374 2626 571 2687 ἀκοὰς,
606 2623 683 2686 ὡς
715 2623 822 2693 φῂς
849 2624 914 2676 σὺ
942 2621 1251 2676 διαόάλλων
1281 2621 1528 2683 πάνταςο
1577 2620 1769 2691 πόρρω

176 2718 297 2787 γὰρ
323 2716 423 2786 τῆς
448 2714 678 2768 ἐκείνων
728 2713 966 2777 διανοίας
989 2731 1047 2766 τε
1074 2714 1168 2766 καὶ
1209 2712 1400 2781 σοφίας
1433 2714 1579 2765 τουτί
1607 2730 1620 2742 ·
1654 2713 1768 2765 ἀλλ’

172 2810 297 2863 οὐδ’
336 2808 557 2877 ὕστεροι
598 2808 786 2876 ἔλεγον
817 2808 955 2876 πρὸς
998 2807 1059 2859 τὸ
1085 2806 1236 2859 λύειν
1263 2808 1361 2869 τὰς
1399 2805 1768 2871 συνελεύσεις,

172 2901 279 2954 καὶ
305 2900 593 2971 λυομένων
622 2900 802 2953 αὐτῶν
830 2900 1014 2952 δοκεῖν
1047 2899 1247 2962 αὐτοὺς
1274 2899 1490 2952 ἅπαντα
1522 2897 1674 2952 λύειν
1702 2899 1771 2952 τὰ

171 2995 322 3064 παρ’
377 2994 535 3064 ὑμῶν
581 2993 888 3063 λεγόμενα·
947 2992 1069 3044 ἀλλ’
1102 2992 1468 3061 ἀπελογοῦντο
1525 2991 1770 3061 ὕστεροι,

166 3086 384 3156 ,ἐπειδὴ
421 3087 580 3155 ὑμεῖς
608 3084 986 3156 προετείνεσθε
1038 3086 1304 3155 πρότερον
1332 3087 1408 3149 ὡς
1450 3087 1770 3157 κατήγοροι.

1871 1960 2505 2027 sessiones;convenite
2585 1978 2717 2033 ergo
2783 1964 2849 2019 ad
2911 1966 3328 2037 disputandum,
3373 1968 3445 2023 ita

1870 2053 2014 2105 enim
2046 2064 2099 2109 et
2131 2054 2286 2109 nullo
2317 2053 2426 2111 alio
2462 2055 2631 2112 modo
2672 2058 2976 2127 reperietur
3002 2059 3206 2115 veritas
3245 2077 3261 2127 ;
3294 2061 3450 2115 veni—

1874 2156 1925 2199 te
1976 2147 2457 2202 etcunctationem
2491 2149 2729 2218 abjicite.
2757 2150 2986 2207 Dolebat
3011 2152 3213 2224 quippe
3249 2155 3333 2210 vir
3360 2156 3449 2212 ille

1872 2242 2059 2294 beatus
2075 2239 2141 2295 de
2167 2240 2491 2311 negligentia
2518 2251 2850 2305 nostrorum,
2871 2245 3013 2314 quod
3058 2261 3167 2301 non
3195 2252 3452 2305 conveni-

1873 2343 1992 2388 rent
2016 2333 2083 2387 ad
2103 2335 2400 2391 sessiones.
2425 2335 2693 2392 Dicebant
2717 2353 2883 2407 porro
2907 2350 2962 2395 et
3008 2357 3067 2397 se
3088 2341 3453 2400 defendebant

1872 2442 1979 2482 non
2010 2438 2065 2481 ut
2092 2430 2412 2484 viderentur
2450 2429 2653 2487 habere
2681 2432 2812 2503 quid
2840 2433 3111 2502 dicerent,
3138 2446 3191 2491 et
3223 2452 3449 2492 suorum

1872 2536 2035 2576 aures
2090 2535 2562 2593 praeoccuparem,
2625 2535 2681 2579 ut
2710 2534 2765 2580 tu
2816 2527 3200 2586 calumniando
3258 2547 3449 2587 omnes

1874 2613 2110 2670 afﬁrmas
2132 2616 2350 2685 (procul
2372 2616 2517 2671 enim
2546 2634 2573 2671 a
2597 2633 2759 2673 sensu
2774 2629 2827 2675 et
2848 2621 3075 2677 scientia
3104 2623 3320 2679 illorum
3346 2627 3449 2681 hoc

1872 2710 1997 2777 est),
2018 2711 2110 2765 sed
2130 2726 2305 2780 neque
2330 2712 2659 2782 posteriores
2683 2713 3049 2779 disserebant,
3074 2726 3130 2770 ut
3149 2718 3309 2774 finem
3332 2736 3449 2775 ses-

1875 2802 2118 2857 sionibus
2153 2803 2517 2875 imponerent,
2554 2816 2716 2877 atque
2741 2810 2812 2863 ita
2840 2808 3159 2864 viderentur
3198 2813 3298 2880 ipsi
3332 2828 3447 2867 um-

1876 2892 1962 2946 nia
1997 2894 2204 2951 diluere
2233 2912 2355 2966 quae
2382 2912 2411 2950 a
2449 2899 2607 2955 vobis
2639 2901 3079 2970 objicicbantur;
3133 2920 3321 2959 verum
3354 2906 3452 2960 de-

1878 2986 2143 3042 fensiouis
2177 3004 2340 3044 causa
2375 2993 2803 3061 respondebant,
2832 2996 3094 3063 quoniam
3118 2997 3330 3067 priores
3355 3014 3452 3053 vos

1878 3083 2263 3150 proponebatis
2290 3094 2743 3153 utaccusatores;
2777 3090 3043 3159 reliquum
3071 3106 3204 3160 ergo
3226 3102 3368 3157 erat,
3396 3103 3456 3146 ut

172 3181 437 3244 ἐκείνους
485 3180 541 3232 δὲ
585 3175 653 3233 ἦν
698 3179 759 3232 τὸ
812 3179 1000 3232 λοιπὸν
1052 3179 1111 3241 ἐξ
1148 3179 1397 3248 ἀνάγκης
1473 3179 1769 3245 ἀπολογίαν

1879 3172 1954 3225 illi
1995 3174 2265 3229 rationem
2290 3178 2602 3232 necessario
2631 3180 2937 3235 redderent.

171 3272 493 3326 ποιεῖσθαι.

876 3368 1069 3424 ΕΦΕΣ.

260 3460 560 3515 Ἐντεῦθεν
615 3462 714 3531 ήδη
763 3460 854 3514 τοῦ
900 3462 1086 3529 λέγειν
1136 3463 1480 3533 παυσάμενοι
1530 3480 1774 3533 παρεκα-

163 3557 397 3625 λοῦμεν
428 3556 645 3621 αὐτοὺς,
669 3557 721 3608 τί
752 3556 828 3626 μὴ
853 3555 1103 3624 λέγοντες
1136 3557 1326 3610 ίκανδν
1354 3558 1772 3612 ἐπισπάσασθαι

165 3652 276 3703 καὶ
343 3648 553 3713 λιθίνας
610 3648 822 3718 ψυχάςς
882 3650 1201 3703 ἐπανελθεῖν
1254 3649 1393 3719 πρδς
1449 3649 1549 3721 τήν
1599 3650 1773 3721 κλλὴν

170 3740 525 3811 συμφωνίαν
596 3740 842 3807 ἐκείνην,
905 3740 975 3809 ήν
1038 3738 1261 3810 εἴχομεν
1336 3741 1605 3809 πρότερον
1679 3741 1774 3793 καὶ

162 3837 328 3902 πρὸς
387 3834 536 3903 ἡμᾶς
578 3832 778 3895 αὐτοὺς
828 3834 920 3886 καὶ
964 3834 1101 3901 πρδς
1132 3834 1260 3894 τοὺς
1309 3834 1558 3902 Πατέρας
1588 3834 1769 3904 ήμῶν,

160 3929 268 3979 ὅτι
327 3926 396 3980 τὸ
439 3925 573 3980 αὐτὸ
617 3924 820 3987 πάντες
854 3924 1139 3994 ἐλέγομεν,
1183 3929 1280 3977 καὶ
1308 3925 1406 3977 οὐκ
1452 3920 1519 3994 ἦν
1547 3928 1602 3977 ὲν
1637 3926 1771 3993 ἡμῖν

158 4022 425 4092 σχίσμα.

880 4114 1087 4170 ΑΠΟΔ.

247 4205 472 4270 Καλῶς
518 4207 740 4273 οἴδαμεν
773 4207 867 4257 καὶ
902 4207 1091 4274 ἡμεῖς,
1129 4204 1213 4257 ὅτι
1245 4205 1469 4256 ἐπαύσω
1505 4203 1606 4272 τῆς
1651 4203 1770 4256 δια-

154 4295 417 4358 λέξεως,
475 4293 551 4363 μὴ
600 4294 900 4362 δυνάμενος
957 4293 1260 4359 ἀντιλέγειν
1308 4292 1386 4362 τῷ
1443 4293 1540 4362 τῆς
1583 4292 1773 4360 Ἀγίας

152 4387 433 4457 Σαδίνης
486 4387 946 4453 καρδινάλειοὸτε
1008 4402 1103 4440 σου
1147 4386 1355 4446 πάντας
1405 4388 1532 4447 τοῦς
1576 4386 1774 4453 λόγους

145 4479 263 4543 οὓς
341 4479 561 4546 ἔλεγες,
612 4480 689 4542 ὡς
744 4479 806 4531 οὑ
864 4477 945 4530 δεῖ
1000 4479 1337 4543 προσθεῖναι,
1395 4478 1637 4547 δηλονότι
1697 4478 1775 4546 τῷ

2541 3358 2785 3414 EPHES.

1952 3448 2089 3502 Tum
2114 3464 2241 3504 vero
2264 3450 2467 3507 omissa
2490 3452 2862 3522 disputatione
2889 3456 2956 3511 ad
2981 3471 3170 3526 preces
3200 3461 3456 3516 conversi

1880 3557 2089 3608 sumus,
2110 3544 2235 3612 quid
2270 3560 2376 3599 non
2412 3546 2680 3611 dicentes,
2715 3549 2859 3617 quod
2892 3551 2975 3605 vel
3032 3551 3279 3622 lapideos
3339 3556 3460 3610 aui-

1879 3650 2000 3690 mos
2028 3647 2208 3704 posset
2244 3638 2462 3694 allicere
2497 3639 2520 3692 i
2551 3650 2608 3695 ut
2640 3644 2913 3699 rediretur
2944 3646 3010 3700 ad
3050 3649 3370 3714 praeclaram
3398 3651 3457 3704 il-

1880 3728 1986 3783 lam
2015 3728 2387 3797 concordiam,
2415 3746 2521 3801 qua
2551 3731 2677 3786 olim
2713 3744 2828 3787 tum
2872 3736 2971 3803 ipsi
3022 3740 3459 3809 cougruebamus

1880 3822 2020 3874 inter
2043 3836 2162 3887 nos,
2196 3829 2308 3875 tum
2337 3822 2478 3876 idem
2499 3824 2643 3893 quod
2670 3824 2861 3880 Patres
2900 3829 3291 3897 sentiebamus,
3333 3849 3455 3887 cuni

1876 3928 2069 3967 omnes
2099 3915 2239 3969 idem
2272 3915 2609 3981 dicebamus,
2639 3926 2692 3971 et
2737 3934 2843 3975 non
2875 3925 3243 3977 eratscliisma
3272 3928 3325 3979 in
3361 3945 3459 3979 uu-

1881 4005 1979 4055 his.

2590 4105 2787 4161 RESP.

1952 4190 2186 4248 Desiissc
2224 4204 2274 4250 te
2306 4196 2590 4266 disputare
2612 4208 2665 4252 et
2690 4214 2791 4254 nos
2817 4201 2986 4269 probe
3014 4202 3223 4257 scimus
3256 4221 3269 4266 ;
3298 4206 3460 4259 nimi-

1879 4296 2000 4335 rum
2036 4284 2163 4353 quia
2189 4286 2446 4341 resistere
2508 4290 2771 4343 cardinali
2812 4290 3030 4345 Sanctae
3087 4291 3301 4348 Sabina:
3352 4312 3458 4359 non

1880 4385 2099 4445 poteras
2131 4398 2143 4433 :
2174 4382 2394 4449 quando
2426 4396 2618 4439 omnes
2645 4400 2767 4454 quae
2792 4400 2821 4439 a
2861 4394 2913 4440 te
2968 4386 3333 4443 aﬂerehantur
3372 4407 3459 4443 ra-

1881 4471 2077 4535 tiones,
2117 4473 2259 4540 quod
2298 4474 2431 4526 nihil
2484 4475 2555 4527 sit
2620 4477 2927 4531 addendum
2984 4494 3143 4535 sacro
3206 4481 3459 4537 videlicet

139 4572 311 4643 Δἱερῷ
384 4571 667 4641 Συμόὁλῳ,
704 4561 813 4624 καῖ’
850 4571 919 4624 τὰ
970 4572 1153 4640 ὅμοια,
1205 4569 1448 4623 διέλυσεν
1491 4568 1568 4632 ὡς
1628 4571 1769 4622 ἱστὸν

1881 4561 2161 4634 Symbolo,
2201 4580 2265 4619 ac
2293 4565 2517 4632 similia,
2555 4567 2938 4638 dissolvitipse
2962 4572 3128 4625 veluti
3164 4574 3461 4630 telamara—

137 4666 463 4735 ἀράχνης,
505 4663 748 4732 ἐναργῶς
809 4664 1197 4733 παραστήσας.
1246 4662 1320 4725 ὠς
1369 4662 1450 4714 δεῖ
1495 4664 1594 4732 τήν
1644 4663 1776 4730 ἀλή-

141 4758 331 4807 οειειν
389 4753 622 4805 πάντοτε
672 4752 1082 4822 προστίθεσθαι.
1114 4753 1186 4805 Σὺ
1228 4753 1292 4823 δὴ
1341 4751 1416 4821 μὴ
1466 4752 1610 4821 ἔχων
1639 4753 1777 4806 ἁπο-

135 4845 498 4911 λογεῖσθαι,
530 4846 727 4914 ἑτέραν
758 4844 1001 4913 ἐτράπης
1029 4845 1146 4898 ὁδὸν
1176 4844 1355 4912 λέγων
1380 4860 1395 4875 ·
1430 4844 1775 4899 Ἐπανέλθω-

137 4958 269 5010 μεν
312 4936 473 5007 πρὸς
528 4938 593 4989 τὸ
636 4938 867 5005 ἀρχαῖον
925 4937 1104 4988 ἐκεῖνο
1138 4934 1369 5004 μάθημὰ
1398 4952 1455 4988 τε
1491 4936 1586 4988 καὶ
1633 4936 1777 5006 Σύμ-

136 5034 367 5095 ϐολον,
412 5029 439 5080 δ
487 5028 870 5098 παρελάϐομεν
898 5044 912 5059 ⁸
963 5028 1302 5097 αίδεσθῶμεν
1346 5030 1473 5091 τοῦς
1523 5028 1776 5099 Πατέρας

136 5125 390 5196 ἡμῶν·
452 5118 786 5189 φυλάξωμεν
857 5119 959 5189 τὴν
1038 5122 1539 5191 παρακαταθήκην.
1606 5121 1664 5175 '0
1721 5123 1776 5176 δὲ

146 5212 497 5274 Ἰουλιανὸς
555 5213 821 5280 γενναίως
879 5212 1085 5282 ἁντέφη
1151 5211 1289 5281 πρὸς
1328 5210 1503 5265 ταῦτα
1547 5212 1773 5281 λέγων.

128 5311 273 5365 Καὶ
313 5306 501 5376 ἡμεῖς
539 5304 665 5366 τοὶς
694 5304 941 5373 Πατέρας
969 5303 1125 5374 ήμῶν
1170 5305 1551 5376 εὐλαϐούμεθα
1583 5308 1660 5371 ὡς
1706 5310 1782 5361 εἱ-

128 5403 281 5462 κὸς,
337 5395 453 5448 καὶ
482 5395 611 5457 τοὺς
660 5396 821 5465 ὄρους
848 5397 1027 5455 αὐτῶν
1074 5400 1172 5450 καὶ
1204 5396 1387 5460 καλῶς
1417 5398 1653 5469 νοοῦμεν
1682 5400 1777 5453 καὶ

122 5488 445 5551 εὐλαϐῶς
480 5488 824 5557 φυλάττομεν
849 5504 863 5517 ο
916 5489 977 5541 οὑ
1026 5488 1133 5557 γὰρ
1166 5488 1298 5543 ἄλλο
1330 5489 1429 5559 μὲν
1476 5491 1775 5559 Σύμὸολον,

126 5590 363 5640 εῖτουν
433 5581 666 5650 μάθημα
722 5582 962 5643 πίστεως
1020 5584 1182 5650 ἡμεῖς
1236 5582 1616 5652 πρεσϐεύομεν
1682 5586 1779 5638 καὶ

118 5671 602 5749 ὁμολογοῦμεν,
634 5673 748 5726 ἀλλ’
806 5677 984 5726 έκεῖνο
1054 5675 1196 5743 ὅπερ
1255 5676 1287 5745 ὴ
1351 5675 1483 5743 ἁγία
1548 5677 1778 5746 δευτέρα

122 5770 458 5839 ἐξεϐόησε
494 5766 733 5831 σύνοδος.
785 5767 968 5837 Αὐτὴν
996 5767 1051 5820 δὲ
1084 5770 1148 5837 ἢν
1204 5769 1385 5835 λέγεις
1430 5769 1778 5838 προσθήκην,

123 5866 336 5939 ἡμεῖς
380 5861 692 5929 σαφήνειαν
727 5861 819 5915 καὶ
858 5859 1145 5932 ἐξήγησιν,
1171 5862 1232 5914 ού
1260 5863 1585 5932 προσθήκην
1622 5864 1777 5931 λέγο-

1886 4670 2019 4719 neue,
2047 4656 2351 4712 addendam
2396 4675 2519 4715 csse
2548 4660 2929 4718 demonstrans
2955 4667 3147 4734 quovis
3218 4679 3461 4738 tempore

1885 4748 2188 4803 veritatem.
2240 4750 2319 4804 Tn
2373 4767 2500 4805 vero
2531 4768 2654 4808 cum
2677 4764 2765 4808 tua
2800 4772 2902 4809 nan
2933 4772 3120 4825 posses
3150 4759 3458 4824 defendere,

1885 4842 2054 4897 altera
2075 4857 2393 4912 progressus
2421 4861 2479 4900 es
2505 4846 2611 4911 via,
2648 4847 2835 4902 dicens
2858 4866 2869 4901 :
2895 4848 3200 4905 Redeamus
3229 4852 3295 4905 ad
3318 4855 3463 4907 auti-

1885 4952 2051 5003 quum
2093 4936 2224 4990 illud
2253 4936 2376 4991 fidei
2409 4939 2777 4994 rudimentum
2815 4958 2877 4996 ac
2920 4942 3255 5013 Symbolum,
3314 4949 3460 5014 quod

1886 5030 2225 5095 accepimus;
2254 5042 2604 5083 revereainur
2657 5029 2844 5087 Patres
2884 5043 3103 5088 nostros
3136 5052 3148 5099 ;
3181 5051 3459 5089 servemus

1889 5118 2215 5189 depositum.
2254 5119 2333 5173 Ad
2360 5136 2482 5189 qum
2516 5118 2771 5177 Julianus
2803 5126 3022 5193 egregie
3049 5125 3329 5193 respondit
3357 5141 3370 5177 :
3394 5124 3459 5177 Et

1887 5226 2011 5276 nos,
2040 5212 2233 5281 inquit,
2268 5222 2324 5265 ut
2350 5229 2444 5282 par
2469 5223 2573 5280 est,
2604 5214 2795 5268 Patres
2818 5226 3033 5270 uestros
3048 5232 3374 5281 reveremur,
3410 5231 3463 5271 et

1889 5305 2137 5374 ipsorum
2165 5304 2387 5360 decreta
2426 5320 2571 5360 recta
2625 5307 2979 5376 intelligimus
3046 5317 3102 5362 et
3148 5320 3462 5363 reverenter

1891 5412 2214 5464 servamus;
2246 5414 2422 5467 neque
2454 5401 2598 5453 enim
2642 5414 2743 5453 nos
2780 5401 2922 5453 aliud
2976 5400 3315 5471 Symbolum,
3365 5421 3463 5457 seu

1892 5490 2016 5543 fidei
2047 5491 2416 5545 rudimentum
2454 5500 2702 5546 tenemus
2723 5500 2775 5545 et
2796 5492 3072 5545 credimus
3088 5502 3284 5560 prater
3310 5494 3461 5557 illud,

1892 5582 2036 5652 quod
2068 5592 2257 5638 sancta
2288 5584 2527 5653 synodus
2577 5585 2816 5639 secunda
2873 5588 3257 5655 promulgavit.
3311 5587 3467 5652 Quod

1894 5691 2023 5730 vero
2058 5685 2110 5729 tu
2145 5676 2577 5731 additamentum
2634 5694 2816 5743 vocas,
2880 5696 2980 5733 nos
3044 5682 3467 5734 declarationem

1896 5775 1949 5819 et
2012 5770 2475 5836 explanationem,
2551 5790 2657 5826 non
2714 5774 3144 5827 additamentum
3180 5774 3465 5838 dicimus;

1896 5861 2324 5919 additamentum
2362 5865 2562 5934 quippe
2618 5866 2907 5922 dicendum
2968 5877 3048 5923 est
3120 5871 3467 5938 pcregrinqu
