4164 6426
787 327 921 387 1039

1750 325 2065 387 JOSEI‘lIl
2102 327 2652 390 METIIONENSIS
2697 326 3042 389 EFISCOI‘I

3920 332 4033 393 1040

772 453 1011 511 ungunt;
1056 442 1252 495 veritas
1310 449 1492 496 autem
1553 454 1660 494 non
1713 441 2171 506 additamentum,
2240 442 2328 496 sed

2445 460 2546 512 μεν
2568 458 2583 474 ο
2612 444 2901 516 προσθήκη
2939 444 3051 513 γὰρ
3081 444 3140 497 τὸ
3174 444 3455 516 ἀλλότριον
3485 445 3680 515 λέγοιτ’
3711 447 3784 501 ἄν
3827 446 4027 518 δόγμα·

769 534 1078 601 explicatio,
1113 543 1162 585 ut
1203 548 1345 603 saepe
1374 533 1580 586 dictum
1612 541 1716 587 est.
1745 531 1900 596 Quod
1926 546 2057 587 vero
2098 533 2337 588 hortaris

766 635 819 677 ut
851 626 1118 687 dicamus,
1149 624 1602 694 quemadmodum
1640 623 1793 679 initio
1810 624 2145 692 dicebamus,
2168 640 2341 695 quan-

760 716 832 769 do
871 731 976 769 non
999 727 1114 772 erat
1145 717 1383 771 schisma
1421 717 1563 771 inter
1589 730 1712 781 nos,
1777 716 1831 770 id
1860 730 1993 772 sane
2020 730 2052 771 θ
2104 717 2338 787 vestigio

761 808 1017 864 falsitatis
1053 810 1299 879 arguitur
1336 827 1351 864 :
1386 811 1656 880 siquidem
1695 808 1938 866 schisma
1970 821 2189 866 centum
2213 822 2336 881 post

758 899 1045 966 septimam
1078 900 1343 969 synodum
1395 902 1553 955 annis
1617 913 1796 955 ortum
1873 910 1956 955 cst
2008 902 2334 958 auctoribus

759 988 1018 1043 lllicliacle
1053 992 1380 1059 imperatore
1430 1003 1485 1047 et
1511 990 1706 1047 Pliotio
1730 992 2061 1063 patriarcha,
2100 992 2334 1063 Symbo-

758 1083 864 1133 lum
903 1097 1029 1137 vero
1063 1092 1185 1152 post
1229 1085 1525 1139 secundam
1555 1086 1828 1154 synodum
1864 1083 2112 1141 Romana
2172 1101 2335 1141 cane-

756 1172 842 1225 bat
874 1172 1137 1239 Ecclesia,
1175 1176 1319 1230 sicut
1353 1176 1513 1231 hodie
1547 1178 1716 1245 canit,
1753 1187 1889 1234 teste
1947 1178 2186 1251 Georgio
2210 1178 2333 1234 Ari-

751 1265 920 1331 stiuo,
952 1274 1011 1320 ut
1041 1267 1304 1323 diximus.
1343 1269 1478 1323 Nam
1510 1280 1565 1324 et
1597 1270 1891 1337 Maximus,
1931 1271 2024 1341 qui
2053 1271 2154 1326 fuit
2207 1283 2333 1326 ante

748 1368 959 1411 sextam
994 1359 1285 1427 synodum,
1320 1369 1551 1414 testatur
1576 1361 1680 1415 hoc
1719 1360 1774 1414 itt
1808 1360 2038 1429 epistola
2094 1360 2160 1414 ad
2222 1360 2331 1413 Ma-

751 1451 931 1503 riuum
964 1452 1345 1522 presbyterum
1413 1452 1701 1523 Cyprium,
1757 1453 2055 1508 Romanam
2115 1454 2330 1509 scilicet

749 1543 1045 1599 Ecclesium
1088 1545 1159 1598 ita
1216 1546 1441 1611 sentire,
1474 1547 1553 1601 sic
1603 1547 1890 1602 scribens:
1929 1544 2327 1616 Synodicarum

750 1638 1091 1693 sanctissimi
1130 1654 1281 1709 papa:
1307 1638 1544 1704 Martini,
1591 1640 1683 1709 qui
1718 1655 1863 1695 nunc
1885 1638 2155 1707 praesidet,
2184 1637 2327 1693 litte-

751 1747 956 1798 rarum,
989 1746 1096 1784 non
1126 1739 1259 1800 quot
1296 1730 1396 1800 ipsi
1422 1732 1741 1801 scripsistis,
1775 1731 1975 1803 capita,
2003 1731 2325 1787 Constanti-

2445 538 2477 606 ἡ
2508 537 2552 590 δ’
2583 538 2811 608 ἀλήθεια
2852 540 2912 593 οὑ
2946 539 3260 610 προσθήκη,
3285 540 3401 593 ἀλλ’
3430 540 3757 608 ἀνάπτυξις,
3791 543 3873 607 ὡς
3918 544 4030 595 πολ-

2442 631 2597 693 λάκις
2653 632 2897 701 εἴρηται.
2963 633 3087 686 Ὅτι
3147 635 3204 687 δὲ
3264 637 3579 706 παραινεῖς,
3632 636 3721 689 ἵνα
3784 636 4027 703 λέγωμεν

2440 722 2631 794 ὥσπερ
2684 724 2945 795 ἐλέγομεν
3000 730 3123 781 κατ’
3166 729 3369 798 ἀρχὰς,
3398 729 3488 782 ὅτε
3539 729 3639 782 οὐκ
3670 725 3741 800 ἦν
3800 730 3865 780 ἒν
3912 729 4027 797 ἡμῖν

2441 815 2668 886 σχίσμα,
2717 817 2912 871 τούτου
2974 818 3118 873 κατά
3177 821 3347 885 πόδας
3402 823 3432 875 ό
3486 822 3759 892 ἔλεγχος·
3815 824 3881 873 τὸ
3939 821 4025 888 μὲν

2440 906 2644 976 σχίσμα
2677 909 2815 977 μετά
2866 911 2962 979 τὴν
2993 911 3233 982 ἑϐδόμην
3283 914 3504 967 σύνοδον
3555 913 3755 967 ἑκατδν
3785 914 3886 983 ἐτη
3918 914 4025 980 ὲῖέ-

2438 1016 2559 1052 νετο
2604 1003 2757 1073 αἰτίᾳ
2803 1004 3029 1075 Μιχαὴλ
3076 1007 3345 1077 βασιλέως
3398 1009 3493 1061 καὶ
3519 1009 3726 1062 Φωτίου
3761 1009 4024 1078 πατριάρ-

2436 1093 2643 1160 χου,τὸ
2685 1093 2740 1146 δὲ
2791 1096 3070 1165 Σύμϐολον
3115 1100 3224 1151 ἀπὸ
3275 1100 3376 1170 τῆς
3425 1100 3687 1172 δευτέρας
3740 1101 4020 1170 συνόδουή

2445 1183 2731 1256 Ῥωμαῖκὴ
2780 1186 2957 1253 οὑτως
3005 1190 3237 1258 ἔψαλλεν
3281 1194 3603 1262 Ἐκκλησία,
3636 1195 3712 1259 ὡς
3771 1196 3895 1267 ᾄδει
3938 1200 4019 1249 καὶ

2434 1278 2698 1347 σήμερον,
2732 1281 2920 1345 καθὼς
2960 1289 3235 1355 μαρτυρεῖ
3279 1287 3555 1358 Γεὼργιος
3608 1290 3639 1342 ό
3693 1291 4019 1361 ’Δριστινὺ;,

2431 1369 2505 1433 ὡς
2530 1370 2747 1440 ἔφημεν
2770 1388 2784 1403 ’
2818 1376 2915 1428 καὶ
2944 1376 3203 1447 Μάξιμος
3231 1380 3287 1431 δὲ
3322 1383 3352 1434 ό
3376 1385 3485 1449 πρὸ
3507 1382 3606 1453 τῆς
3638 1383 3818 1449 ἕκτης
3858 1385 4020 1453 ὑπάρ-

2432 1478 2544 1531 χων
2576 1465 2797 1518 συνόδου
2826 1471 3098 1537 μαρτυρεῖ
3124 1470 3288 1524 τοῦτο
3316 1475 3375 1525 ὲν
3402 1477 3466 1544 τῇ
3494 1474 3757 1546 ἐπιστολῇ
3795 1479 3864 1547 τῇ
3890 1475 4015 1547 πρὸς

2431 1554 2680 1625 Μαρίνον
2728 1559 3105 1631 πρεσϐύτερον
3170 1564 3436 1635 Κύπρου,
3484 1568 3561 1631 ὡς
3628 1570 3661 1639 ἡ
3725 1571 4013 1639 Ῥωμαϊκῇ

2444 1646 2744 1718 Ἐκκλησία
2774 1651 2982 1722 ταύτην
3015 1655 3130 1724 ἔχει
3160 1657 3261 1725 τὴν
3285 1658 3465 1726 δόξαν,
3502 1660 3684 1730 λέγων
3714 1663 3826 1717 ὡδί
3846 1683 3861 1696 ·
3901 1664 4011 1716 τῶν

2428 1737 2524 1793 τοῦ
2582 1739 2678 1793 νῦν
2756 1742 3064 1810 ἀγιωτάτου
3120 1750 3322 1804 πάππα
3376 1754 3660 1823 Μαρτίνου
3712 1759 4008 1820 συνοίικῶν

747 1820 1047 1891 nopolitani
1072 1831 1350 1887 notarunt,
1388 1821 1482 1875 sed
1511 1821 1619 1876 duo
1640 1831 1868 1889 tantum,
1891 1838 2125 1893 quorum
2159 1836 2325 1875 unum

2431 1829 2530 1883 ούκ
2588 1832 2647 1883 ὲν
2691 1834 2968 1899 τοσούτοις
3028 1839 3176 1902 ὅσοις
3227 1843 3547 1914 γεγράφατε
3594 1849 3925 1918 κεφαλαίοις
3969 1852 4012 1903 εί

744 1917 813 1969 ad
842 1914 1025 1970 divina
1058 1925 1288 1982 spectat,
1321 1915 1463 1978 quod
1520 1914 1742 1981 dixerit,
1816 1917 2090 1988 inquiunt,
2159 1914 2330 1986 Spiri-

746 2017 861 2063 tum
888 2016 1142 2063 sanctum
1178 2024 1206 2062 a
1257 2006 1396 2061 Filio
1454 2022 1673 2079 quoque
1714 2009 2035 2077 procedere,
2098 2020 2152 2064 et
2210 2025 2331 2079 quae

742 2110 1068 2170 sequuntur,
1098 2116 1168 2156 ne
1195 2100 1414 2171 singula
1451 2100 1748 2172 proferam.
1820 2100 2002 2168 Quare
2051 2118 2159 2157 non
2229 2101 2331 2157 fuit

742 2195 896 2268 origo
918 2194 1250 2260 schismatis,
1282 2193 1428 2264 quod
1455 2204 1509 2248 ιιι
1532 2209 1695 2250 vocas
1725 2194 2185 2263 additamentum,
2234 2194 2331 2251 sed

743 2292 990 2348 Romana
1023 2292 1263 2347 Ecclesia
1334 2289 1651 2362 Symbolum
1708 2290 1995 2357 recitabat,
2055 2299 2113 2345 ut
2169 2289 2331 2345 hodie

746 2386 945 2439 recitat
1009 2400 1025 2449 ;
1085 2391 1141 2439 et
1212 2399 1335 2451 nos,
1404 2382 1618 2438 scilicet
1682 2381 1876 2449 Graeci,
1926 2381 2324 2447 ‘recitabamus,

742 2489 801 2533 ut
856 2492 999 2533 nunc
1060 2476 1314 2543 facimus,
1376 2486 1432 2532 et
1482 2475 1724 2529 seltisma
1752 2490 1858 2528 non
1922 2483 2042 2531 erat
2108 2473 2162 2527 in
2232 2488 2329 2528 no-

742 2571 848 2627 bis.
882 2571 1119 2627 Possunt
1162 2583 1294 2639 ergo
1348 2569 1512 2624 etiam
1555 2566 1732 2622 Latini
1777 2566 1968 2623 iisdem
2023 2566 2090 2620 ad
2149 2578 2199 2621 te
2251 2564 2328 2620 uti

745 2663 1008 2719 vocibus:
1050 2661 1359 2717 Redeamus
1380 2660 1447 2714 ad
1477 2658 1568 2712 illa
1603 2666 1866 2726 tempora,
1900 2657 2103 2726 quibus
2147 2655 2326 2723 juncti

740 2773 1004 2819 eramus.
1072 2763 1128 2811 et
1181 2771 1278 2810 nos
1365 2752 1684 2823 Symbolum
1744 2765 1810 2805 eo
1863 2751 2023 2804 modo
2088 2748 2330 2819 profere-

742 2853 960 2917 bamus,
1003 2862 1113 2918 quo
1172 2860 1316 2900 nunc
1346 2843 1699 2914 proferimus,
1752 2851 1808 2896 et
1861 2856 1956 2897 vos
1986 2839 2238 2893 similiter
2266 2854 2329 2893 eo

748 2945 913 2999 modo
980 2940 1268 3006 dicebatis,
1304 2952 1415 3007 quo
1472 2951 1619 2990 nunc
1688 2934 1894 3000 dicitis,
1931 2943 1986 2987 et
2040 2932 2329 2986 unanimes

743 3053 969 3094 eramus
1004 3054 1021 3102 ;
1055 3046 1112 3091 et
1164 3048 1343 3104 neque
1377 3048 1473 3087 vos
1499 3034 1565 3088 de
1598 3032 1760 3087 nobis
1809 3029 2321 3100 conquerebamini,

743 3147 922 3201 neque
951 3145 1051 3184 nos
1084 3128 1288 3199 pariter
1310 3127 1377 3181 de
1408 3125 1586 3181 vobis.
1618 3124 1784 3179 Miror
1830 3133 2011 3178 autem
2047 3121 2327 3194 quomodo

744 3223 942 3296 synodi
1002 3218 1359 3277 mcumenicae
1414 3234 1521 3273 non
1581 3215 2056 3286 reprehenderint,
2121 3215 2167 3270 si
2224 3188 2398 3270 nosc

743 3316 1123 3386 blaspliemare
1164 3312 1433 3377 sciebant,
1461 3319 1521 3365 ut
1550 3325 1648 3367 vos
1685 3324 1829 3364 nunc
1862 3310 2045 3365 dicitis
2076 3318 2130 3363 et
2158 3323 2252 3362 acc
2266 3323 2327 3361 u-

744 3408 880 3463 astis
909 3424 923 3460 :
959 3405 1135 3470 tertia,
1172 3403 1412 3471 inquam,
1438 3407 1654 3472 quarta,
1681 3399 1901 3470 quinta,
1941 3406 2189 3464 sexta,et
2236 3412 2327 3452 se-

750 3500 919 3567 ptima
952 3515 968 3563 ;
1007 3511 1184 3567 neque
1244 3494 1390 3548 enim
1438 3491 1720 3547 criminari
1748 3491 1995 3562 ccepistis
2048 3490 2153 3543 nisi
2205 3498 2328 3559 post

742 3593 1019 3647 Piiotium.
1056 3587 1243 3657 Itaque
1266 3587 1682 3651 couvcniamus,
1746 3583 2113 3652 dieamusque
2173 3581 2324 3651 quod

745 3697 872 3740 autc
895 3684 1134 3740 schisma
1167 3678 1508 3743 dicebamus,
1574 3676 1774 3748 ﬁetque
1806 3685 1864 3731 ιιι
1912 3677 2051 3732 idem
2108 3675 2326 3745 utrique

742 3781 1029 3841 dicamus;
1065 3785 1119 3830 et
1138 3774 1356 3829 tolletur
1387 3771 1649 3838 schisma,
1686 3785 1790 3838 pax
1815 3778 1997 3825 autem
2022 3768 2324 3837 subseque-

739 3885 828 3926 tur
855 3882 908 3925 et
951 3868 1243 3925 concordia
1282 3874 1497 3935 ;atque
1559 3865 1632 3919 ita
1681 3863 1889 3919 erimus
1951 3860 2061 3916 Deo
2108 3859 2323 3915 favente

738 3964 1035 4033 conjuncti.

1410 4228 1654 4285 EI‘IIES.

815 4326 939 4382 Ilico
976 4326 1221 4381 dicentes
1250 4322 1573 4377 videbamur
1604 4319 1789 4376 surdis
1826 4318 2052 4373 auribus
2095 4329 2316 4381 canere,

739 4419 1087 4491 autlapidem
1119 4432 1379 4487 coquere,
1413 4425 1507 4470 aut
1565 4415 1778 4470 semina
1827 4414 1978 4469 saxis
2037 4411 2317 4477 mandare,

2431 1923 2530 1992 τῆς
2590 1922 2867 1994 βασιλίδος
2914 1928 3026 1982 τῶν
3086 1931 3299 1989 πόλεων
3361 1937 3727 2007 ἐπελάὅοντο,
3790 1943 3916 1997 δυσὶ
3966 1943 4013 1994 δὲ

2435 2018 2648 2087 μόνοις·
2709 2014 2783 2076 ὧν
2834 2024 2896 2076 τὸ
2948 2027 3049 2095 μὲν
3105 2029 3343 2100 ὑπάρχει
3395 2035 3527 2104 περὶ
3575 2035 3907 2105 θεολογίας,
3938 2040 4010 2091 ὅτι

2429 2127 2512 2175 τε,
2549 2118 2735 2183 φησὶν,
2771 2112 2928 2171 εἶπεν
2957 2120 3363 2192 ἐκπορεύεσθαι
3412 2128 3513 2182 καὶ
3557 2130 3620 2182 ἐκ
3644 2130 3740 2185 τοῦ
3785 2132 3920 2186 Υίοῦ
3955 2136 4007 2184 τὸ

2434 2203 2655 2273 Πνεῦμα
2682 2208 2745 2260 τὸ
2780 2208 2957 2277 ἄτιον,
2988 2212 3086 2266 καὶ
3137 2216 3204 2269 τὰ
3236 2216 3422 2285 λοιπὰ,
3458 2222 3546 2276 ἶνα
3580 2224 3657 2291 μὴ
3694 2225 4006 2277 καθέκαπα

2430 2295 2592 2390 λέγω.
2633 2298 2796 2362 Ὥστε
2850 2303 2919 2374 ἢν
2968 2304 3145 2374 λέγεις
3186 2311 3533 2384 προσθήκην,
3580 2317 3683 2369 οὑκ
3740 2313 3819 2390 ἦν
3876 2320 4008 2372 αῖτία

2429 2389 2523 2444 τοῦ
2578 2392 2900 2463 σχίσματος,
2932 2398 3051 2451 ἀλλ’
3105 2399 3460 2475 ήῬωμαῖκὴ
3505 2389 3811 2478 Ἐκκλησία
3866 2409 4005 2477 ἔλεγε

2427 2484 2489 2536 τὸ
2529 2486 2825 2555 Σύμϐολον,
2856 2490 3048 2563 ὥσπερ
3094 2495 3244 2565 λέγει
3297 2500 3391 2551 καὶ
3426 2500 3692 2569 σήμερον,
3725 2504 3826 2555 καὶ
3862 2506 4007 2573 ἡμεῖς

2430 2577 2705 2647 ἐλέγομεν,
2738 2582 2787 2633 οἱ
2818 2583 3045 2651 Γραικοὶ
3080 2587 3353 2658 δηλονότι,
3388 2590 3582 2661 ὥσπερ
3617 2595 3718 2647 καὶ
3752 2597 4006 2665 σήμερον.

2430 2669 2525 2722 καὶ
2579 2672 2784 2742 σχίσμα
2829 2676 2929 2728 οὑκ
2978 2672 3048 2749 ἦν
3087 2680 3150 2732 ἐν
3196 2682 3349 2750 ἡμῖν.
3392 2683 3607 2739 Οὐκοῦν
3648 2686 3916 2741 δύνανται
3958 2687 4009 2741 τὸ

2429 2761 2564 2816 αὑτδ
2587 2764 2682 2817 καὶ
2706 2766 2755 2818 oi
2781 2767 2998 2822 Λατῖνοι
3032 2772 3168 2842 πρός
3222 2791 3282 2827 σε
3323 2776 3503 2830 είπεῖν
3533 2793 3549 2807 ο
3591 2777 4007 2850 Ἐπανέλθωμεν

2428 2854 2511 2915 εἰς
2562 2855 2769 2910 ἐκεῖνον
2820 2858 2916 2914 τὸν
2980 2863 3195 2932 καιρὸν,
3232 2865 3356 2920 καθ’
3403 2868 3466 2921 ὃν
3516 2870 3803 2942 ἡνωμέναι
3856 2870 4006 2944 ἦμεν,

2430 2946 2524 2998 καὶ
2555 2947 2717 3017 ἡμεῖς
2759 2950 3024 3022 ιλέγομεν
3052 2960 3115 3008 τὸ
3151 2957 3431 3028 Σύμϐολον
3478 2961 3677 3035 ὥσπερ
3720 2968 3819 3019 καὶ
3853 2970 4008 3035 σήμε-

2433 3055 2548 3108 ρον,
2581 3042 2677 3130 καὶ
2721 3043 2879 3113 ὑμεῖς
2927 3048 3131 3115 ὁμοίως
3158 3050 3348 3123 ὥσπερ
3399 3056 3493 3108 καὶ
3530 3061 3785 3127 σήμερον
3813 3062 4008 3130 λέγετε,

2432 3133 2528 3185 καὶ
2575 3128 2718 3204 ἦμεν
2771 3138 2827 3189 ὲν
2873 3141 3121 3213 ὁμονοίᾳ,
3157 3146 3254 3198 καὶ
3304 3146 3429 3201 οὒτε
3490 3150 3653 3220 ὑμεῖς
3708 3128 4007 3209 ἑνεκαλεῖτε

2430 3226 2587 3296 ἡμῖν,
2616 3227 2739 3281 οὔτε
2766 3231 2930 3300 ἡμεῖς
2982 3234 3136 3304 ὑμῖν.
3167 3238 3446 3310 Θαυμάζω
3474 3243 3552 3310 δὲ,
3593 3246 3718 3310 πῶς
3764 3251 3820 3301 ai
3848 3250 4010 3303 οῖκοιι-

2435 3322 2658 3389 μενικαὶ
2700 3325 2909 3378 σύνοδοι
2969 3327 3070 3381 οὑκ
3126 3330 3474 3400 ἐνεκάλεσαν,
3503 3339 3553 3390 εί
3609 3338 3821 3409 ᾔδεσαν
3874 3344 4009 3413 ἡμᾶς

2432 3410 2912 3503 βλασφημοῢιτας.
2940 3417 3134 3492 ὥσπερ
3180 3424 3339 3493 ὑμεῖς
3370 3426 3557 3495 λέγετε
3588 3429 3692 3485 νῦν
3724 3436 3823 3487 καὶ

2428 3502 2571 3599 λείτε
2604 3508 2739 3576 ἡμῖν
2762 3525 2775 3538 ·
2805 3510 2949 3577 λέγω
2974 3513 3029 3565 δὲ
3062 3516 3095 3585 ὴ
3131 3520 3363 3591 τρίτη,ή
3397 3524 3663 3594 τετάρτη,
3692 3528 3728 3595 ἡ
3761 3529 4004 3599 πέμπτη,

2429 3597 2463 3669 ἡ
2491 3598 2646 3669 ἕκτη,
2676 3604 2772 3655 καὶ
2804 3605 2835 3673 ἡ
2870 3605 3073 3676 ἑϐδόμη
3096 3625 3110 3640 ο
3143 3610 3256 3664 οὐδ’
3295 3613 3455 3683 ὑμεῖς
3500 3597 3851 3682 ὲνεκαλεῖτε,
3881 3597 4008 3676 ἀλὶά

2430 3687 2572 3781 μετά
2633 3689 2725 3742 τὸν
2778 3692 2984 3748 Φώτιον
3039 3699 3135 3752 καὶ
3195 3700 3298 3756 ἔτι.
3357 3705 3723 3778 Συνέλθωμεν
3771 3714 3893 3781 οὑν,
3924 3718 4007 3770 καὶ

2427 3778 2672 3873 είπωμεν
2716 3784 2856 3855 ὅπερ
2917 3788 3179 3859 ἐλέγομεν
3230 3795 3337 3864 πρὸ
3387 3795 3483 3851 τοῦ
3526 3778 3888 3873 σχίσματοςξ
3923 3810 4008 3861 καὶ

2426 3871 2842 3965 εὑρεθησόμεθα
2894 3878 2962 3931 τὰ
3027 3881 3169 3935 αὑτά
3218 3883 3467 3954 λέγοντες
3522 3871 3864 3965 ἀμφότεροι,
3921 3903 4006 3953 καὶ

2426 3962 2701 4064 παύσεται
2733 3966 2815 4064 ¹τὸ
2878 3970 3584 4064 σχίσμαηὲπακολουθήσει
3636 3985 3697 4038 δὲ
3821 3994 4008 4064 εἰρήνη

2428 4069 2495 4196 1::
2519 4056 2616 4107 καὶ
2644 4056 2871 4125 ὁμόνοια
2894 4075 2909 4091 ο
2941 4062 3035 4115 καὶ
3081 4062 3259 4129 οὕτως
3302 4069 3539 4139 ἐσόμεθα
3586 4075 3688 4130 σὺν
3716 4056 3847 4151 Θεῷ

2431 4162 2469 4196 υ.
2502 4163 2601 4196 νοι.

2430 4162 2601 4213 μενοι.

3117 4248 3305 4307 ΕΦΕΣ.

2497 4329 2683 4432 Ἱέαὗτ-σ.
2717 4332 2975 4432 λέγοντες
3006 4342 3174 4413 κενήν
3203 4345 3475 4417 ἐῴκειμεν
3506 4352 3760 4423 ψάλλειν,
3798 4362 3836 4432 ἢ
3871 4365 4007 4419 λίθον

2424 4423 2845 4525 ἑψεῖνζῆμκατά
2857 4433 3086 4525 πετρῶν
3115 4437 3385 4506 σπείρειν,
3424 4439 3457 4510 ἢ
3499 4444 3625 4497 καθ’
3652 4423 3853 4519 ὑγρῶὺ
3882 4462 4009 4525 γρά-

738 4525 835 4569 aut
868 4514 921 4567 iu
946 4525 1087 4582 aqua
1112 4510 1375 4576 scribere,
1436 4516 1531 4562 aut
1586 4506 1850 4577 quidquid
1903 4504 2051 4559 aliud
2105 4504 2318 4572 adagiis

2430 4533 2570 4615 φειν,
2600 4518 2634 4587 ἢ
2666 4520 2768 4573 ὅσα
2815 4522 2953 4576 ἄλλα
2994 4526 3091 4579 ἐπὶ
3129 4504 3256 4592 τοῖς
3282 4504 3567 4597 ἀδυνάτοις
3604 4538 3660 4590 αῖ
3700 4504 4008 4615 sago-Ls:

738 4603 1114 4675 significamus
1139 4601 1208 4654 ad
1236 4599 1592 4671 exprimenda
1613 4597 1994 4668 impossibilia.

1430 4687 1627 4745 BESP.

815 4785 1230 4841 Possuntetiam
1256 4781 1438 4836 Latini
1481 4780 1812 4851 respondere
1842 4781 1942 4836 tibi
1974 4796 2069 4851 per
2089 4782 2320 4853 adagia:

738 4879 995 4947 Aitbiops
1046 4891 1153 4930 non
1194 4874 1483 4929 dealbatur
1529 4892 1543 4939 ;
1577 4873 1745 4929 littori
1788 4873 2063 4945 loquimur
2096 4892 2111 4930 :
2148 4892 2324 4945 neque

738 4970 885 5024 enim
919 4976 976 5021 tu
1009 4966 1332 5029 auscultas;
1359 4964 1538 5019 fabula
1591 4968 1710 5019 sine
1748 4967 1928 5035 capite
1958 4984 1973 5021 :
2004 4967 2320 5038 imperleeta

739 5059 889 5115 enim
944 5057 1081 5113 dicis
1113 5065 1208 5123 ;et
1257 5056 1361 5110 alia
1414 5069 1757 5124 quascunque
1826 5055 1881 5110 in
1960 5068 2321 5115 contumaces

741 5157 1080 5219 usurpantur
1105 5159 1159 5203 et
1186 5156 1524 5217 arrogantes.
1556 5147 1987 5218 inobsequentes
2001 5153 2148 5204 enim
2178 5170 2319 5207 nuu-

739 5258 903 5310 quam
938 5241 1332 5310 obsequentur.
1361 5238 1435 5294 Ita
1466 5241 1623 5309 plane
1650 5247 1704 5294 et
1729 5249 1786 5293 tu
1816 5257 1831 5294 :
1888 5240 2064 5296 visqu
2095 5243 2189 5296 tibi
2238 5256 2320 5302 est

741 5347 965 5387 iuanere
1018 5332 1073 5387 iu
1115 5331 1411 5386 schismate
1459 5340 1512 5384 et
1576 5331 1941 5398 seiunctione,
2000 5334 2320 5390 seductione

736 5438 792 5481 et
819 5426 1120 5496 pravitate;
1152 5436 1205 5480 et
1229 5425 1499 5487 mansisti,
1528 5425 1983 5495 permanebisque
2000 5428 2163 5481 etiam
2196 5439 2319 5498 post

737 5529 969 5573 mortem
1000 5518 1052 5572 itt
1086 5518 1224 5587 ipso.
1255 5519 1325 5570 At
1361 5533 1489 5572 vero
1524 5517 1615 5587 qui
1662 5532 1816 5572 suam
1858 5528 2121 5589 expetunt
2168 5524 2317 5578 salu-

730 5621 867 5675 tem,
914 5626 1021 5664 nou
1051 5611 1151 5677 ita,
1222 5625 1399 5679 neque
1453 5625 1617 5666 aures
1660 5622 1753 5665 aut
1787 5615 1980 5668 oculos
2027 5616 2312 5685 claudunt,

732 5703 828 5757 sed
868 5702 1097 5758 audiunt
1137 5714 1193 5757 et
1232 5704 1435 5770 vident,
1475 5712 1529 5757 et
1577 5704 1879 5775 intelligere
1912 5710 2104 5763 volunt
2166 5715 2315 5781 quod

727 5796 926 5849 melius
955 5804 1007 5849 et
1035 5794 1220 5850 utilius
1262 5805 1346 5851 est
1378 5795 1444 5850 ad
1475 5808 1631 5851 suam
1666 5794 1912 5865 ipsetum
1941 5799 2195 5855 salutem.
2231 5801 2310 5857 Tu

2428 4609 2611 4678 φασίν.

3114 4712 3320 4768 ΔΠΟΛ.

2502 4797 2613 4850 Καὶ
2640 4800 2862 4854 Λατῖνοι
2903 4802 3162 4858 δύνανται
3192 4807 3256 4859 ὲκ
3282 4806 3393 4859 τῶν
3421 4816 3745 4881 παροιμιῶν
3784 4822 3924 4888 ape;
3953 4824 4002 4874 σὲ

2424 4887 2677 4958 ἀντερεῖν
2701 4908 2716 4922 ·
2753 4893 2948 4963 Αἰθίοψ
2988 4896 3050 4949 οὑ
3105 4894 3448 4955 λευκαίνεται
3476 4917 3491 4932 ·
3536 4907 3783 4980 αἰγιαλῷ
3830 4887 4008 4967 λαλοῦ-

2427 4996 2586 5075 μενᾼέ
2621 4983 2852 5075 ἀνήκοος
2926 4988 3038 5059 γὰρ
3111 4992 3417 5061 ὑπάρχειςο
3461 4996 3747 5066 ἀκέφαλος
3800 5006 4005 5075 μῦθος·

2425 5070 2602 5169 ἀτελῇ
2635 5074 2743 5169 γάρ
2795 5076 2975 5146 λέγεις
3001 5094 3016 5110 ⁸
3050 5083 3145 5134 καὶ
3175 5083 3278 5137 ὅσα
3315 5085 3452 5140 ἄλλα
3481 5092 3573 5143 ἐπὶ
3608 5092 3722 5146 τῶν
3762 5070 4003 5169 ἀνηκόων

2426 5164 2829 5257 καῖάλαζόνων
2877 5172 2932 5223 αῖ
2960 5176 3259 5242 παροιμίαι
3286 5177 3541 5247 λέγουσιν
3567 5199 3581 5212 ·
3615 5164 3879 5252 ἀπειθεῖς
3908 5192 4002 5257 γὰρ

2424 5254 2684 5353 οὐδέποτε
2701 5261 3019 5353 πείσονται.
3054 5265 3213 5321 Οὕτω
3245 5272 3340 5324 καὶ
3368 5272 3433 5325 σύ
3459 5289 3475 5305 ο
3527 5275 3674 5342 ἔδοξέ
3706 5297 3793 5333 σοι
3832 5254 4002 5353 μένειν

2424 5347 2482 5400 ὲν
2510 5349 2589 5446 et];
2623 5351 2885 5421 σχίσματι
2915 5358 3012 5411 καὶ
3055 5361 3135 5430 τῷ
3178 5366 3471 5437 χωρισμῷ,
3510 5371 3577 5438 τῇ
3610 5370 3797 5446 πλάνῃ
3830 5347 3892 5429 τε
3920 5378 4002 5429 καὶ

2423 5441 2614 5536 κακίᾳ,
2672 5447 2767 5498 καὶ
2828 5446 3001 5513 οὕτως
3052 5450 3297 5522 ἔμεινας,
3349 5459 3409 5511 ὲν
3552 5464 3651 5516 καὶ
3719 5441 3865 5536 μετὰ
3925 5472 4003 5522 τὶν

2424 5530 2655 5628 θάνατον
2680 5537 2959 5609 διαμενεῖς
2989 5546 3082 5597 καί
3113 5546 3213 5620 ἔσῃ
3243 5550 3351 5604 ἀεί.
3402 5553 3541 5606 Ἀλλ’
3576 5558 3628 5610 οἱ
3657 5530 3762 5628 τῖίς
3804 5562 4002 5615 ἑαυτῶν

2422 5622 2747 5696 ὀρεγόμενοι
2796 5635 3082 5703 σωτηρίας
3118 5640 3217 5707 οὐχ
3246 5639 3441 5709 οὕτως,
3472 5646 3597 5701 οὑδὲ
3637 5622 3886 5707 κλείουσι
3918 5657 4001 5715 τὰς

2421 5718 2627 5785 ἀκοὰς.
2693 5722 2813 5777 οὐδὲ
2880 5728 3008 5790 τοὺς
3068 5732 3381 5803 ὀφθαλμοὺς
3453 5743 3848 5811 καμμὺουσιν,
3901 5746 4003 5799 ἀλλ’

2423 5811 2683 5869 ἀκούουσι
2743 5817 2838 5871 καὶ
2886 5818 3147 5890 βλέπουσι
3209 5828 3301 5880 καὶ
3366 5833 3616 5888 συνιέναι
3682 5837 3902 5893 θελουσι
3952 5842 3999 5893 τὲ
