4164 6426
196 388 309 449 1041

1193 400 1634 462 REFUTATIO
1682 406 1914 467 MARCI
1961 411 2349 475 EPHESlN’l.

3289 422 3427 484 10-4?

190 503 424 571 κρεῖττόν
478 519 535 555 τε
582 508 676 557 καὶ
728 509 1004 577 συμφέρον
1062 512 1159 581 τῆς
1206 516 1481 585 σωτηρίας
1538 518 1743 575 αὐτῶν.

1858 538 1979 577 vero
2012 526 2229 579 noluisti
2263 570 2275 585 ,
2320 530 2413 580 sed
2450 528 2679 596 superba
2710 530 2776 583 de
2803 538 2852 583 te
2884 531 2999 597 ipso
3027 534 3282 599 Opinione
3332 537 3425 590 de-

188 596 250 648 Σῑ)
293 595 347 647 δὲ
390 596 488 647 οὐκ
534 597 830 669 ⁴ιιθέλησας,
883 602 1017 656 ἀλλὰ
1065 607 1129 672 τῇ
1188 606 1365 676 οίήσει
1416 610 1744 678 ἀπατηθεὶς.

186 688 577 759 φρονιμώτερος
640 692 736 744 καὶ
796 693 1107 765 σοφώτερος
1171 698 1281 767 ᾤου
1342 701 1441 769 τῆς
1515 702 1741 755 συνόδου

183 775 314 831 εἷναί
357 798 416 834 σε
463 781 667 852 πάσης,
719 785 857 854 ὅπερ
905 788 1003 855 τῆς
1054 789 1231 859 ἄκρας
1284 794 1496 862 μωρίας
1548 795 1748 864 δεῖγμα

181 868 265 938 ἦν,
289 872 381 924 ἕνα
416 872 707 942 ἄνθρωπον
741 875 1020 944 βέλτιστον
1047 876 1186 935 εἶναι
1220 883 1402 952 πάσης
1436 885 1537 952 τῆς
1567 887 1751 938 οἰκου-

181 960 343 1029 μένης
367 977 380 991 ⁶
421 962 517 1015 ἕνα
562 964 695 1033 πρὸς
726 964 823 1019 ἕνα
853 967 967 1037 ἔχει
997 970 1091 1021 καὶ
1128 971 1304 1037 λόγον,
1351 973 1533 1041 πάσης
1565 973 1620 1025 δὲ
1647 974 1747 1041 τῆς

192 1054 515 1124 Ἐκκλησίας
546 1057 743 1121 κοινῶς
777 1059 1140 1129 συνελθούσης
1166 1062 1264 1117 ἕνα
1293 1063 1571 1132 βέλτιστον
1606 1061 1746 1117 εἶναι

176 1144 430 1200 ἀδύνατον
483 1150 766 1213 παντελῶς
788 1166 801 1178 ⁸
837 1154 885 1205 εἰ
912 1153 968 1206 δὲ
1026 1156 1099 1224 μή
1138 1172 1224 1223 γε,
1254 1156 1350 1208 καὶ
1381 1157 1622 1226 Ἀρειος,
1655 1155 1748 1210 καὶ

179 1240 461 1309 Εὐνόμιος,
492 1244 587 1295 καὶ
634 1244 682 1295 oi
724 1243 905 1313 ἕτεροι
938 1246 1050 1297 τῶν
1074 1247 1477 1316 οίκουμενικῶν
1508 1250 1747 1302 συνόδων

172 1331 358 1403 ἐχθροὶ
385 1332 551 1387 ταυτὸ
580 1335 742 1389 τοῦτο
779 1337 1047 1406 φήσουσιν
1068 1354 1081 1369 ο
1109 1339 1224 1391 ἀλλ’
1257 1341 1360 1393 ούκ
1389 1341 1556 1396 ἔστιν.
1582 1343 1748 1395 Ὅθεν

174 1426 276 1477 ἔδει
314 1427 407 1480 καὶ
442 1428 503 1480 σὲ
557 1428 654 1498 τὴν
692 1413 959 1499 ἀλήθειαν
1008 1433 1231 1500 γνόντα.
1266 1434 1359 1485 καὶ
1391 1435 1502 1485 τῶν
1530 1435 1747 1488 πολλῶν

170 1519 501 1586 ἀκούσαντα,
531 1523 632 1591 τὴν
656 1523 921 1592 διχόνοιαν
948 1525 1104 1578 ἐᾶσαι
1136 1527 1229 1578 καὶ
1252 1526 1313 1579 τὸ
1344 1527 1435 1579 ἐπῖ
1443 1545 1624 1595 μονον,
1651 1531 1748 1581 καὶ

170 1613 269 1683 τὴν
303 1615 537 1682 ματαίαν
567 1613 836 1685 πρόληψιν
868 1616 962 1669 καὶ
994 1618 1216 1684 κακίαν,
1245 1622 1340 1673 καὶ
1371 1620 1643 1691 ἐνωθῆναι
1675 1624 1741 1692 τῇ

168 1709 281 1761 τῶν
326 1712 536 1766 πολλῶν
583 1710 880 1777 ἀποφάσει,
910 1714 1111 1779 μᾶλλον
1141 1713 1196 1767 δὲ
1238 1716 1304 1783 τῇ
1348 1712 1623 1779 ἀποφάσει
1650 1714 1746 1784 τῆς

180 1807 531 1876 Ἐκκλησίις.

864 1905 1053 1960 ΕΦΕΣ.

253 2003 487 2055 Ἐκεῖνοι
521 2003 627 2072 γὰρ
666 2004 779 2066 τοῖς
815 2004 914 2073 μὲν
945 2005 1194 2074 ἐλέγχοις
1224 2004 1745 2073 στενοχωρούμενοι,

165 2095 462 2164 διόρθωσιν
522 2097 578 2149 δὲ
637 2097 894 2165 οὐδαμῶς
961 2097 1221 2165 οὐδεμίαν
1283 2098 1746 2167 παραδεχόμενοι,

165 2189 259 2240 διὰ
307 2189 368 2241 τὸ
412 2191 645 2252 ἀνιάτως
680 2191 841 2259 ἔχειν,
871 2192 946 2247 ὠς
982 2191 1151 2253 ἔοικε,
1188 2193 1539 2261 παρεκάλουν
1596 2193 1748 2262 ἡμᾶς

164 2284 265 2338 ἐπὶ
291 2285 391 2351 τὴν
422 2283 670 2347 ἐξέτασιν
720 2285 1022 2353 μεταὸῆναι
1067 2284 1162 2338 τοῦ
1192 2284 1481 2354 δόγματος,
1513 2287 1587 2346 ὡς
1634 2286 1753 2337 ἱκα-

165 2376 280 2426 νῶν
312 2378 411 2446 ἤδη
471 2378 749 2447 ῥηθέντων
778 2378 888 2431 τῶν
938 2378 1027 2431 ἐπὶ
1079 2380 1147 2447 τῇ
1198 2379 1489 2451 προσθήκῃ
1537 2378 1749 2445 λόγων

162 2475 412 2541 οἰόμενοι
473 2473 542 2524 δι’
585 2475 811 2526 ἐκείνων
874 2473 985 2526 τῶν
1044 2474 1223 2540 λόγων
1283 2477 1628 2527 ἐπισκιάσειν
1692 2475 1753 2528 τὸ

163 2566 263 2620 τοῦ
312 2566 587 2635 Συμϐόλου
639 2566 913 2637 τόλμημα,
946 2570 1043 2638 τῆς
1093 2567 1251 2638 δόξης
1297 2567 1487 2635 ὑγιοῦς
1539 2568 1751 2623 δεικνυ--

169 2660 374 2731 μένης.

862 2755 1067 2810 ΔΠΟΛ.

240 2850 311 2903 ΟΞ
364 2851 475 2910 τοῖς
524 2848 767 2918 ἐλέγχοις
814 2848 1316 2918 στενοχωρηθέντες
1368 2847 1649 2916 φαίνονται
1698 2849 1756 2900 ἐν

158 2945 283 3003 τοῖς
340 2942 670 3008 Πρακτικοίς
718 2944 816 3010 τῆς
871 2942 1134 2995 συνόδουο
1192 2942 1409 3010 ἐλέγετε
1460 2942 1608 3012 γὰρ,
1661 2941 1757 2996 καὶ

166 3034 396 3101 πρῶτος
434 3034 688 3086 ἁπάντων
723 3033 787 3084 σὺ
810 3074 825 3095 ,
860 3034 944 3086 ὅτι
980 3034 1437 3105 Διαζευχθῶμεν,
1474 3036 1757 3103 διαιρεθῶς

167 3144 310 3191 μεν,
348 3126 679 3192 ἀπέλθωμεν
705 3141 720 3155 ·
751 3125 799 3177 οἱ
833 3126 1050 3179 Λατῖνοι
1085 3126 1236 3195 σοφοὶ
1267 3128 1361 3179 καὶ
1390 3129 1626 3194 γενναῖοι
1661 3127 1754 3180 ἀν-

1776 1858 1825 1918 Β

1850 625 2063 683 ceptus,
2112 618 2311 686 putaSIi
2353 618 2604 673 universa
2658 630 2708 675 te
2746 622 2956 692 synodo
3014 624 3425 691 prudentiorem

1848 725 1974 764 esse
2001 720 2053 765 ct
2091 712 2432 777 doctiorem;
2484 715 2626 781 quod
2684 723 2941 770 extrema:
2972 717 3217 771 stultitiae
3262 734 3427 786 argn-

1851 812 2094 856 mentum
2127 813 2232 869 est,
2294 820 2463 859 unum
2526 805 2735 859 scilicet
2788 806 3066 861 hominem
3103 810 3429 863 antecellere

1850 895 2148 950 universis.
2207 894 2357 963 Esto,
2407 896 2452 952 si
2504 913 2671 951 unum
2727 914 2846 953 cum
2901 916 3012 954 uno
3048 899 3318 966 conferas,
3377 902 3427 954 id

1849 990 1995 1042 enim
2023 989 2281 1045 credibile
2304 1003 2387 1045 est
2412 1010 2426 1057 ;
2461 1001 2512 1044 at
2543 991 2796 1045 universa
2827 993 3071 1048 Ecclesia
3100 1004 3427 1065 congregata

1852 1096 2019 1134 unum
2044 1081 2313 1133 hominem
2337 1096 2456 1136 esse
2488 1086 2915 1152 praestantiorem
2938 1085 3158 1138 omnino
3206 1096 3290 1139 est
3324 1086 3429 1138 im-

1850 1171 2112 1239 possibile
2144 1190 2157 1226 :
2194 1171 2439 1242 alioquin
2482 1183 2533 1229 et
2560 1175 2744 1243 Arius,
2776 1183 2830 1230 et
2860 1174 3181 1241 Eunomius,
3219 1189 3273 1231 et
3305 1179 3429 1232 reli-

1851 1262 1944 1330 qui
2006 1264 2341 1332 generalium
2404 1265 2763 1320 conciliornm
2840 1266 3024 1321 hostes
3096 1267 3197 1321 hoc
3251 1268 3425 1333 ipsum

1851 1355 2072 1419 dicent;
2114 1371 2297 1410 verum
2330 1356 2379 1408 id
2426 1356 2539 1409 lieri
2585 1373 2691 1411 non
2735 1366 2931 1427 potest.
2970 1357 3147 1423 Quare
3185 1368 3233 1411 te
3264 1359 3425 1411 etiam

1850 1448 2137 1514 Oportebat
2162 1449 2344 1517 agnita
2382 1449 2613 1504 veritate
2652 1451 2850 1506 multos
2886 1452 3096 1516 audire,
3127 1452 3426 1507 dissensio-

1852 1555 2084 1609 nemque
2150 1549 2205 1595 et
2269 1543 2627 1608 pervicaciam
2693 1552 2747 1597 et
2801 1558 2993 1597 vanam
3054 1544 3199 1597 illam
3261 1560 3424 1612 quam

1851 1630 2088 1687 habebas
2122 1633 2304 1686 animo
2343 1644 2682 1704 anteceptam
2732 1636 3045 1704 opinionem
3098 1651 3161 1688 ac
3205 1651 3426 1704 perver-

1850 1726 2064 1779 sitatem
2088 1726 2396 1793 deponere;
2429 1735 2483 1782 et
2521 1728 2841 1793 multorum,
2882 1729 2993 1782 imo
3021 1743 3145 1782 vcro
3173 1727 3430 1783 Ecclesia:

1853 1813 2175 1868 sententiam
2206 1817 2385 1883 sequi.

2509 1907 2753 1965 EPHES.

1923 1995 2001 2049 Illi
2049 1998 2190 2051 enim
2242 1998 2579 2068 argumentis
2631 1999 2891 2065 convicti,
2932 2011 2986 2056 et
3041 2002 3093 2056 in
3147 2005 3429 2071 angustias

1854 2089 2076 2156 redacti,
2116 2090 2316 2144 nullam
2340 2105 2470 2145 vero
2500 2106 2729 2160 prorsus
2764 2094 3198 2148 emendationem
3227 2096 3430 2149 admit-

1854 2188 2048 2244 tentes,
2080 2181 2248 2248 quod,
2279 2188 2337 2235 ut
2360 2192 2602 2251 apparet,
2632 2184 2819 2237 morbo
2844 2184 3088 2238 laborent
3112 2185 3428 2250 insanabili,

1854 2272 2210 2327 hortabantur
2261 2289 2381 2341 nos,
2437 2284 2495 2329 ut
2556 2275 2620 2327 ad
2682 2276 3095 2345 inquisitionem
3160 2277 3430 2345 dOgmatis

1856 2367 2234 2434 transiremus,
2274 2368 2417 2437 quod
2456 2377 2602 2423 esset
2630 2369 2695 2422 de
2731 2370 3101 2423 additamento
3147 2372 3278 2426 satis
3316 2372 3428 2439 jam

1854 2457 2061 2513 dictum
2098 2476 2110 2511 :
2145 2458 2230 2513 his
2288 2459 2470 2513 verbis
2503 2461 2881 2515 existimantes
2918 2460 3119 2531 obtegi,
3178 2463 3320 2530 quod
3374 2466 3426 2517 in

1855 2550 2113 2621 Symbolo
2140 2560 2268 2605 sunt
2318 2553 2461 2619 ausi,
2513 2550 2557 2607 si
2593 2552 2779 2622 opinio
2825 2568 2958 2608 sana
2994 2568 3116 2609 esse
3173 2555 3429 2623 probare-

1857 2651 1962 2697 tur.

2551 2742 2744 2796 RESP.

1929 2833 2029 2898 Qui
2088 2832 2289 2886 fuerint
2339 2849 2435 2902 per
2474 2844 2793 2905 argumenta
2840 2834 3210 2901 coangustati,
3251 2831 3435 2885 decla-

1860 2937 1984 2978 rant
2021 2927 2152 2979 Acta
2195 2925 2411 2994 synodi.
2444 2924 2716 2981 Dicehatis
2769 2926 2939 2990 enim,
2980 2936 3033 2979 et
3064 2925 3273 2993 primus
3311 2938 3431 2975 om-

1861 3019 2012 3071 nium
2046 3028 2101 3073 tu
2135 3035 2148 3072 :
2187 3018 2596 3088 Disjungamur,
2655 3018 2987 3079 dividamur,
3037 3018 3431 3079 ahscedamus;

1862 3112 2042 3166 Latini
2082 3111 2184 3165 viri
2217 3112 2359 3165 docti
2386 3122 2437 3163 et
2462 3119 2783 3180 pra'stantes
2822 3112 3024 3164 virtute
3054 3123 3203 3168 sunt.
3232 3121 3282 3163 et
3316 3110 3434 3163 dia-

158 3218 298 3286 δρες
346 3217 490 3281 είσὶ,
528 3218 624 3270 καὶ
657 3217 994 3269 διαλεκτικοὶ
1029 3217 1437 3287 ἐμπειρότατοι.
1476 3219 1539 3273 El
1575 3219 1667 3271 οὖν
1704 3222 1754 3272 ἐν

1865 3204 2068 3259 lecticae
2111 3204 2451 3273 peritissimi.
2494 3203 2649 3269 Quod
2687 3205 2731 3259 si
2768 3206 2822 3257 in
2852 3204 3221 3273 disputatione
3245 3204 3309 3255 de
3340 3203 3435 3256 ad-

159 3311 287 3369 τοῖς
326 3306 459 3373 περὶ
487 3308 585 3376 τὴν
612 3305 939 3375 προσθήκην
965 3306 1147 3373 λόγοις
1178 3306 1456 3376 ἐφάνησαν
1483 3305 1625 3358 οὔτω
1654 3307 1760 3359 δει-

162 3399 252 3451 νοὶ
279 3440 291 3459 .
335 3398 478 3451 ὥστε
518 3400 791 3470 μηδεμίαν
823 3401 1121 3468 ἀπολογίαν
1154 3400 1546 3470 ὑπολειφθῆναι
1587 3404 1720 3470 ἡμῖν
1742 3445 1756 3467 ,

157 3495 325 3557 τίνες
362 3495 427 3548 ἂν
458 3495 760 3563 γένωνται,
795 3496 924 3547 ὅταν
957 3497 1085 3564 περὶ
1115 3497 1215 3562 τῆς
1249 3494 1408 3565 δόξης
1437 3494 1536 3566 τὴν
1567 3495 1760 3560 ἐξέτα-

161 3609 255 3642 σιν
289 3589 682 3655 ποιησώμεθα,
712 3590 846 3640 ὅπου
880 3588 972 3641 καὶ
1001 3589 1357 3650 διδασκάλους
1386 3589 1486 3657 τῆς
1525 3589 1755 3655 Ἐκκλη-

158 3685 295 3746 σίας
335 3682 525 3752 ἔχουσι
558 3683 759 3747 δεῖξαι,
792 3682 892 3752 τὴν
919 3682 1247 3752 ἐκπόρευσιν
1272 3682 1367 3736 τοῦ
1402 3681 1558 3751 ἁγίου
1592 3682 1761 3735 Πνεύ-

160 3794 357 3843 ματος
392 3776 483 3827 καὶ
515 3773 594 3843 τῷ
625 3775 740 3843 Υἱῷ
770 3775 1049 3840 διδόνταςς
1086 3774 1287 3828 Λοιπὸν
1324 3775 1592 3844 συμφέρει
1630 3777 1763 3843 ἡμῖν

153 3870 464 3932 ἀπελθεῖν,
514 3869 545 3936 ἢ
598 3867 901 3937 ἡττηθῆναι
954 3870 1051 3921 καὶ
1103 3868 1220 3936 μετ’
1250 3867 1512 3936 αἰσχύνης
1562 3868 1765 3920 ἐπανα-

153 3963 442 4032 στρέψαι.
481 3961 669 4014 Ταῦτα
703 3963 803 4029 μὶν
838 3959 1083 4027 ἐλέγετε,
1122 3959 1338 4029 ἀληθῶς
1372 3962 1484 4021 τοῖς
1520 3960 1766 4027 ἐλέγχοις

152 4058 339 4122 ὑμεῖς
382 4052 912 4123 στενοχωρούμενοι.
942 4052 1241 4122 Διόρθωσιν
1268 4052 1327 4105 δὲ
1358 4053 1511 4122 παρά
1542 4053 1635 4105 σοῦ
1664 4054 1765 4119 τὴν

166 4146 520 4216 Ῥωμαϊκὴν
568 4144 826 4209 δέξασθαι
865 4144 1196 4213 Ἐκκλησίαν
1246 4145 1346 4197 οὐκ
1391 4145 1529 4198 ἔδει·
1578 4145 1764 4214 ἐκείνη

149 4244 279 4309 γὰρ
338 4241 540 4293 πασῶν
584 4239 911 4308 κυϐερνῆτίς
961 4242 1116 4303 ἐστι,
1169 4241 1265 4293 καὶ
1313 4243 1434 4304 ταῖς
1484 4240 1767 4303 νοσούσαις

147 4336 277 4385 τῶν
314 4332 637 4399 ἐκκλησιῶν
669 4333 851 4403 ίατρδς
879 4333 1301 4401 ἐμπειρότατος,
1334 4333 1484 4403 παρὰ
1510 4332 1601 4385 τοῦ
1634 4334 1768 4403 Χρι-

1864 3298 2165 3351 ditamento
2200 3297 2302 3352 visi
2347 3306 2471 3352 sunt
2506 3297 2641 3350 adeo
2685 3311 2841 3349 acres
2883 3297 3123 3366 ingenio,
3153 3305 3210 3350 ut
3252 3297 3434 3349 nullus

1864 3383 2127 3457 apologis:
2170 3390 2322 3443 locus
2375 3390 2445 3442 sit
2496 3389 2655 3442 nobis
2691 3390 2935 3453 relictus,
2970 3389 3063 3458 qui
3100 3398 3262 3443 erunt
3307 3402 3432 3442 cum

1866 3487 2036 3548 ipsam
2058 3482 2375 3551 opinionem
2412 3482 2873 3546 examinabimus,
2898 3498 2995 3551 pro
3028 3496 3131 3550 qua
3162 3490 3214 3534 et
3247 3486 3436 3535 docto-

1868 3588 1952 3627 rcs
1986 3571 2244 3628 Ecclesia:
2292 3572 2540 3642 proferre
2575 3572 2800 3635 habent,
2830 3572 3071 3642 Spiritus
3110 3572 3283 3627 sancti
3311 3588 3438 3641 pro-

1865 3664 2179 3717 ductionem
2232 3663 2370 3718 Filio
2417 3679 2640 3733 quoque
2695 3663 3250 3719 tribuentes?Satius
3276 3662 3437 3731 igitur

1864 3766 1949 3809 est
2004 3759 2178 3819 abire,
2210 3773 2373 3827 quam
2426 3757 2566 3811 vinci
2599 3766 2804 3811 etcum
2861 3756 3160 3823 ignominia
3212 3756 3437 3810 reverti.

1868 3848 1989 3902 llaec
2023 3850 2282 3905 dicebatis
2318 3849 2419 3918 ipsi
2465 3849 2713 3920 profecto
2750 3850 3008 3915 convicti,
3051 3857 3105 3903 et
3159 3849 3213 3902 in
3262 3864 3436 3919 anguo

1868 3944 1999 3998 stias
2040 3958 2136 4011 per
2169 3952 2489 4010 argumenta
2535 3942 2763 3995 redacti.
2810 3941 2850 3994 Α
2879 3955 2930 3994 te
2963 3955 3127 4008 porro
3158 3940 3442 3994 emendari

1870 4036 2173 4089 Romanam
2211 4034 2512 4089 Ecclesiam
2555 4034 2629 4087 nil
2664 4048 2803 4102 opus
2834 4043 2985 4097 erat;
3015 4048 3135 4086 nam
3176 4033 3268 4085 illa
3308 4048 3443 4086 cnn-

1868 4138 2083 4182 ctarum
2146 4135 2228 4181 est
2267 4127 2624 4196 gubernatrix
2671 4125 3055 4188 ecclesiarum,
3091 4133 3145 4178 et
3174 4133 3445 4195 mgrotau-

1871 4221 2015 4275 tibus
2054 4221 2300 4275 ecclesiis
2324 4220 2657 4289 peritissime
2682 4217 2952 4283 medetur,
2971 4232 3095 4271 cum
3117 4226 3442 4285 potestatem

1870 4329 1900 4367 a
1946 4314 2166 4369 Christo
2212 4313 2485 4380 acceperit
2534 4311 2759 4381 regendi
2809 4311 2945 4365 alias
2978 4319 3031 4364 ct
3075 4309 3441 4379 gubernandi,

1870 4406 2227 4461 cantirmandi
2287 4415 2340 4460 et
2368 4406 2710 4472 corrigendi,
2761 4418 2871 4457 non
2902 4412 2957 4456 ut
3006 4406 3120 4471 ipsa
3156 4403 3445 4457 confirme-

147 4424 296 4477 στοῦ
349 4421 601 4475 λαϐοῦσα
638 4422 739 4490 τὴν
766 4421 1032 4487 ’ἐξουσίαν
1072 4422 1172 4484 τὰς
1216 4422 1383 4485 ἄλλας
1434 4422 1633 4475 ἰθύνειν
1672 4423 1768 4475 καὶ⁵

144 4514 466 4584 κυϐερνᾷν
487 4555 501 4578 ,
532 4512 910 4583 ἐπιστηρίζειν
939 4514 1036 4565 καὶ
1062 4514 1309 4583 διορθοῦν
1330 4554 1344 4576 ,
1374 4514 1473 4565 οὐκ
1506 4514 1679 4582 αὐτὴν
1708 4515 1754 4567 δέ

1874 4507 1961 4553 tur
1996 4499 2064 4551 ab
2104 4497 2265 4551 aliis:
2305 4496 2373 4549 Et
2426 4505 2504 4558 tu,
2555 4495 2737 4564 inquit
2791 4495 3048 4549 Salvator
3078 4494 3145 4548 ad
3196 4494 3441 4557 Petrum,

140 4606 535 4680 διορθοῦσθαι
583 4606 739 4673 παρὰ
779 4606 887 4659 τῶν
931 4605 1127 4660 ἀλλων.
1179 4605 1283 4661 Καὶ
1331 4608 1413 4659 σύ
1458 4622 1603 4659 ποτε
1645 4606 1754 4658 ἐπι-

1870 4591 2158 4660 aliquando
2206 4606 2480 4644 conversus
2533 4589 2795 4657 conﬁrma
2843 4588 3043 4656 fratres
3080 4596 3195 4641 tuo:
3230 4587 3250 4618 δ
3281 4604 3299 4652 ;
3334 4602 3441 4639 nou

140 4698 510 4767 στραφεὶς,
544 4701 709 4766 φησὶν
736 4697 763 4749 δ
789 4695 980 4765 Σωτὴρ
1012 4698 1147 4765 πρὸς
1177 4697 1267 4749 τὸν
1300 4697 1536 4765 Πέτρον,
1565 4696 1754 4763 στήρι-

1868 4684 2048 4740 dixit:
2081 4684 2420 4738 Conlirmare
2474 4698 2503 4737 a
2546 4681 2808 4735 fratribus
2835 4681 2964 4746 tuis,
3002 4681 3120 4745 sed,
3148 4680 3439 4747 Conﬁrma.

138 4794 275 4857 εον
307 4788 474 4854 τοὺς
502 4788 808 4857 ἀδελφούς
838 4805 956 4843 σου
981 4804 995 4817 ⁸
1029 4792 1090 4842 οὐ
1120 4788 1227 4857 γάρ
1262 4784 1405 4855 εἷπε,
1437 4789 1754 4858 Στηρίχθητι

1871 4777 2167 4842 Oportebat
2202 4776 2366 4846 igitur
2395 4785 2445 4828 te
2490 4774 2655 4829 etiam
2682 4774 2751 4827 ab
2772 4773 2862 4827 illa
2886 4772 3219 4835 conﬁrmari,
3245 4787 3440 4842 quem-

142 4886 263 4938 ὑπό
299 4882 434 4935 τῶν
464 4880 708 4947 ἀδελφῶν
742 4899 860 4947 σου,
890 4881 1045 4947 ἀλλὰ,
1082 4880 1398 4946 Στήριξον.
1428 4880 1641 4933 Οὐκοῦν
1669 4881 1754 4933 ml

1868 4872 2163 4928 admodum
2216 4869 2578 4938 sapientiores
2636 4875 2690 4922 et
2714 4867 2991 4923 doctiores
3038 4875 3089 4922 te
3130 4866 3445 4921 conﬁrmati

137 4979 209 5031 σὲ
246 4976 384 5029 ἔδει
420 4974 780 5044 στηριχθῆναι
808 4973 939 5041 παρ’
965 4972 1134 5041 αὐτῆς
1159 4973 1234 5035 ὡς
1264 4952 1358 5025 καὶ
1386 4974 1436 5024 οἱ
1466 4973 1745 5041 σοφώτερο

1872 4975 2021 5022 sunt.
2044 4963 2113 5019 Ut
2144 4962 2454 5017 transiretis
2480 4971 2658 5015 autem
2690 4962 2755 5014 ad
2786 4959 3201 5030 inquisitionem
3223 4961 3446 5030 dogma-

137 5088 250 5122 σου
294 5067 418 5120 καὶ
450 5065 771 5134 λογιώτεροι
804 5066 1233 5135 ἐστηρίχθησαν.
1275 5065 1402 5117 Ἐπὶ
1434 5065 1489 5116 δέ
1522 5064 1622 5135 τὴν
1653 5064 1751 5128 ἐξέ

1873 5060 1943 5114 tis
1983 5072 2091 5112 non
2142 5055 2504 5110 hortabantur
2542 5051 2759 5118 Latini;
2801 5068 2992 5107 verum
3049 5052 3179 5120 quia
3232 5067 3449 5107 menses

132 5176 327 5213 τοισιν
365 5155 683 5227 μεταϐῆναι
711 5154 805 5208 τοῦ
836 5156 1105 5224 δόγματος
1136 5156 1196 5208 ού
1229 5155 1577 5224 παρεκάλουν
1605 5155 1754 5207 Λατῖ-

1870 5154 1980 5224 jam
2042 5156 2199 5203 erant
2268 5144 2712 5214 quatuordecim,
2762 5158 2886 5200 cum
2936 5144 3064 5197 illud
3121 5145 3449 5225 agitabatur,

130 5271 229 5305 νοι
254 5268 270 5281 ’
314 5248 459 5303 ἀλλ’
482 5249 564 5300 ὅτι
600 5246 775 5316 μῆνας
806 5246 983 5316 εἴχετε
1016 5246 1419 5315 δεκατέσσαρας
1452 5245 1754 5313 διαλεγόμε⁴

1874 5243 2013 5299 nihil
2042 5256 2161 5295 esse
2191 5237 2447 5309 Symbolo
2486 5234 2877 5305 adjiciendum,
2906 5242 2961 5287 et
2996 5234 3060 5286 ad
3089 5234 3448 5302 quaesitorum

130 5364 230 5398 νοι
274 5357 359 5393 πε
370 5340 441 5412 pl.
467 5337 585 5402 τοῦ,
616 5338 691 5390 Οὐ
723 5338 803 5390 δεῖ
834 5337 1173 5405 προσθεῖναι,
1211 5337 1357 5389 δυοῖν
1390 5338 1572 5406 μόνοιν
1598 5335 1754 5389 δντοιε

1882 5335 2113 5389 alterum
2147 5331 2295 5402 (nam
2330 5330 2447 5400 duo
2489 5336 2695 5381 tantum
2740 5328 2917 5389 erant)
2944 5324 3054 5390 jam
3090 5326 3221 5378 satis
3255 5324 3327 5376 illi
3362 5341 3455 5377 vo-

131 5440 276 5491 τοῐν
321 5430 724 5501 ζητημάτοιν,
756 5436 814 5483 ἐν
843 5422 923 5491 οἷς
956 5432 1146 5492 ίκανάς
1174 5429 1470 5497 ἀπολογίας
1500 5430 1754 5499 παρέσχοε

1879 5427 1960 5481 his
1989 5422 2400 5493 responderant,
2421 5427 2705 5488 propterea
2724 5431 2859 5485 Opus
2896 5424 3092 5470 eratut
3124 5416 3189 5468 ad
3223 5415 3451 5467 alterum

134 5530 298 5597 ὑμῖν
333 5522 513 5579 αὐτοί
542 5536 557 5551 ·
586 5523 674 5576 διὰ
698 5521 855 5575 τοῦτο
884 5522 991 5575 ἔδει
1020 5527 1113 5576 καὶ
1138 5523 1277 5591 πρὸς
1302 5523 1364 5575 τὸ
1391 5524 1578 5592 ἓτερον
1612 5540 1752 5590 μετα

1881 5521 2043 5575 etiam
2076 5512 2516 5586 pertractandum
2551 5509 2897 5570 transiretur,
2922 5523 3032 5576 quo
3069 5506 3337 5572 dogmatis
3362 5521 3451 5559 vc-

133 5626 349 5674 Οετναι
386 5615 490 5667 τὸν
518 5614 711 5682 λόγον·
744 5616 851 5680 ἵνα,
879 5615 1186 5685 δειχθέντος
1216 5614 1311 5667 τοῦ
1342 5614 1612 5681 δόγματος
1642 5616 1754 5684 ἀλη·

1883 5613 2038 5669 ritate
2059 5607 2326 5680 patefacta
2353 5604 2641 5675 probarent
2671 5615 2728 5656 se
2772 5615 2801 5654 a
2828 5598 2984 5654 vobis
3016 5599 3213 5669 injuria
3242 5599 3454 5651 calum-

136 5716 170 5771 0
198 5714 322 5779 ῦς,
362 5707 587 5771 ἀδίκως
617 5708 811 5772 αὐτοὺς
840 5708 1147 5773 ἐπιδείξωσι
1179 5707 1308 5778 παρ’
1333 5707 1485 5778 ὑμῶν
1516 5724 1753 5776 συκοφαν

1894 5707 1997 5759 niis
2027 5700 2158 5773 peti,
2190 5698 2345 5770 quasi
2380 5695 2522 5753 sacri
2556 5693 2794 5765 Symboli
2821 5692 3231 5761 depravatores;
3258 5688 3424 5746 Osteu

221 5897 244 5922 ⁸
279 5889 453 5947 Luc.
484 5902 619 5951 ml,
663 5885 751 5943 52.
