4164 6426
208 404 338 470 1045

1211 405 1669 464 ΠΕΒἪΤΑΤΙΟ
1701 406 1939 464 MARCI
1985 403 2378 465 EPHESINI.

3326 402 3460 467 1046

202 515 277 579 τῷ
309 511 568 581 Συμϐόλῳ
600 516 770 580 μενεῖ,
801 511 924 566 οὔτε
957 515 1191 584 ἀλλαχοῦ
1221 516 1515 583 τεθήσεται
1538 533 1549 544 ·
1581 517 1646 568 τὰ
1675 515 1781 583 γὰρ

1894 516 2021 570 alibi
2055 527 2352 585 reponatur
2381 532 2395 580 ;
2421 513 2734 585 blasphema
2760 517 2906 571 enim
2941 532 3211 586 nusquam
3234 517 3464 571 dicenda

206 606 500 673 βλάσφημα
535 606 772 676 οὐδαμοῦ
804 609 907 675 χρὴ
940 607 1194 675 λέγεσθαι
1223 624 1236 636 ⁸
1273 610 1331 660 εἰ.
1355 609 1399 660 δ’
1427 609 1692 676 εὐσεϐὴς,
1727 609 1780 661 τί

203 700 260 749 ἐν
288 698 363 766 τῷ
393 698 659 768 Συμϐόλῳ
681 741 695 764 ,
727 698 780 750 τί
812 698 1084 768 ἁλλαχοῦς
1115 701 1334 754 Μᾶλλον
1367 703 1466 771 μὲν
1495 697 1588 756 οὖν
1619 703 1677 755 ὲν
1705 702 1784 770 τῷ

202 790 462 859 Συμϐόλῳ
501 790 583 844 δεῖ
618 791 904 860 ὁμολογεῖν
941 792 1039 861 τὴν
1077 793 1356 862 ἀλήθειαν.
1392 793 1582 848 Ταῦτα
1619 794 1784 847 ἀκού·

201 900 375 935 σαντα
408 884 613 953 τρόμος
649 884 946 944 ἐπελάϐετό
986 903 1043 937 σε
1085 887 1179 939 καὶ
1213 887 1342 946 τοὺς
1381 887 1518 955 μετὰ
1558 888 1652 940 σοῦ
1693 887 1785 940 ἐπὶ

199 976 302 1044 τὴν
340 975 586 1038 ἐξέτασιν
629 978 933 1047 μεταϐῆναι
968 977 1062 1031 τοῦ
1108 979 1403 1048 δόγματος,
1451 982 1545 1034 καὶ
1587 980 1782 1050 ὡρμή-

204 1089 333 1123 σατε
368 1071 582 1138 φυγεῖν,
617 1071 932 1141 γλιχόμενοι
966 1072 1064 1140 τῆς
1099 1073 1312 1128 ἐκεῖθεν
1343 1073 1697 1140 ἐξελεύσεως.

901 1167 1091 1220 ΕΦΕΣ.

277 1256 394 1307 Κᾶν
423 1257 707 1326 ἐνέμειναν
735 1259 823 1310 διὰ
854 1259 1046 1319 τέλους
1073 1263 1138 1329 τῇ
1171 1262 1418 1315 ὲνστὰσει
1449 1263 1647 1333 ταύτῃ,
1683 1264 1786 1316 κᾶν

201 1347 529 1417 διελύθησαν
552 1350 764 1403 ἐκεῖθεν
789 1351 970 1414 καλῶς
1001 1353 1304 1417 ποιοῦντες,
1330 1355 1380 1407 εί
1410 1355 1485 1423 μὴ
1513 1367 1789 1425 παραπει-

203 1440 424 1503 σθέντες
454 1443 558 1496 ὑπό
587 1461 748 1496 τινων
775 1442 952 1510 αὖθις,
983 1445 1061 1510 ὡς
1090 1447 1339 1517 ἀπρεπές
1369 1449 1485 1500 ἐστι
1518 1449 1687 1516 μηδὲν
1713 1450 1791 1502 εί·-

205 1533 410 1594 πόντας
452 1538 581 1602 περὶ
624 1535 720 1587 τοῦ
761 1537 1032 1606 δόγματος
1070 1540 1348 1605 ἀπελθεῖν,
1393 1540 1646 1610 ἐδέξαντο
1689 1541 1788 1611 τὴν

205 1623 544 1689 μετάϐασιν,
583 1627 742 1679 τοῦτο
787 1628 889 1695 μὲν
922 1628 1021 1698 τὴν
1056 1630 1162 1683 ἀπὸ
1193 1631 1294 1698 τῆς
1332 1632 1659 1704 προσθήκης
1697 1635 1789 1686 ἐπὶ

201 1719 308 1788 τὴν
346 1718 726 1783 δόξαν..τοῦτο
771 1721 827 1775 δὲ
874 1723 973 1794 τὴν
1016 1724 1124 1777 ἀπὸ
1164 1725 1477 1796 Φερραρίας
1519 1728 1598 1789 εἰς
1642 1726 1790 1779 Φλω-

203 1811 447 1877 ρεντίαν.

897 2085 1107 2139 ΑΠΟΛ.

280 2171 509 2226 Ἥθελον
539 2174 644 2244 μὲν
666 2194 813 2240 τινες
840 2177 1091 2232 ἀσύνετοι
1117 2181 1389 2247 διαμεῖναι
1416 2183 1481 2251 τῇ
1511 2183 1785 2243 ὲνστάσει.

198 2268 301 2316 καὶ
327 2266 690 2336 διαιρεθῆναι,
724 2268 816 2322 καὶ
839 2269 1160 2338 διαλυθῆναι
1187 2273 1420 2338 ἐκεῖθεν,
1446 2268 1518 2327 ὧν
1545 2276 1610 2328 σὺ
1639 2275 1786 2344 πρῶ-

194 2377 296 2422 τος
334 2359 580 2430 ὑπῆρχες
608 2378 624 2392 ο
667 2362 718 2414 οί
756 2363 813 2416 δὲ
849 2365 950 2432 τῆς
989 2367 1264 2436 σωτηρίας
1302 2369 1479 2422 αὐτῶν
1515 2370 1791 2440 ἐπιθυμη-

193 2455 296 2502 ταὶ
317 2495 331 2517 ,
368 2453 458 2505 καὶ
491 2454 580 2504 τὸν
613 2455 858 2508 κίνδυνον
887 2458 985 2526 τῆς
1019 2458 1287 2526 αἱρέσεως
1316 2459 1440 2522 ὅσος
1469 2462 1585 2513 ἐστὶ
1617 2462 1789 2532 φοϐη-

197 2546 394 2608 θέντες
427 2548 567 2600 κατὰ
597 2547 705 2602 τῶν
736 2548 1131 2620 διαιρουμένων
1165 2551 1274 2605 ἀπὸ
1305 2552 1402 2621 τῆς
1439 2553 1788 2623 Ἐκκλησίας,

195 2640 309 2692 οὐκ
351 2641 624 2710 ἠθέλησαν
655 2643 753 2712 τὴν
790 2644 1095 2712 μοχθηρίαν
1127 2645 1331 2710 ταύτην
1365 2647 1632 2714 νοσῆσαι·
1674 2650 1790 2713 ἐξε-

192 2735 477 2803 τασθῆναι
508 2735 564 2788 δὲ
595 2737 654 2789 τὸ
687 2737 860 2806 δόγμα
906 2741 1002 2792 καὶ
1061 2739 1162 2808 τὴν
1194 2739 1456 2807 ἀλήθειαν
1487 2741 1790 2810 διατρανω-

194 2827 370 2894 θῆναι
392 2869 406 2890 ,
443 2830 538 2880 καὶ
572 2829 780 2899 ταύτην
813 2831 1168 2883 ἀσπάσασθαι
1209 2832 1348 2900 μετὰ
1382 2835 1557 2902 χαρᾶς
1592 2834 1790 2886 ὑπεδέ-

196 2919 390 2981 ξαντο,
419 2921 587 2973 Ὅθεν
623 2921 700 2991 τῷ
735 2923 829 2976 τοῦ
870 2922 1080 2977 δικαίου
1121 2925 1268 2994 λόγῳ
1307 2926 1399 2978 καὶ
1435 2926 1563 2989 τοὺς
1601 2925 1794 2989 ἄλλους

193 3017 525 3082 πείσαντες,
557 3016 810 3081 ἐδέξαντο
844 3018 1147 3087 μεταϐῆναι
1175 3020 1270 3070 ἐπὶ
1297 3019 1397 3089 τὴν
1421 3019 1673 3085 ἐξέτασιν
1699 3021 1791 3075 τοῦ

189 3110 470 3176 δευτέρου
519 3110 947 3180 προϐλήματος·
997 3111 1250 3176 ἐδέξαντο
1291 3112 1348 3164 δὲ
1398 3113 1494 3165 καὶ
1539 3113 1640 3183 τὴν
1686 3115 1794 3168 ἀπὸ

1892 620 2045 664 sunt.
2085 612 2142 665 Si
2198 628 2326 664 vero
2375 611 2484 680 pia,
2535 626 2632 664 cur
2661 613 2844 666 minus
2879 612 2934 665 in
2985 610 3244 681 Symbolo
3298 626 3461 676 quam

1889 703 2060 758 alibi?
2089 704 2202 758 lmo
2231 705 2417 774 potius
2442 705 2704 776 Symbolo
2731 705 3012 760 veritatem
3041 703 3196 760 fateri
3221 716 3458 776 oportet.

1890 797 1986 853 llis
2018 805 2076 851 tu
2108 805 2274 866 atque
2300 799 2374 852 tui
2408 799 2610 853 auditis
2640 798 3067 867 disputationem
3107 798 3176 854 de
3206 798 3464 867 dogmate

1888 887 2272 952 exhorruistis,
2303 897 2357 944 et
2397 889 2577 960 fugam
2614 890 2871 959 parastis,
2897 889 3051 946 abire
3101 889 3254 945 illinc
3298 905 3466 958 exop-

1889 996 2084 1040 tantes.

2554 1165 2797 1220 EPHES.

1960 1260 2136 1328 Atque
2160 1259 2195 1314 ii
2217 1259 2441 1330 quidem
2474 1268 2532 1312 ut
2553 1259 2757 1314 instare
2774 1267 3079 1326 coeperunt,
3099 1258 3469 1327 perstitissent

1889 1349 2052 1403 etiam
2087 1351 2140 1402 in
2170 1350 2270 1404 hac
2294 1350 2575 1403 voluntate
2602 1364 2777 1418 usque
2813 1349 2878 1402 ad
2914 1348 3097 1410 finem,
3123 1355 3176 1402 et
3210 1349 3469 1402 recessis.

1892 1449 2014 1496 sent
2050 1440 2199 1494 illinc
2231 1441 2374 1496 bono
2410 1457 2544 1497 sane
2591 1441 2846 1505 consilio,
2875 1444 2928 1495 ni
2979 1442 3291 1496 dissuasum
3326 1448 3472 1494 esset

1890 1532 1972 1588 eis
1993 1548 2023 1587 a
2044 1533 2399 1600 quibusdam,
2425 1535 2692 1589 rationem
2723 1534 2867 1587 illam
2894 1533 3270 1593 affereutibns,
3319 1532 3467 1602 quod

1893 1623 2209 1678 indecorum
2245 1634 2396 1681 esset
2419 1626 2715 1681 abscedere
2747 1625 2896 1680 nulla
2919 1625 3104 1679 habita
3132 1623 3199 1678 de
3215 1624 3471 1694 dogmate

1892 1714 2240 1780 quaestione;
2280 1716 2353 1770 ita
2394 1731 2552 1771 suum
2589 1715 2878 1784 prmbuere
2923 1729 3235 1775 assensum.
3269 1722 3382 1768 tum
3415 1723 3474 1767 ut

1895 1822 1922 1860 a
1952 1806 2324 1876 disputatione
2353 1808 2420 1863 de
2453 1807 2829 1863 additamenta
2863 1808 3186 1862 transiretur
3222 1807 3288 1860 ad
3317 1823 3474 1874 qua:-

1826 1876 1867 1931 θ
1897 1899 2126 1954 stionem
2181 1900 2473 1966 dogmatis,
2523 1912 2637 1955 tum
2677 1911 2736 1956 ut
2784 1900 2853 1954 ab
2894 1900 3028 1954 urbe
3064 1897 3314 1954 Ferraria
3349 1897 3473 1952 Flo«

1891 1995 2120 2047 rcutiam
2153 1992 2346 2048 iretur.

2583 2087 2783 2142 RESP.

1967 2177 2229 2234 Volebant
2272 2195 2402 2236 sane
2435 2179 2812 2251 imprudentes
2843 2180 3065 2250 quidam
3100 2182 3153 2235 in
3187 2197 3248 2235 ea
3287 2182 3478 2236 volun-

1894 2279 2003 2324 tate
2050 2271 2364 2340 persistere,
2390 2289 2497 2344 qua
2533 2281 2817 2343 cmpcrant
2849 2272 3075 2341 instare,
3101 2283 3156 2328 et
3206 2274 3474 2343 disjnngi,

1893 2373 2056 2431 atque
2105 2363 2232 2418 inde
2268 2364 2585 2430 abscedere,
2617 2366 2877 2434 lquorum
2909 2375 2965 2419 tu
3003 2375 3167 2435 caput
3196 2381 3340 2422 eras.
3380 2368 3477 2420 Ve—

1895 2471 2012 2508 rum
2042 2455 2134 2525 qui
2164 2472 2276 2511 sua:
2304 2457 2503 2512 salutis
2528 2465 2686 2511 erant
2714 2457 2883 2523 avidi,
2912 2467 3275 2527 agnoscentes
3303 2474 3476 2526 quan-

1897 2560 2009 2604 tum
2039 2553 2110 2604 sit
2142 2552 2412 2607 haereseos
2446 2553 2753 2620 periculum
2783 2553 2838 2606 in
2873 2554 2942 2608 iis
2973 2555 3063 2620 qui
3095 2569 3152 2608 se
3185 2555 3253 2607 ab
3294 2553 3481 2608 Eccle-

1897 2645 1977 2698 sia
2009 2656 2322 2708 secernunt,
2356 2647 2649 2701 nolucrunt
2679 2649 2876 2702 timore
2910 2647 3146 2714 perculsi
3188 2647 3347 2716 hujus
3384 2664 3482 2698 ne-

1895 2739 2083 2808 quitize
2126 2739 2321 2794 morbo
2361 2741 2549 2805 affici;
2596 2741 2691 2796 sed
2747 2757 2943 2811 magna
2975 2741 3256 2795 voluntate
3281 2740 3481 2810 permi-

1897 2838 2088 2884 serunt
2149 2839 2204 2885 et
2259 2833 2428 2901 quaeri
2471 2833 2538 2887 de
2573 2832 2849 2899 dogmate.
2888 2843 2942 2885 ct
3009 2834 3291 2886 veritatem
3350 2846 3483 2883 cnn-

1896 2923 2084 2983 cleari,
2150 2933 2207 2976 ut
2264 2938 2384 2978 eam
2446 2923 2931 2992 amplecterentur.
2977 2925 3160 2990 Quare
3199 2923 3481 2993 persuasis

1896 3015 2062 3069 etiam
2111 3015 2235 3068 aliis
2292 3022 2353 3066 ut
2402 3015 2645 3082 aequitati
2678 3014 3483 3083 acquiescerent,admiserunt

1900 3107 2128 3162 secundi
2189 3107 2549 3174 problematis
2613 3107 3092 3177 disquisitionem;
3146 3107 3485 3162 admiserunt

187 3203 518 3272 Φερῤαρίας
552 3204 632 3266 είς
664 3203 1004 3270 Φλωρεντίαν
1044 3203 1380 3272 μετάϐασιν,
1412 3205 1598 3276 ἐπειδὴ
1629 3207 1659 3259 6
1690 3207 1788 3278 τῆς

1899 3201 2062 3255 ctiam
2116 3209 2175 3254 ttt
2227 3199 2566 3255 Florentiatn
2620 3216 2651 3254 e
2681 3200 2931 3255 Ferraria
2979 3201 3174 3265 iretur,
3218 3201 3477 3269 quoniam

185 3295 363 3354 ὁσίας
402 3295 617 3363 μνήμης
653 3295 909 3356 Εὐγένιος
944 3296 972 3345 6
1005 3295 1223 3365 Ῥώμης
1258 3297 1552 3367 ἀρχιερεὺς
1588 3301 1615 3352 6
1652 3299 1791 3352 θειό-

185 3404 372 3448 τατος
406 3387 504 3439 οὑκ
540 3381 685 3455 εἶχεν
715 3387 796 3440 ἔτι
829 3391 886 3440 ὲν
914 3388 1234 3459 Φερῤαρίᾳ,
1267 3388 1391 3442 οὔτε
1435 3391 1541 3459 μὴν
1570 3391 1791 3461 εὕρισκε

184 3473 412 3525 διδόναι
444 3475 570 3543 ὑμῖν
597 3476 814 3545 ἑκάστῳ
842 3477 902 3528 τὸ
931 3477 1263 3547 σιτηρέσιον,
1294 3478 1385 3531 καὶ
1409 3483 1520 3543 τοῖς
1549 3482 1794 3552 Φλωρεν-

184 3567 383 3626 τίνοις
420 3566 664 3636 μηνύσας
701 3569 946 3622 δανεῖσαι
982 3571 1131 3639 αὐτῷ
1163 3574 1583 3643 τεσσαράκοντα
1621 3577 1792 3645 χι).ιὰ-

182 3661 306 3721 δας
340 3661 646 3729 χρυσίνων,
682 3661 1005 3715 ἀπέστειλεν
1036 3663 1224 3724 αὐτοῖς
1252 3664 1353 3733 τὴν
1388 3665 1589 3735 μίτραν
1625 3667 1792 3720 αὑτοῦ

185 3752 472 3820 ἐνέχυρον
492 3769 506 3783 ·
545 3752 594 3804 οἳ
626 3754 686 3805 τὸ
716 3753 973 3823 ἐνέχυρον
1002 3754 1287 3817 λαϐόντες,
1319 3757 1381 3809 τὸ
1414 3759 1638 3825 amet»
1667 3762 1790 3812 ἀνε-

185 3843 517 3912 πλήρωσαν
540 3861 554 3874 ο
586 3845 682 3896 σὺν
712 3846 940 3908 ἐκείνοις
972 3846 1029 3898 δὲ
1061 3849 1156 3899 καὶ
1187 3848 1351 3910 ἄλλας
1380 3853 1792 3920 τεσσαράκοντα

183 3933 515 4002 ὑπέσχοντο
543 3935 726 4003 χάριτι
752 3935 956 3997 δοῦναι,
986 3940 1033 3990 εί
1064 3939 1144 4001 είς
1172 3939 1270 4009 τὴν
1302 3939 1458 3992 πόλιν
1487 3942 1669 3993 αὐτῶν
1700 3961 1797 4010 με-

177 4026 442 4096 ταθήσοι
475 4027 577 4094 τὴν
620 4026 869 4092 σύνοδον,
914 4029 1001 4080 ἵνα
1041 4029 1206 4095 δῆθεν
1249 4032 1280 4100 ἡ
1325 4031 1573 4084 πολιτεία
1616 4033 1796 4086 αὐτῶν

179 4122 302 4188 τὴν
335 4118 433 4171 τοῦ
462 4121 588 4188 ὅρου
617 4120 780 4191 τιμὴν
808 4122 1094 4178 ἀπολάϐοι.
1128 4124 1226 4175 Διὰ
1253 4125 1410 4177 τοῦτο
1440 4125 1533 4178 οὖν
1563 4127 1595 4196 ἡ
1632 4126 1797 4196 μετά-

176 4211 376 4273 6σισις
406 4211 514 4263 ἀπὸ
541 4213 851 4283 Φεῤῥαρίας
879 4217 960 4276 είς
991 4217 1342 4286 Φλωρεντίαν
1372 4218 1617 4286 γέγονεν.

916 4308 1105 4363 ΕΦΕΣ.

272 4397 466 4450 Ἐνθα
509 4398 793 4465 γενόμενοι
836 4399 946 4452 τῶν
993 4400 1123 4466 περὶ
1168 4398 1267 4470 τὴς
1307 4399 1465 4468 δόξης
1507 4400 1796 4467 διαλέξεων

1901 3292 2178 3360 Eugenius
2235 3295 2408 3346 beata:
2455 3295 2732 3346 memorize
2791 3293 3177 3348 sanctissimus
3236 3293 3479 3360 pontifex

1902 3386 2182 3440 Ronnanus
2242 3385 2507 3438 Ferraria:
2560 3400 2666 3438 non
2708 3386 2962 3448 habebat,
3011 3401 3111 3439 nec
3151 3385 3368 3438 aliunde
3403 3385 3484 3438 fa-

1902 3480 2076 3533 cultas
2099 3479 2146 3532 ci
2175 3477 2523 3546 suppetebat,
2555 3478 2698 3531 unde
2725 3477 2880 3532 vobis
2911 3477 3167 3532 alimenta
3214 3477 3484 3532 submini-

1903 3577 2117 3624 straret.
2159 3569 2369 3624 Idcirco
2401 3577 2594 3623 mutuo
2626 3569 2779 3637 petiit
2812 3585 2840 3622 a
2876 3568 3206 3624 Florentinis
3247 3571 3486 3637 quadra-

1902 3662 2050 3732 ginta
2084 3678 2368 3717 nummum
2401 3677 2696 3716 aureorum
2728 3663 2897 3717 millia
2929 3664 3281 3732 oppignerata
3322 3665 3482 3718 mitra

1903 3770 2026 3810 sua.
2070 3754 2150 3809 Illi
2199 3765 2424 3824 accepto
2459 3755 2688 3824 pignore
2737 3756 3024 3824 pecuniam
3075 3769 3481 3821 numerarunt;

1905 3847 2240 3900 tantumdem
2293 3861 2423 3900 vero
2455 3863 2515 3902 se
2548 3848 2695 3900 dono
2749 3847 2911 3900 etiam
2955 3847 3180 3909 daturos
3218 3850 3486 3917 promise--

1902 3948 2056 4002 runt,
2087 3941 2133 3994 si
2173 3944 2225 3992 in
2261 3954 2452 3993 eorum
2497 3939 2688 3993 urbem
2726 3937 3052 3993 transferret
3079 3941 3374 4010 synodum,
3428 3952 3486 3994 ut

1904 4031 2111 4084 scilicet
2165 4031 2380 4085 illorum
2439 4031 2746 4099 respublica
2792 4034 2998 4086 honore
3034 4032 3138 4086 hoc
3169 4044 3483 4100 augeretur,

1905 4125 1949 4177 si
1982 4123 2112 4176 inibi
2139 4124 2387 4178 definitio
2423 4123 2596 4177 fieret.
2628 4124 2681 4176 Id
2715 4123 2816 4176 fuit
2839 4139 2971 4193 ergo
3002 4139 3181 4178 causa:
3231 4141 3331 4178 cur
3355 4124 3488 4181 Fer—

1906 4214 2045 4268 raria
2085 4213 2415 4270 Florentiam
2450 4231 2508 4270 se
2544 4216 2884 4270 conferrent.

2591 4307 2830 4361 EPIIES.

1975 4401 2097 4467 Quo
2150 4400 2241 4455 ubi
2276 4401 2652 4470 pervenimus,
2683 4399 3109 4470 disputationem
3141 4403 3205 4455 de
3231 4402 3487 4468 dogmate

172 4489 604 4560 ἀπηρξάμεθα,
635 4491 746 4544 τῶν
775 4492 1024 4546 Λατίνιον
1054 4494 1502 4560 προενεγκόντων
1535 4494 1695 4562 ῥητὰ,
1726 4494 1789 4546 τὰ

1905 4511 2095 4549 sumus
2124 4495 2361 4564 aggressi
2384 4511 2399 4554 ;
2422 4493 2626 4548 Latinis
2650 4494 2792 4548 dicta
2825 4493 3225 4564 proferentibus
3251 4511 3310 4548 ex
3337 4495 3424 4547 liln
3443 4497 3486 4548 is

172 4585 306 4651 μὲν
348 4581 408 4647 ἐξ
437 4582 776 4650 ἀποκρύφων
804 4583 967 4635 τινῶν
998 4587 1098 4638 καὶ
1127 4585 1424 4650 ἀγνώστων
1458 4582 1700 4650 βιϐλίων,
1731 4587 1789 4638 τά

1905 4587 2101 4656 partim
2137 4587 2467 4657 apocryphis
2500 4596 2551 4640 et
2581 4586 2804 4656 ignotis,
2841 4587 3041 4654 partim
3099 4586 3412 4655 dcprmatis
3435 4597 3489 4639 et

166 4679 238 4730 δὲ
303 4679 381 4727 ὲκ
429 4674 833 4743 νενοθευμένων
879 4693 939 4727 τε
989 4677 1085 4729 καὶ
1137 4677 1569 4747 διεφθαρμένων,
1615 4678 1674 4729 ὲν
1720 4673 1789 4740 οἷς

1904 4677 2200 4744 corruptis,
2229 4675 2433 4745 quibus
2462 4675 2786 4730 sententiam
2818 4690 2973 4730 suam
3005 4675 3167 4729 inniti
3202 4691 3489 4731 assevera-

168 4767 564 4839 ἱσχυρίξοντο
606 4767 706 4836 τὴν
749 4767 961 4821 ἑαυτῶν
1006 4767 1166 4832 δόξαν
1212 4770 1589 4824 συνίστασθαι.
1632 4769 1789 4823 Πάλιι

1903 4767 2052 4823 bant.
2084 4767 2267 4837 Itaque
2295 4783 2514 4822 rursum
2571 4782 2674 4836 ego
2706 4783 2830 4821 cum
2863 4767 2970 4821 illls
3017 4782 3372 4836 congressus,
3431 4781 3487 4821 ct

160 4863 286 4916 οὖν
345 4861 538 4921 αὐτοῖς
584 4858 695 4926 ἐγὼ
743 4860 1216 4930 συμπλεκόμενος,
1265 4862 1360 4914 καὶ
1402 4862 1462 4914 τό
1505 4863 1603 4926 τῆς
1644 4861 1789 4928 δ’ἱξης

1904 4861 2238 4914 sententiam
2269 4859 2567 4913 absurdam
2602 4873 2726 4913 esse
2761 4869 2948 4928 aperte
2985 4858 3384 4922 demonstravi,
3435 4870 3490 4912 et

160 4959 419 5013 ἄτοπον
457 4953 776 5022 διελέγχων,
817 4956 911 5007 καὶ
954 4952 1355 5023 νενοθευμένας
1400 4948 1540 5007 ε’ίναι
1578 4955 1675 5016 τὰς
1720 4953 1789 5022 βί-

1905 4952 2074 5007 libros
2101 4955 2428 5023 depravato‘s
2467 4952 2754 5021 perspicue
2800 4953 3050 5021 probavi.
3097 4950 3244 5005 Nihil
3306 4961 3486 5006 tamen

159 5049 377 5107 ὅλους
414 5045 713 5114 προφανῶς
750 5046 1038 5115 παριστῶν
1058 5084 1073 5110 ,
1100 5047 1252 5101 οὐδὲν
1282 5047 1446 5116 ἤνυον
1477 5049 1558 5108 είς
1595 5046 1789 5110 πειθὼ1

1904 5043 2136 5112 profeci,
2159 5059 2261 5097 nec
2285 5043 2620 5110 persuadere
2674 5042 2975 5111 quidquam
3021 5042 3212 5113 potui;
3274 5051 3485 5096 tantmn

161 5142 354 5210 πλὴν
390 5138 518 5190 ὅσον
549 5138 638 5192 τὸν
667 5139 860 5209 καιρὸν
887 5139 1205 5193 ἀναλίσκειν
1235 5141 1358 5212 εἰκῇ
1388 5141 1480 5193 καὶ
1515 5139 1715 5209 μάτην.

1905 5133 2036 5189 mihi
2061 5133 2261 5188 frustra
2293 5143 2509 5203 tempus
2553 5133 2961 5188 conterebatur.

908 5231 1116 5285 ΔΠΟΛ.
2578 5223 2775 5276 RESI‘.

250 5323 425 5390 Περὶ
467 5322 567 5390 τῆς
614 5322 775 5392 δόξης
826 5323 1046 5392 πρῶτος
1094 5325 1122 5376 6
1169 5325 1230 5378 ὲν
1276 5323 1526 5394 θεολογίᾳ
1580 5325 1789 5392 ὑψίνους

1975 5317 2189 5370 Primus
2214 5317 2278 5368 de
2308 5315 2562 5382 dogmate
2601 5314 2837 5368 lennnes
2861 5313 2946 5367 ille
3007 5315 3059 5368 in
3089 5331 3145 5368 re
3179 5315 3487 5384 theologica

167 5415 504 5481 Ἰωάννης,
529 5413 557 5462 6
579 5411 675 5464 τοῦ
699 5414 980 5482 σχήματος
1003 5413 1100 5466 τοῦ
1129 5414 1286 5481 ἁγίου
1311 5415 1603 5484 Δομινίκου
1629 5416 1789 5482 ἔπαρ-

1904 5407 2205 5461 summivir
2238 5404 2465 5475 ingenii,
2501 5415 2662 5472 atque
2695 5404 2746 5456 in
2781 5404 3034 5458 instituto
3081 5407 3257 5460 sancti
3293 5405 3480 5460 Domi—

150 5528 302 5584 χος,
347 5504 462 5574 τὴν
491 5504 712 5575 εναρξιν
741 5506 1038 5575 ἐποιήσατο
1062 5521 1077 5535 ⁸
1114 5505 1263 5560 Μετὰ
1293 5508 1392 5575 τῆς
1421 5507 1676 5574 εὐλογίας
1705 5509 1789 5561 τοῦ

1906 5502 2014 5556 ιιἰοί
2055 5499 2296 5571 praefecti
2331 5499 2596 5568 dignitate
2629 5504 2878 5561 ornatus,
2919 5497 3345 5567 disputationem
3401 5499 3484 5553 in«

151 5597 649 5676 μακαριωτάτου
679 5598 893 5669 Πατρός
920 5600 1021 5669 τὴν
1050 5599 1322 5664 ἐξέτασιν,
1348 5599 1546 5669 φήσας,
1581 5601 1789 5670 ποιήσο-

1906 5596 2083 5651 stituit
2112 5611 2126 5648 :
2150 5596 2408 5661 Accepta,
2439 5589 2715 5659 inquiens,
2742 5589 3119 5644 benedictione
3152 5590 3329 5647 Patris
3356 5591 3483 5645 bea-

146 5714 282 5770 μαι
326 5691 485 5758 πρὸς
513 5689 657 5760 ὑμᾶς
688 5691 818 5760 περὶ
843 5693 943 5762 τῆς
970 5692 1065 5744 τοῦ
1098 5693 1255 5760 ἁγίου
1287 5693 1608 5759 Πνεύματος
1635 5694 1774 5745 ἐκπο

1909 5687 2132 5750 tissimi,
2166 5684 2528 5754 quaestionem
2560 5683 2628 5737 de
2657 5681 2896 5751 Spiritus
2915 5683 3088 5764 sancti
3131 5683 3489 5752 procrssione

146 5789 453 5861 [πεύσεως
475 5797 490 5810 ·
520 5784 609 5835 ὅτε
648 5785 746 5837 οὐκ
785 5782 844 5850 ἐξ
883 5784 1224 5855 ἀποκρύφων
1257 5785 1419 5838 τινῶν
1454 5784 1674 5854 βιϐλίων
1707 5785 1789 5836 xxi

1908 5780 2186 5834 \‘uhiscuttt
2223 5776 2433 5830 habcho
2466 5793 2479 5828 :
2512 5775 2733 5845 quando
2760 5790 2864 5828 non
2891 5791 2954 5828 ex
2988 5774 3490 5843 apocryphisignm

142 5876 513 5951 ἀγνώστων
549 5875 686 5945 ῥητὰ
726 5878 1087 5946 προήνεγκεν,
1128 5875 1246 5929 οὐδὲ
1286 5876 1348 5928 ἐκ
1387 5875 1789 5944 νενοθενμὲνων

1911 5875 2087 5944 tisque
2113 5871 2264 5929 libris
2299 5869 2527 5940 protulit
2566 5878 2769 5933 textus,
2793 5880 2884 5922 aut
2919 5870 3188 5939 corruptis
3223 5879 3274 5924 ct
3302 5870 3491 5937 depra~
