4164 6426
779 371 912 431 1047

1759 371 2065 429 JOSEPIH
2111 370 2648 430 liE'l'llONENSIS
2682 375 3018 434 EPISCUPI

3886 374 4006 433 illi-3

779 491 938 544 vatis.
973 498 1028 538 ut
1060 485 1174 552 ipse
1204 486 1322 550 ais;
1359 485 1460 541 nisi
1495 487 1804 554 apocrypha
1835 486 2105 548 intelligas
2142 484 2326 538 Basilii

2447 507 2488 542 τε
2526 492 2618 543 καὶ
2657 492 3108 558 διεφθαρμένων,
3143 491 3218 553 ὡς
3257 492 3321 543 σὺ
3359 491 3463 561 φῄς
3488 506 3500 518 ⁸
3541 491 3588 541 εί
3627 489 3699 558 μή
3733 508 3845 542 που
3881 491 4006 540 άπόο

781 579 956 644 Magni
989 588 1039 629 et
1068 578 1346 630 Athanasii
1380 592 1564 642 opera,
1617 591 1714 629 nec
1773 592 1877 628 non
1936 575 2228 643 Epiphanii
2279 585 2331 627 ct

2447 601 2620 652 κρυφα
2652 586 2715 638 σὺ
2746 588 2884 648 νοεῖς
2910 588 2979 638 τὰ
3006 586 3100 640 τοῦ
3137 587 3377 654 μεγάλου
3411 586 3691 639 Βασιλείου
3721 586 3824 638 καὶ
3863 584 4007 635 Ἀθα-

776 667 951 720 sancti
1011 667 1216 736 Cyrilli,
1251 680 1479 733 quorum
1514 667 1657 719 dicta
1733 665 1972 718 Joannes
2026 664 2332 733 proferebat

775 760 1088 811 [.atinormn
1117 760 1354 819 nomine,
1391 773 1485 825 per
1524 774 1643 824 quae
1665 758 2042 811 demonstrare
2089 756 2329 811 conaba-

775 861 862 901 ιιιι·
890 849 1155 915 dogmatis
1189 848 1492 902 veritatem.
1527 846 1831 900 Noluorunt
1858 847 2003 900 enim
2056 847 2197 900 sacri
2258 846 2330 898 illi

773 942 870 992 viri
899 941 1320 994 Occidentalium
1344 948 1521 994 aucto.
1539 939 1668 993 itate
1693 939 2000 1002 doctorum,
2029 938 2121 992 sed
2143 939 2331 991 Orien-

775 1033 961 1085 talium
998 1035 1226 1101 probare
1253 1038 1352 1086 hoc
1375 1033 1571 1100 dogma
1607 1051 1621 1094 ;
1649 1048 1737 1097 ne,
1763 1035 1907 1103 quod
1937 1033 2098 1085 etiam
2127 1032 2330 1092 evenit,

775 1122 1006 1188 possetis
1029 1123 1420 1177 contradicere.
1459 1120 1540 1177 Tu
1563 1138 1693 1178 vero
1721 1138 1846 1176 cum
1883 1121 2025 1176 ferre
2070 1136 2177 1174 non
2203 1135 2328 1187 pos-

771 1230 859 1268 ses
895 1215 1198 1279 veritatem,
1223 1226 1510 1284 corruptos
1542 1225 1598 1270 et
1621 1215 1947 1284 depravatos
1979 1213 2215 1266 vocabas
2237 1212 2334 1265 do-

771 1317 981 1358 ctorum
1031 1307 1196 1360 libros
1235 1324 1248 1360 :
1284 1309 1504 1375 quando
1524 1309 1684 1362 etiam
1719 1321 1916 1375 magno
1943 1314 2039 1359 tuo
2071 1305 2336 1358 dedecore

772 1396 1026 1449 universa
1053 1407 1102 1449 tc
1121 1398 1365 1466 synodus
1394 1399 1702 1468 suggillavit
1728 1399 1800 1450 ita
1817 1396 2109 1459 dicentem,
2127 1407 2176 1449 et
2202 1412 2338 1465 pra:—

770 1489 957 1541 st-rtim
996 1491 1273 1545 ulterioris
1308 1490 1553 1544 Francia:
1585 1492 1872 1560 praesules,
1935 1500 1994 1544 ut
2039 1489 2337 1542 audierunt

766 1579 1128 1635 Orientalium
1161 1582 1444 1636 doctorum
1475 1582 1643 1637 libros
1665 1582 1845 1637 vocari
1880 1597 1908 1635 a
1935 1591 1985 1634 te
2016 1589 2332 1650 corruptos,

771 1689 961 1740 magna
997 1689 1126 1728 voce
1167 1676 1547 1731 exclamarunt
1580 1695 1594 1730 :
1630 1673 1928 1729 Haereticus
1949 1684 2032 1729 est
2071 1675 2177 1728 iste
2223 1689 2335 1726 rua-

771 1767 1257 1833 l-..dwtns,actcrna
1307 1767 1534 1824 feriatur
1592 1768 2187 1830 excommunicatione,
2239 1767 2335 1820 do-

2437 677 2621 729 νασίου
2648 677 2848 744 βιϐλία,
2885 679 3204 744 Ἑπιφανίου
3225 696 3285 731 τε
3308 681 3401 732 καὶ
3427 678 3694 747 Κυρίλλου
3716 676 3818 729 τοῦ
3844 675 4003 742 ἱεροῦ.

2436 769 2497 832 ἐξ
2527 761 2601 820 ὧν
2630 769 2936 836 προέφερεν
2967 771 2995 822 ὁ
3030 773 3285 839 Ἰωάννης
3313 771 3388 832 ὡς
3421 774 3485 824 ἐκ
3519 771 3823 841 προσώπου
3855 769 4008 822 Λατί-

2437 881 2542 914 νων
2573 863 2730 933 ama,
2750 864 2821 916 δι’
2846 860 2920 917 ὦν
2950 866 3257 934 ίσχυρίζετο
3280 866 3381 934 τὴν
3404 865 3664 934 ἀλήθειαν
3689 863 3788 918 τοῦ
3816 864 4005 930 δόγμα-

2436 969 2528 1012 τος
2555 955 2924 1023 παραστῆσαι.
2953 955 3032 1009 Οὑ
3059 957 3168 1023 γάρ
3194 956 3386 1026 ἡθελον
3411 958 3460 1007 οῖ
3491 956 3627 1025 ἱεροὶ
3652 955 3850 1024 ἀνδρες
3879 957 4006 1006 ἐκεί-

2439 1062 2518 1096 νοι
2538 1044 2626 1097 διὰ
2645 1045 2878 1098 δυτικῶν
2895 1047 3232 1100 διδασκάλοιν
3251 1048 3312 1100 τδ
3334 1047 3508 1116 δόγμα
3532 1047 3692 1101 τοῦτο
3716 1049 4002 1114 συστῆσαι,

2439 1137 2554 1188 ἀλλ’
2580 1138 2636 1202 ἐξ
2665 1138 3000 1192 ἀνατολικῶν
3032 1138 3328 1208 Πατέρων,
3362 1140 3449 1193 ῖνα
3484 1140 3558 1209 μὴ
3591 1140 3752 1210 ῑχητε
3789 1141 4006 1192 τοὺναν-

2438 1230 2551 1282 τίον
2576 1231 2772 1295 εἰπεῖν,
2800 1232 2939 1302 ὅπερ
2963 1233 3060 1286 καὶ
3086 1234 3299 1301 γέγονε.
3327 1235 3400 1288 Σὺ
3434 1234 3490 1287 δὲ
3516 1236 3618 1305 τὴν
3641 1235 3912 1304 ἀλήθειαν
3938 1235 4003 1300 μὴ

2439 1322 2735 1388 δυνάμενος
2767 1324 2956 1391 φέρειν
2977 1364 2993 1387 ,
3027 1327 3403 1396 διεφθαρμένα
3429 1345 3488 1380 τε
3519 1329 3616 1380 καὶ
3645 1327 4005 1395 νενοθευμένα

2439 1416 2509 1466 τὰ
2542 1417 2651 1468 τῶν
2682 1416 3020 1470 διδασκάλων
3053 1420 3270 1482 ἐκάλεις
3308 1419 3491 1488 βιϐλία
3516 1436 3530 1452 ο
3563 1421 3652 1474 ὅτε
3688 1422 3792 1473 καὶ
3830 1420 4006 1489 μῶμος

2442 1506 2774 1576 προσετρίϐη
2808 1525 2891 1559 σοι
2921 1508 3096 1576 μέγας
3124 1509 3278 1579 παρὰ
3301 1511 3398 1578 τῆς
3431 1511 3650 1562 συνόδου
3683 1511 3906 1577 ἀπάσης
3932 1509 4008 1560 λέ-

2441 1614 2590 1663 γοντι
2613 1598 2815 1662 οὕτως’
2844 1602 2939 1653 καὶ
2969 1602 3207 1667 μάλιστα
3233 1605 3282 1656 oi
3304 1603 3403 1670 τῆς
3431 1603 3712 1674 ἐνδοτέρας
3735 1605 4007 1673 ﬁguratis:

2441 1688 2732 1756 ἡγούμενοι
2766 1689 3124 1757 ἀκούσαντες,
3158 1693 3242 1744 ὅτι
3275 1695 3343 1746 τά
3375 1692 3482 1745 τῶν
3513 1693 3858 1745 ἀνατολικῶν
3886 1692 4010 1743 διδα-

2440 1781 2654 1834 σκάλων
2679 1781 2858 1850 βιϐλία
2883 1783 3257 1853 διεφθαρμένα
3285 1785 3602 1848 ἀποκαλεῖς,
3628 1783 3849 1852 μεγάλῃ
3872 1786 4006 1851 φωνῇ

769 1870 950 1913 ctores
975 1860 1118 1912 enim
1148 1861 1329 1930 rejicit
1359 1881 1371 1915 :
1416 1871 1467 1914 et
1499 1860 1543 1915 si
1577 1861 1695 1915 suis
1721 1860 1962 1916 Orientis
2014 1858 2337 1914 doctoribus

2447 1871 2737 1941 ἐξεϐόησαν
2759 1890 2773 1902 ·
2803 1875 3089 1943 Αίρετικδς
3113 1874 3268 1936 οὗτός
3297 1876 3442 1928 ἐστιν
3467 1878 3494 1928 ὁ
3520 1876 3835 1944 κατάρατος
3856 1889 3868 1900 ·
3895 1876 4008 1926 αΞω·

769 1949 926 2002 fidem
953 1965 1060 2004 non
1084 1951 1296 2015 tribuit,
1335 1952 1465 2020 quid
1514 1951 1581 2004 de
1636 1953 1842 2006 nostris
1895 1949 2338 2006 Occidentalibus

767 2043 1177 2098 dixerit‘lﬂinc
1223 2046 1593 2100 commotione
1663 2045 1900 2099 excitata
1950 2054 2342 2114 consurgentes

769 2136 904 2190 nihil
937 2136 1084 2191 aliud
1105 2139 1318 2208 egistis.
1357 2139 1611 2193 Proxima
1640 2154 1766 2193 vero
1794 2138 2039 2193 sessione
2083 2152 2209 2190 cum
2263 2135 2341 2188 illi

769 2245 836 2283 cx
865 2231 1046 2299 magni
1080 2232 1268 2303 Cyrilli
1305 2233 1484 2288 verbis
1536 2239 1857 2302 argumenta
1915 2230 2222 2294 duxissent,
2284 2237 2340 2281 tu

767 2323 997 2376 omnino
1024 2333 1273 2379 sanctum
1297 2324 1568 2395 Cyrillum
1602 2326 1814 2394 negasti
1847 2323 1921 2378 ita
1951 2323 2154 2376 dicere.
2201 2320 2339 2376 Cum

770 2428 896 2467 vero
929 2411 1168 2469 Joannes
1191 2415 1554 2482 Epiphaniam
1584 2418 1774 2470 eadem
1801 2430 1923 2485 quae
1971 2413 2206 2484 Cyrillus
2260 2412 2340 2466 di-

771 2516 982 2560 centem
1011 2507 1354 2573 protulisset.
1381 2517 1437 2561 tu
1468 2510 1584 2563 tunc
1628 2507 1749 2575 ipsa
1801 2507 1964 2561 etiam
2035 2506 2342 2559 adulterata

775 2599 1006 2652 vocasti.
1043 2601 1170 2654 Inde
1195 2611 1422 2655 coactus
1469 2599 1756 2669 profunda:
1814 2599 1920 2654 illae
1979 2614 2044 2654 ac
2095 2597 2343 2652 sublimis

769 2689 1056 2758 theologia:
1111 2695 1192 2744 vir
1237 2690 1780 2760 BasiliumMaguum
1846 2690 2027 2744 attulit
2085 2692 2137 2742 in
2204 2689 2342 2742 libro

771 2794 961 2838 contra
985 2786 1310 2840 Eunomium
1338 2786 1643 2840 consimilia
1663 2786 1938 2855 prioribus
1959 2785 2336 2838 disserentem:

773 2889 829 2930 tu
867 2891 994 2931 vero
1027 2878 1114 2932 illa
1167 2892 1386 2947 quoque
1434 2878 1726 2948 depravata
1765 2877 1971 2931 dixisti.
2027 2876 2105 2930 Ita
2173 2874 2341 2928 libros

771 2987 987 3034 omnes,
1011 2971 1104 3039 qui
1139 2970 1390 3039 producti
1417 2980 1564 3035 sunt,
1599 2978 1888 3039 corruptos
1911 2967 2177 3028 vocando,
2207 2966 2342 3019 stul-

773 3061 1020 3114 tissimus
1046 3062 1114 3116 ab
1139 3063 1395 3116 omnibus
1421 3062 1644 3116 habitus
1683 3077 1766 3117 es.
1820 3060 2055 3127 Quando
2108 3058 2342 3114 misistis

2444 1966 2570 2031 νίως
2593 1965 2947 2038 ἁφορισθήτω
2968 1985 2982 2000 ο
3005 1969 3131 2032 τοὺς
3153 1969 3505 2031 διδασκάλους
3528 1967 3636 2041 γάρ
3659 1966 4005 2021 ἀποσείεται·

2444 2061 2540 2113 καὶ
2581 2061 2631 2112 εί
2673 2063 2782 2122 τοῖς
2826 2061 2992 2114 αὑτοῦ
3036 2063 3375 2126 διδασκάλοις
3413 2065 3528 2127 τοῖς
3569 2057 3915 2125 άνατολικοῖς
3954 2060 4007 2112 οὑ

2445 2153 2723 2215 πιστεύει,
2753 2154 2803 2207 τί
2832 2155 2895 2209 ἂν
2926 2156 3066 2209 εἴποι
3099 2159 3229 2224 περὶ
3255 2155 3364 2210 τῶν
3395 2157 3628 2209 δυτικῶν
3654 2173 3716 2209 τε
3751 2156 3853 2207 καὶ
3881 2157 4004 2221 ἡμε-

2442 2246 2621 2313 τέρων
2642 2264 2658 2308 ;
2683 2246 2848 2300 Ὀθεν
2878 2248 3191 2316 συγχύσεως
3221 2251 3521 2320 γενομένης
3553 2249 3822 2318 άνέστητε
3857 2247 4006 2316 μηδὲν

2443 2337 2571 2392 ἄλλο
2596 2338 2925 2406 πράξαντες.
2952 2341 3031 2411 Τῇ
3057 2340 3113 2392 δὲ
3135 2340 3336 2410 ἐφεξῆς
3363 2342 3679 2395 συνελεύσει
3705 2341 3765 2392 ἐν
3790 2341 3904 2400 τοῖς
3927 2336 4007 2388 τοῦ

2445 2431 2682 2497 μεγάλου
2731 2431 2999 2500 Κυρίλλου
3050 2435 3236 2504 ῥητοῖς
3283 2433 3378 2488 τὸν
3425 2433 3584 2500 λόγον
3629 2431 4006 2502 ποιησαμένων

2445 2521 2670 2574 ἐκείνων
2689 2563 2703 2585 ,
2735 2523 3015 2587 παντελῶς
3046 2526 3269 2597 ἠρνήσω
3295 2525 3387 2578 τὸν
3417 2527 3572 2593 amo»,
3599 2525 3746 2579 οὑτω
3771 2525 4007 2591 λέγοντα.

2455 2609 2514 2663 ’0
2545 2611 2604 2668 δὲ
2639 2612 2893 2680 Ἰωάννης
2924 2614 3016 2667 τὸν
3049 2615 3374 2682 Ἐπιφάνιον
3409 2616 3571 2687 ἔφερε
3612 2614 4010 2686 συνηγοροῦντα

2446 2705 2699 2774 Κυρίλλῳ
2732 2723 2744 2735 ·
2800 2707 2894 2758 καὶ
2946 2708 3085 2761 αὑτὰ
3134 2709 3499 2778 νενοθευμένα
3551 2709 3843 2771 ἐκάλεσας.
3894 2704 4013 2762 Εἶτα

2448 2797 2816 2863 ἀναγκασθεὶς
2851 2801 2878 2851 ὁ
2913 2800 3083 2868 βαθὺς
3113 2803 3322 2862 ἐκεῖνος
3359 2803 3454 2855 καὶ
3488 2801 3697 2868 ὑψηλὸς
3733 2801 4009 2867 θεολόγος.

2445 2887 2542 2939 τοῦ
2572 2888 2811 2956 μεγάλου
2842 2888 3124 2944 Βασιλείου
3155 2891 3320 2961 ῥητὸν
3345 2891 3453 2946 ἀπὸ
3474 2890 3583 2944 τῶν
3607 2891 3734 2945 κατ’
3758 2892 4012 2959 Εὑνομξου

2445 2977 2785 3046 προσέφερε,
2819 2981 3154 3050 συνηγοροῦν
3183 2983 3297 3044 τοῖς
3326 2982 3595 3052 πρότερον
3623 2983 3895 3051 ἐνεχθείσι
3913 2997 3925 3012 ο
3957 2981 4012 3030 σὺ

2445 3070 2500 3123 δὲ
2531 3073 2626 3124 καὶ
2649 3071 2812 3126 τοῦτο
2838 3074 3224 3143 νενοθευμένον
3252 3075 3519 3138 ἐκάλεσας
3541 3091 3556 3107 ·
3588 3076 3683 3129 καὶ
3720 3076 3903 3138 πάσας
3927 3076 4014 3136 τὰς

769 3153 932 3206 ctiam
960 3151 1402 3210 Nicomediensis
1429 3155 1681 3224 praesulis
1711 3156 2048 3218 ministrum,
2102 3163 2156 3207 ut
2186 3150 2344 3206 alier-

2449 3166 2872 3236 προενεχθείσας
2901 3168 3117 3237 βίϐλους
3140 3169 3544 3240 διεφθαρμένας
3568 3171 3890 3232 ἀποκαλῶν,
3918 3188 4015 3238 μω-

772 3252 855 3296 ret
889 3245 1137 3298 codicem
1195 3254 1370 3300 sancti
1403 3223 1612 3312 Basilii,
1674 3249 1729 3302 in
1780 3263 1890 3317 quo
1941 3249 2148 3312 dictum
2207 3245 2338 3299 illud

2448 3257 2541 3326 ρία
2572 3259 2865 3327 ἐνομίσθης
2897 3263 3011 3324 τοῖς
3045 3262 3213 3314 πᾶσιν
3239 3278 3253 3292 ·
3284 3265 3372 3315 ὅτε
3405 3265 3503 3315 καὶ
3532 3264 3624 3316 τὸν
3655 3264 4016 3315 ὑποτακτικὸν

773 3335 1005 3388 habetur
1039 3354 1050 3388 :
1081 3336 1192 3390 Cur
1221 3339 1366 3392 enim
1396 3353 1620 3394 necesse
1646 3352 1754 3407 εει,
1787 3348 1894 3395 etc.
1929 3340 2022 3395 lllc
2039 3354 2168 3394 vero
2227 3342 2344 3393 sive

775 3429 979 3483 malitia
1000 3445 1096 3484 sua
1118 3439 1424 3499 permotus,
1452 3433 1568 3488 sive
1602 3434 1762 3488 etiam
1781 3448 1812 3488 a
1837 3435 1993 3489 vobis
2012 3435 2343 3496 admonitus,

773 3520 944 3574 voluit
998 3523 1248 3575 occulere
1306 3523 1583 3577 teritatem
1640 3537 1802 3594 atque
1869 3535 2100 3594 accepto
2156 3527 2346 3580 codice

775 3611 922 3664 venit
985 3612 1049 3665 ad
1101 3611 1392 3667 fenestram
1457 3614 1702 3685 cogitans
1753 3616 1960 3670 dictum
1991 3616 2122 3671 illud
2182 3617 2346 3670 abra-

773 3704 924 3768 dere,
965 3703 1288 3774 signatoqne
1346 3707 1500 3767 folio,
1564 3708 1616 3760 in
1670 3721 1782 3774 quo
1861 3710 2130 3764 sententia
2184 3709 2349 3763 habe-

772 3799 957 3860 batur,
1022 3798 1302 3852 cultellum
1350 3800 1649 3869 quaerebat,
1694 3816 1805 3871 quo
1878 3801 2024 3855 illam
2078 3805 2347 3857 eraderet.

771 3891 840 3944 At
892 3905 1024 3944 vero
1078 3889 1314 3960 Spiritus
1373 3894 1618 3949 veritatis
1671 3909 1779 3948 non
1822 3895 2067 3964 permisit
2112 3896 2165 3950 id
2207 3897 2345 3956 ﬁeri,

774 3998 842 4037 ne
908 3986 1109 4039 veritas
1163 3985 1660 4056 exstingueretnr;
1717 3987 1924 4042 excitat
2002 4003 2135 4056 ergo
2213 3988 2349 4041 ﬂan-

775 4082 882 4126 tem
915 4087 1127 4138 auram,
1167 4089 1260 4142 per
1288 4089 1451 4142 quam
1473 4073 1670 4127 factum
1707 4081 1790 4128 est
1815 4084 1874 4128 ut
1927 4073 2078 4140 folio,
2117 4077 2168 4127 in
2231 4088 2341 4142 quo

772 4164 980 4216 dictum
1007 4164 1204 4228 inerat,
1233 4173 1463 4228 mutato,
1497 4164 1643 4218 aliud
1703 4180 1765 4219 se
1802 4163 2063 4220 offerret:
2124 4164 2213 4218 ille
2266 4165 2350 4218 [ου.

775 4257 993 4310 stinans
1017 4256 1163 4308 aliud
1191 4256 1461 4325 expunxit
1491 4271 1590 4327 pro
1615 4259 1744 4311 alio.
1785 4255 1993 4311 Deinde
2015 4256 2177 4310 celeri
2202 4271 2351 4325 gres-

776 4363 838 4402 su
877 4360 1129 4401 reversus
1153 4347 1220 4399 ad
1244 4347 1511 4416 synodum
1565 4349 1826 4403 audacter
1859 4348 1969 4402 ibat
2023 4348 2088 4402 ad
2124 4349 2351 4403 convin-

776 4439 979 4493 rendos
1008 4437 1253 4492 Latinos.
1285 4438 1355 4493 Ut
1380 4453 1506 4492 vero
1539 4446 1690 4508 pater
1720 4440 1839 4509 ejus
1877 4439 2078 4494 librum
2114 4441 2349 4508 aperuit,

2449 3350 2541 3402 τοῦ
2569 3350 2934 3419 Νικομηδείας
2961 3353 3320 3407 ἀπεστείλατε
3346 3353 3406 3408 τὸ
3433 3352 3640 3423 βιϐλίον
3667 3354 3904 3424 κομίσαι
3930 3353 4013 3404 τεῦ

2450 3443 2599 3512 ἱεροῦ
2632 3443 2937 3510 Βασιλείου,
2967 3445 3029 3497 τὸ
3054 3445 3152 3515 τὴν
3181 3446 3338 3515 ῥῆσιν
3363 3447 3486 3516 ἔχον
3513 3448 3731 3502 τοιάνδε
3753 3467 3770 3480 ο
3801 3449 3894 3510 Τίς
3922 3447 4018 3514 γάρ

2447 3535 2685 3605 ἀνάγκη,
2705 3542 2799 3589 καὶ
2826 3537 2894 3589 τά
2926 3535 3074 3605 ἑξῆς.
3108 3538 3373 3601 Κάκεῖνος
3408 3533 3502 3591 οῦν
3530 3541 3596 3608 τῇ
3633 3540 3814 3609 κακίᾳ
3848 3538 4018 3592 κινού-

2451 3645 2632 3696 μενος,
2657 3628 2690 3696 ἢ
2722 3629 2814 3680 καὶ
2847 3628 2977 3697 παρ’
3005 3628 3161 3696 ὑμῶν
3190 3629 3434 3699 κινηθεὶς
3462 3627 3746 3698 ἠϐουλήθη
3774 3629 3877 3696 τὴν
3905 3629 4020 3694 ἀλή-

2450 3720 2597 3772 θειαν
2627 3720 2836 3789 κρύψαι
2856 3735 2870 3749 °
2901 3721 2996 3773 καὶ
3021 3719 3204 3773 λαϐὼν
3228 3722 3332 3774 ἀνὰ
3357 3723 3541 3789 χεῖρας
3570 3719 3669 3790 τὴν
3701 3719 3914 3788 βίϐλον,
3936 3719 4017 3771 καὶ

2450 3808 2621 3862 ἐλθὼν
2656 3810 2749 3862 ἐπὶ
2780 3811 2838 3862 τὸ
2875 3810 3111 3879 θυρίδιον
3133 3852 3147 3873 ,
3181 3810 3502 3881 ᾠκονόμησε
3535 3810 3596 3864 τὸ
3633 3811 3801 3879 ῥητὸν
3838 3808 4017 3872 itm-5,5-

2452 3918 2566 3954 σαι.
2600 3903 2709 3954 Καὶ
2741 3903 2948 3970 στήσας
2973 3903 3032 3954 τὸ
3058 3901 3258 3970 φύλλον
3283 3901 3311 3954 ὃ
3339 3902 3398 3954 τὸ
3425 3901 3589 3971 ῥητὸν
3613 3897 3789 3970 εἶχεν,
3822 3900 4021 3969 ἀπῆλθε

2450 3989 2636 4042 λαϐεῖν
2668 3991 2728 4043 τὸ
2773 3991 3016 4060 σιδήριον
3049 3991 3142 4043 τοῦ
3187 3991 3486 4060 ἀπαλεῖψαι
3530 3991 3682 4044 αὑτό.
3724 3991 3800 4042 Τὸ
3846 3991 3904 4042 δὲ
3938 3991 4023 4056 τῆς

2451 4079 2713 4148 ἀληθείας
2749 4079 2974 4149 Πνεῦμα
3010 4081 3110 4134 οὑκ
3144 4081 3378 4150 ἠθέλησε
3414 4081 3572 4134 τοῦτο
3608 4083 3909 4148 γενέσθαι,
3947 4083 4022 4131 ἶνα

2455 4171 2532 4241 μὴ
2572 4171 2772 4243 σϐεσθῇ
2811 4175 2843 4241 ή
2884 4173 3142 4244 ἀλήθεια,
3180 4174 3318 4228 ἀλλά
3362 4175 3512 4228 πνέει
3551 4176 3727 4244 ἀέρα,
3763 4177 3791 4228 ὁ
3833 4176 3895 4228 δὲ
3932 4174 4023 4241 ἀὴρ

2451 4265 2642 4333 τρέπει
2671 4265 2732 4317 τὸ
2760 4263 2958 4334 φύλλον
2985 4267 3046 4317 τδ
3074 4265 3237 4335 ῥητὸν
3264 4265 3406 4335 ἕχον,
3437 4267 3530 4318 καὶ
3559 4266 3750 4334 ἕτερον
3776 4266 3992 4337 ἵστησιν
4012 4282 4023 4295 ·

2453 4358 2664 4419 ἐκεῖνος
2690 4359 2758 4427 τῇ
2793 4357 2996 4427 σπουδῇ
3030 4358 3288 4409 ἐκκόπτει
3315 4359 3501 4428 ἕτερον
3529 4357 3648 4410 ἀνθ’
3671 4359 3898 4426 ἑτέρου.
3929 4361 4022 4412 Δα-

2453 4447 2563 4500 ϐὼν
2587 4443 2681 4501 οὖν
2709 4449 2769 4500 τὸ
2799 4447 3027 4516 βιϐλίον,
3060 4450 3156 4502 καὶ
3187 4449 3498 4512 σπουδαίως
3526 4451 3586 4500 ἐν
3611 4451 3678 4518 τῇ
3711 4452 3928 4522 συνόδῳ
3953 4451 4024 4502 ἐλ-

774 4532 1112 4600 etintegram
1144 4531 1471 4586 sententiam
1509 4530 1663 4596 vidit,
1722 4541 1874 4585 torve
1924 4532 1979 4584 in
2038 4531 2345 4585 ministrum

2453 4538 2597 4602 θὼν,
2632 4539 2832 4609 ἦρχετο
2869 4539 3008 4607 μετὰ
3044 4538 3285 4604 θάρσους
3320 4540 3444 4601 τοὺς
3477 4541 3747 4602 Λατίνους
3783 4544 4024 4612 νικῆσαι.

778 4625 1028 4684 intuens,
1062 4637 1173 4676 rem
1207 4624 1696 4688 commonstrabat,
1731 4631 1786 4676 ut
1814 4621 1904 4676 ille
1953 4622 2349 4677 tremebundus

774 4715 1030 4769 clamavit
1061 4731 1078 4771 :
1117 4713 1192 4768 Ita
1216 4714 1368 4775 mihi,
1395 4714 1639 4780 Domine,
1676 4724 1767 4767 tua
1796 4713 1969 4782 prosit
2000 4713 2348 4782 benediCtio;

777 4802 958 4855 derasi
991 4801 1163 4867 illam,
1192 4803 1471 4872 quomodo
1503 4812 1685 4856 autem
1740 4817 1936 4858 rursus
1987 4803 2197 4874 integra
2257 4806 2347 4871 sit,

777 4901 996 4967 ignoro.
1030 4902 1107 4955 lta
1130 4917 1255 4957 cum
1284 4904 1504 4957 inventa
1531 4912 1678 4958 esset
1696 4903 1988 4968 sententia,
2017 4902 2232 4958 confusi
2264 4917 2352 4956 re-

777 4996 1066 5058 cessistis;
1101 5007 1154 5049 et
1182 4995 1292 5064 jam
1322 5011 1432 5050 non
1476 5006 1527 5051 te
1583 4996 1750 5067 pudet
1772 4997 1978 5060 dicere,
2031 4995 2353 5051 Latinorum

779 5085 976 5155 dogma
1010 5087 1105 5140 nhs
1138 5094 1194 5141 te
1226 5086 1662 5142 demonstratum
1697 5102 1819 5142 esse
1844 5087 2189 5142 absurdum?
2219 5085 2355 5139 Eru-

778 5175 1109 5230 bescemlum
1136 5175 1232 5230 tibi
1256 5185 1374 5230 erat
1403 5177 1517 5231 haec
1541 5177 1805 5248 proloqui.
1832 5175 2019 5246 Neque
2039 5178 2186 5230 enim
2218 5177 2356 5232 scrio

780 5270 951 5323 behns
978 5270 1044 5321 ad
1081 5269 1269 5332 rudes,
1304 5270 1384 5322 vel
1418 5286 1471 5323 tn
1507 5272 1759 5338 regiones
1789 5279 1946 5324 terra-
1971 5273 2241 5335 dcsertas,
2262 5270 2353 5324 ubi

779 5376 891 5415 non
928 5369 1138 5425 essent,
1167 5362 1260 5430 qui
1294 5377 1479 5417 rerum
1512 5363 1719 5418 conscii
1748 5363 1802 5417 in
1837 5372 1960 5418 tuas
2004 5363 2216 5418 litteras
2271 5363 2355 5418 in-

777 5453 1046 5508 ciderent.
1082 5452 1363 5522 Siquidem
1395 5454 1528 5508 Acta
1555 5463 1829 5510 testantur
1859 5455 2170 5518 veritatem,
2220 5454 2356 5508 nihil

780 5546 928 5600 aliud
959 5554 1068 5600 ate
1093 5546 1452 5609 clamitatum,
1486 5562 1647 5616 quam
1683 5565 1697 5602 :
1746 5548 2000 5603 Prolatus
2058 5547 2197 5603 liber
2221 5563 2356 5617 apo-

781 5639 1024 5708 cryphus
1057 5648 1160 5695 est.
1187 5637 1550 5695 Profercbant
1587 5641 1778 5712 Cyrilli
1828 5642 2058 5706 dictum,
2118 5640 2358 5695 vocabas

782 5739 1138 5798 corruptum;
1179 5731 1422 5785 citabant
1453 5731 1636 5786 Basilii
1679 5731 2038 5794 sententiam,
2084 5731 2306 5785 dicebas
2341 5749 2352 5783 :

785 5815 1085 5885 Dcpt'avata
1119 5825 1240 5884 cst;
1266 5825 1319 5874 et
1357 5818 1408 5873 in
1446 5818 1548 5874 hoc
1573 5818 1676 5874 sita
1708 5827 1824 5876 erat
1848 5817 2220 5890 responsionis
2254 5828 2357 5872 tua:

2468 4628 2712 4692 ’Δνοίξας
2741 4627 2798 4680 δέ
2827 4629 2888 4680 τὸ
2920 4628 3126 4698 βιϐλίον
3154 4631 3182 4682 ὁ
3217 4631 3400 4695 πατὴρ
3431 4629 3599 4683 αὑτοῦ
3619 4668 3634 4693 ,
3666 4633 3762 4683 καλ⁵
3796 4633 3933 4684 ἰδὼν
3958 4635 4024 4683 ἐτι

2453 4723 2514 4776 ea
2557 4722 2722 4792 ῥητὸν
2756 4723 2907 4789 ὑγιὲς
2951 4721 3218 4792 ὑπάρχον,
3259 4721 3502 4791 στρεϐλῷ
3535 4722 3612 4791 τῷ
3651 4723 3931 4793 ὀφθαλμῷ
3964 4723 4026 4791 τῷ

2453 4811 2805 4881 ὑποτακτικῷ
2859 4811 3163 4881 ἐκϐλέψας,
3214 4813 3523 4866 ἐδείκνυεν·
3575 4813 3635 4876 ὃς
3690 4817 3837 4882 μετά
3892 4817 4026 4876 δέους

2453 4905 2714 4975 ἐϐόησεν·
2758 4904 2854 4967 Εἰς
2899 4903 2999 4973 τὴν
3045 4903 3212 4974 εὐχήν
3257 4922 3378 4968 σου,
3423 4903 3615 4973 Κύριε.
3658 4903 3840 4973 ἔκοψα
3887 4907 4022 4966 αὑτὴ,

2455 4997 2573 5058 πῶς
2611 4996 2668 5048 δὲ
2709 4997 2808 5048 καλ⁶
2847 4995 3014 5048 πάλιν
3049 4995 3200 5063 ὑγιές
3242 4996 3428 5061 ἐστιν,
3461 4995 3675 5063 ἀπορῶ.
3713 4994 3913 5060 Οὕτως
3949 4997 4024 5048 οὑν

2454 5088 2548 5142 τοῦ
2582 5087 2746 5159 ῥητοῦ
2779 5087 2966 5156 ὑγιοῦς
2998 5087 3318 5159 εὑρεθέντος
3349 5087 3735 5157 άνεχωρήσατε
3767 5106 3780 5119 ·
3814 5093 3918 5141 καὶ
3947 5088 4024 5141 νῦν

2455 5177 2555 5230 οὑκ
2585 5178 2813 5248 αἰσχύνῃ
2842 5177 3017 5244 λέγων
3038 5217 3053 5240 ,
3087 5178 3169 5230 ὅτι
3199 5177 3432 5245 ἦλεγξας
3465 5177 3524 5229 τὸ
3556 5177 3767 5231 ἄτοπον
3797 5179 3902 5248 τῆς
3934 5179 4025 5231 τῶν

2456 5269 2701 5322 Λατίνων
2730 5269 2925 5337 δόξηςς
2957 5269 3105 5321 Ἔδει
3136 5267 3227 5322 οὖν
3261 5286 3319 5320 σε
3353 5267 3707 5337 αἰσχύνεσθαι
3741 5269 3920 5322 ταῦτα
3951 5271 4024 5321 λέ-

2457 5377 2624 5427 γοντα
2644 5375 2658 5390 ·
2689 5360 2749 5412 οὑ
2779 5360 2889 5430 γάρ
2919 5360 3057 5430 πρὸς
3089 5361 3320 5428 ἀμαθεῖς
3346 5361 3378 5428 ἢ
3413 5364 3491 5422 είς
3517 5362 3616 5428 τὴν
3645 5362 3838 5414 άοικον
3865 5362 4025 5416 ταῦτα

2459 5450 2800 5513 ἐπέστελλες,
2830 5452 2976 5513 ὅπως
3009 5451 3086 5520 μὴ
3114 5449 3379 5520 ἐντύχωσι
3405 5452 3519 5513 τοῖς
3547 5451 3718 5503 εἰδόσι
3746 5469 3760 5482 ⁸
3790 5452 3862 5505 τά
3893 5456 4024 5521 Πρι-

2460 5543 2622 5595 κτικὲι
2655 5542 2764 5610 γὰρ
2797 5541 3103 5595 δεικνύουσι
3135 5542 3234 5607 τὴν
3266 5541 3564 5611 ἀλήθειαν,
3602 5542 3684 5594 ὅτι
3725 5544 3883 5596 οἰδὲν
3915 5544 4025 5598 ἄλλο

2461 5634 2651 5700 ἐϐόας,
2692 5635 2725 5704 ἢ
2768 5633 3112 5702 Ἀπόκρυφόν
3153 5635 3271 5686 ἐστι
3309 5633 3370 5686 τὸ
3399 5634 3779 5702 προκομισθέν
3820 5636 4022 5705 βιϐλίον.

2465 5725 2701 5794 Ἔφερον
2728 5723 2822 5776 τοῦ
2853 5725 3120 5792 Κυρίλλου
3152 5722 3336 5794 ῥητὸν,
3359 5723 3764 5793 διεφθαρμένον
3792 5725 4019 5782 ἐκάλεις·

2463 5817 2714 5886 ἐκόμιζον
2746 5817 2839 5870 τοῦ
2879 5816 3179 5882 Βκσιλείου,
3211 5815 3600 5884 νενοθευμένον
3631 5818 3900 5889 ὑπάρχειν
3930 5818 4023 5870 εἰ.
