4164 6426
206 400 338 465 10m

1260 403 1703 463 REFUTATIO
1742 406 1985 465 MARCI
2028 406 2416 469 EPIIESINI.

3305 407 3436 469 1050

199 538 322 591 γες⁸
368 523 459 575 καὶ
499 522 654 577 τοῦτο
698 522 861 593 μόνον
901 522 1118 592 ὑπῆρχέ
1163 541 1245 576 σοι
1286 524 1348 576 τὸ
1390 524 1639 591 γενναῖον
1676 522 1770 575 τοῦ

1879 524 2215 594 praestantia.
2245 523 2459 580 Deinde
2485 522 2592 577 illis
2624 522 2957 589 dicentibus,
2995 530 3054 575 ut
3104 537 3288 578 verum
3329 540 3358 578 a
3398 535 3450 577 te

196 615 373 681 λόγου.
423 608 555 666 Εἶτα
603 614 866 667 εἰπόντων
914 614 1164 679 ἐκείνων,
1216 615 1275 666 σὲ
1332 614 1665 683 προκομίσαι
1712 614 1772 666 τὸ

199 704 390 773 ἀληθὲς
411 745 426 768 ,
462 704 804 774 προθεσμίαν
836 703 1047 772 ἐζήτεις
1078 705 1332 757 ἀπελθεῖν
1363 706 1439 765 εἰς
1476 705 1770 757 Κωνσταν-

196 795 497 848 τινούπολιν
530 796 623 847 καὶ
654 795 859 862 εὑρεῖν.
894 793 1130 847 Τοιαῦτα
1164 812 1257 847 σου
1290 797 1359 847 τὰ
1395 796 1621 863 γενναῖα
1662 797 1760 865 ῥή-

199 905 336 957 ματα
373 890 463 940 καὶ
495 890 528 958 ἡ
561 888 655 941 τοῦ
718 887 879 955 λόγου
942 889 1114 957 lexin,
1182 888 1328 958 ἅπερ
1386 886 1472 939 ἐπ’
1506 888 1769 957 ἀληθείας

1879 614 2248 684 proferretur,
2286 614 2577 684 quaerebas
2606 614 2843 682 spatium
2869 611 3032 667 eundi
3060 611 3453 666 Constantino-

1878 708 2044 777 polim
2080 706 2147 759 ad
2183 705 2594 761 inveniendum.
2631 702 2755 757 Haec
2780 712 2939 757 erant
2963 703 3181 773 egregia
3215 710 3303 754 tua
3334 718 3455 755 ver—

1878 801 1967 864 ba,
1992 811 2045 855 et
2068 800 2234 854 robur
2268 802 2345 854 tni
2370 800 2665 863 sermonis,
2698 812 2819 866 qua:
2872 797 3115 863 profecto
3169 812 3453 852 recensere

1880 892 2101 961 pudeat.
2132 890 2311 959 Quare
2338 892 2404 947 de
2432 892 2535 947 hoc
2564 890 2720 947 satis.

194 979 416 1049 αίσχύνη
438 980 583 1033 ἐστὶν
610 978 977 1046 ἀπαγγέλλειν
1046 979 1204 1033 αὑτά.
1246 977 1345 1031 Διά
1443 978 1605 1031 τοῦτο
1654 977 1774 1041 ἀλις
1819 977 1877 1032 ἐν
1915 981 2149 1046 τούτοις.

869 1074 1075 1128 ΕΦΕΣ.

264 1167 472 1222 ¹’Δλλων
501 1178 611 1237 γαρ
641 1167 777 1222 ἀλλα
811 1168 991 1238 ῥητῶν
1024 1168 1165 1237 ρητά
1195 1167 1595 1237 διαδεχομένων
1616 1208 1633 1232 ,
1666 1166 1761 1219 καὶ

192 1261 348 1328 λόγου
378 1260 535 1328 λόγον
562 1259 881 1327 γεννῶντος,
912 1258 986 1321 ὡς
1020 1259 1078 1312 ἐν
1105 1258 1373 1322 τοιούτοις
1407 1258 1576 1322 είκὸς,
1608 1256 1762 1311 οὐδέν

190 1371 239 1405 τι
274 1353 474 1421 μᾶλλον
503 1353 537 1421 ἡ
568 1348 797 1420 ἀλήθεια
827 1350 926 1420 τὴν
956 1351 1155 1418 ἑαυτῆς
1187 1349 1343 1419 ίσχὺν
1371 1349 1723 1402 ἐπεδείκνυτο
1747 1389 1761 1412 ,

190 1444 322 1497 πολὺ
356 1445 416 1497 τὸ
461 1445 632 1513 μέλαν
665 1426 941 1513 ἐμούντων
976 1442 1201 1495 ἐκείνων
1237 1443 1343 1511 πρὸ
1384 1442 1594 1495 ἑαυτῶν
1616 1480 1631 1507 ,
1668 1441 1764 1493 καὶ

187 1540 305 1601 ταῖς
336 1537 724 1607 μακρολογίαις
755 1536 926 1606 αὐτὴν
959 1534 1412 1600 ἐπισκιαζόντων.

871 1629 1078 1683 ΑΠΟΛ.

258 1723 478 1791 Ἐπειδὴ
504 1724 583 1787 ιιιάς
597 1722 692 1776 τοῦ
725 1720 962 1791 μεγάλου
990 1719 1311 1774 Ἀθανασίου
1341 1722 1482 1793 ῥητά
1509 1719 1767 1791 διεφθαρ-

192 1818 330 1885 μένα
361 1816 546 1883 ἐλεγες
566 1857 583 1883 ,
613 1816 829 1885 ἀνάγκη
858 1810 925 1885 ἦν
957 1815 1098 1885 ῥητά
1130 1814 1333 1883 ἐτέρων
1362 1815 1536 1882 ἁγίων
1568 1830 1763 1883 προκο-

2536 1075 2782 1131 EPHES.

1939 1167 2077 1223 Aliis
2108 1167 2253 1223 enim
2292 1168 2398 1224 alia
2419 1168 2585 1223 dictis
2615 1169 2759 1224 dicta
2792 1165 3222 1238 excipientibus,
3250 1173 3305 1221 et
3334 1181 3452 1221 scr-

1866 1275 2027 1314 mone
2062 1276 2370 1316 sermonem
2390 1263 2659 1333 pariente,
2698 1269 2755 1315 ut
2788 1263 2842 1315 in
2866 1261 3022 1315 hisce
3060 1258 3298 1323 assolet,
3344 1276 3453 1313 non

1874 1353 2157 1407 sinebatur
2199 1355 2398 1410 veritas
2420 1370 2549 1410 suas
2583 1356 2727 1409 vires
2748 1354 3059 1417 ostendere,
3096 1351 3324 1406 multum
3349 1350 3455 1405 illis

1866 1455 2233 1500 atramentum
2288 1460 2398 1515 prae
2464 1462 2522 1501 se
2573 1445 3008 1511 on‘undentibus,
3097 1454 3154 1500 et
3231 1443 3455 1513 prolixis

1861 1537 2214 1593 sermonibus
2268 1550 2390 1591 eam
2457 1536 2878 1593 oﬂ‘uscantibus.

2527 1629 2724 1685 RESP.

1934 1722 2385 1792 Quandoquidem
2413 1723 2701 1778 Athanasii
2736 1721 2913 1791 Magni
2964 1721 3131 1775 verba
3188 1727 3453 1787 corrupta

1869 1815 2116 1879 dicebas,
2151 1815 2429 1871 afferenda
2480 1815 2576 1869 tibi
2625 1822 2787 1869 erant
2840 1813 3155 1868 necessario
3220 1811 3451 1865 aliorum

192 1882 378 1977 μέσαι,
406 1882 501 1962 καὶ
538 1882 844 1979 προέφερον
993 1882 1315 1975 Ἐπιφανίου
1341 1925 1399 1961 τε
1429 1908 1527 1959 καὶ
1559 1906 1763 1975 Κυρίλ-

1876 1919 2183 1962 sanctorum
2214 1908 2379 1973 dicta,
2410 1916 2465 1961 et
2497 1908 2661 1962 allata
2683 1914 2813 1961 sunt
2842 1921 2908 1961 ex
2938 1904 3240 1974 Epiphanio
3272 1912 3327 1957 et
3350 1902 3456 1972 Cy-

190 1998 277 2051 λου
295 2016 308 2029 ·
335 2000 429 2052 καὶ⁵
447 2000 583 2054 αὐτὰ
601 1999 915 2070 ἀπόκρυφα,
931 1998 1187 2067 ἀγνωστά
1204 2015 1260 2051 τε
1283 1998 1376 2051 καὶ
1395 1995 1764 2065 διεφθαρμένα

192 2092 428 2156 ἐκάλεις.
455 2092 620 2147 Ὅθεν
646 2095 674 2147 ό
704 2093 863 2161 λόγος
889 2094 982 2145 τὸν
1009 2092 1179 2160 λόγον.
1197 2090 1402 2159 γεννῶν
1422 2128 1437 2152 ,
1466 2089 1541 2150 ὡς
1572 2086 1765 2140 είωθεν

189 2187 281 2238 ἐπὶ
312 2186 520 2249 τούτοις
555 2187 641 2239 ἀεὶ
675 2186 961 2255 γίγνεσθαι
982 2224 998 2247 ,
1030 2185 1228 2255 ἐχώρει
1260 2185 1339 2247 είς
1373 2183 1620 2250 ἄπειρον.
1655 2181 1766 2233 Καὶ

191 2276 283 2329 σοῦ
333 2276 431 2345 μὲν
465 2277 522 2330 ἓν
557 2278 651 2329 καὶ
695 2278 945 2345 γενναῖον
980 2271 1049 2347 ἦν
1082 2276 1169 2328 ἀεὶ
1212 2275 1496 2343 λέγοντος,
1531 2275 1613 2327 ὅτι
1654 2273 1763 2326 διε-

190 2368 503 2437 φθαρμένον
547 2367 731 2433 τοῦτο,
782 2368 1165 2438 νενοθευμένυν
1217 2369 1436 2421 ἐκεῖνο*
1485 2367 1766 2434 ἄγνωστον

187 2460 371 2526 τοῦτο,
420 2460 741 2530 ἀπόκρυφον
793 2461 975 2515 τᾶλλο.
1027 2464 1091 2515 Ol.
1136 2462 1193 2514 δέ
1243 2461 1762 2531 προσδιαλεγόμενοι

189 2552 299 2605 τῶν
327 2552 573 2607 Λατίνων
601 2552 971 2623 ἠγανάκτουν,
1002 2554 1098 2607 καὶ
1129 2555 1505 2623 θαυμάζοντες
1538 2552 1722 2619 ἔλεγον
1748 2568 1762 2581 ⁸

189 2643 448 2712 Λίδέσιμε
480 2643 657 2713 πάτερ
688 2644 939 2711 Ἑφέσου,
971 2646 1135 2714 ἡμεῖς
1168 2644 1265 2714 μὲν
1300 2647 1402 2698 ὅσα
1432 2645 1538 2697 τῶν
1568 2644 1767 2711 ὑμετέ-

194 2753 302 2802 ρων
329 2735 502 2801 ἁγίων
534 2736 716 2805 βιῦλία
745 2734 1018 2803 δείξομεν,
1049 2736 1147 2789 ὅλα
1174 2737 1555 2807 διεφθαρμένα
1585 2735 1768 2802 λέγεις

188 2828 223 2881 ἃ
253 2828 543 2898 Ἑλληνικά
571 2830 731 2881 εἰσιν.
761 2828 825 2883 Εί
854 2828 954 2897 μὲν
979 2823 1072 2881 οὖν
1102 2829 1168 2881 τὰ
1196 2827 1482 2900 Ἑλληνικὰ
1509 2828 1767 2896 διεφθαρ-

1871 2001 2013 2053 rillo.
2057 1999 2138 2053 Tu
2176 2016 2306 2054 vero
2332 2001 2425 2055 illa
2456 2001 2619 2054 ctiam
2658 1999 2993 2069 apocrypha,
3042 1996 3228 2065 ignota
3282 2004 3336 2049 et
3376 1995 3453 2047 vi-

1869 2093 2004 2148 tiata
2023 2092 2275 2146 vocabas.
2296 2092 2642 2161 Quapropter
2663 2106 2846 2146 sermo
2868 2103 3179 2145 sermonem
3207 2086 3452 2157 pariens.

1867 2198 1925 2242 ut
1964 2202 2182 2255 semper
2220 2186 2271 2239 in
2308 2183 2687 2254 hujuscemodi
2728 2183 2894 2237 rebus
2918 2183 3146 2245 assolet,
3212 2180 3265 2233 in
3328 2178 3454 2232 inli-

1868 2281 2039 2334 nitum
2073 2277 2522 2347 protrahebatur.
2554 2275 2617 2329 Et
2648 2283 2702 2328 tu
2734 2273 2954 2342 quidem
3004 2286 3172 2325 unum
3232 2283 3451 2337 semper

1869 2386 1923 2429 et
1960 2371 2286 2442 praclarum
2313 2368 2535 2424 assidue
2560 2368 2858 2438 repetebas
2891 2385 2906 2421 :
2968 2365 3083 2419 l'loc
3116 2374 3201 2419 est
3259 2376 3456 2416 corru-

1868 2476 2042 2534 ptum,
2075 2463 2611 2531 illutltdepravatum,
2641 2461 2883 2529 ignotum
2922 2460 3045 2519 hoc,
3080 2456 3455 2527 .pocryphnm

1868 2555 2023 2611 illud.
2049 2553 2128 2608 Ex
2164 2554 2371 2609 Latinis
2398 2568 2528 2608 vero
2553 2554 2645 2622 qui
2674 2562 2855 2607 tecum
2909 2549 3288 2618 disputabant.
3340 2553 3454 2599 sto-

1868 2649 2283 2713 machahantur,
2306 2654 2359 2700 et
2384 2643 2713 2709 mirabundi,
2748 2639 3065 2695 Reverende
3085 2637 3243 2692 Pater
3272 2633 3453 2704 Ephe-

1867 2741 2009 2805 sine,
2042 2740 2278 2803 aiebant,
2320 2751 2676 2807 quoscunque
2738 2748 2839 2787 nos
2896 2738 3213 2786 sanctorum
3242 2736 3456 2780 vestro-

1872 2847 1993 2886 rum
2026 2831 2197 2885 libros
2224 2829 2449 2885 Graecos
2482 2826 2914 2889 ostenderimus,
2972 2832 3028 2878 tu
3058 2833 3225 2875 vocas
3249 2832 3450 2871 corru-

194 2926 331 2993 μένα
371 2926 468 2978 καὶ
503 2925 628 2977 νόθα
669 2924 796 2989 είσὶ,
833 2924 1099 2977 Λατινικά
1136 2924 1191 2975 δὲ
1232 2925 1392 2993 ἡμεῖς
1430 2924 1491 2975 οὐ
1536 2922 1767 2989 θέλομεν

1876 2930 2037 2993 ptos;
2072 2921 2119 2975 si
2146 2935 2277 2990 ergo
2308 2919 2485 2975 Graeci
2530 2917 2749 2973 codices
2787 2913 3033 2983 corrupti
3064 2920 3119 2967 et
3161 2907 3459 2964 adulterini

192 3017 460 3079 ἐπιδεῖξαι
493 3015 583 3068 διὰ
612 3016 675 3069 τὸ
706 3014 1054 3080 ἀνύποπτον,
1088 3015 1253 3068 πόθεν
1290 3015 1636 3084 ἐπιδείξομεν
1669 3016 1767 3086 τὴν

1876 3023 2025 3075 sunt,
2078 3013 2301 3066 Latinos
2354 3028 2483 3065 vero
2508 3025 2608 3064 nos
2649 3007 2899 3079 proferre
2931 3006 3300 3067 nolumus,ut
3340 3017 3456 3055 om-

194 3108 477 3176 ἀλήθειαν,
510 3107 597 3160 ἵνα
630 3107 694 3160 σὺ
728 3108 1099 3176 πιστωθείης;
1131 3108 1314 3171 Δεῖξον
1347 3108 1435 3172 σὺ,
1470 3108 1652 3177 Πάτερ
1682 3109 1768 3161 αί-

1876 3108 1957 3162 nis
1982 3106 2122 3161 absit
2151 3103 2418 3173 suspicio,
2440 3100 2583 3155 unde
2617 3100 2899 3154 veritatem
2922 3095 3449 3156 demonstrabimus.

190 3197 405 3265 δίσιμε,
434 3196 531 3266 τὴν
562 3196 848 3267 ἀλήθειαν.
881 3196 983 3250 Σοῦ
1015 3196 1069 3250 δὲ
1098 3197 1225 3252 ἀλλο
1251 3215 1301 3250 τι
1334 3198 1409 3266 μὴ
1440 3197 1655 3268 ἔχοντος
1684 3199 1768 3253 λέ-

1876 3209 1935 3253 ut
1971 3198 2132 3252 fidem
2157 3198 2257 3250 tibi
2280 3195 2551 3249 faciamus
2583 3193 2605 3245 ?
2633 3192 2875 3247 Ostende
2905 3199 2987 3255 tu,
3015 3186 3315 3244 reverende
3352 3184 3455 3239 Pa—

191 3308 311 3358 γειν
335 3332 351 3355 ,
383 3290 416 3360 ἦ
448 3292 529 3344 ὅτι
558 3291 935 3361 διεφθαρμένα
966 3291 1063 3346 καὶ
1094 3292 1223 3344 νόθα
1254 3291 1395 3344 εἰσὶν
1414 3331 1430 3355 ,
1457 3292 1674 3362 ἀνάγκη
1703 3289 1770 3363 ἦν

1878 3302 1980 3358 ter,
2006 3292 2313 3346 veritatem.
2341 3288 2421 3344 Te
2478 3299 2659 3342 autem
2684 3286 2819 3341 nihil
2872 3284 3023 3338 aliud
3068 3279 3456 3351 respondente,

191 3385 435 3444 ἐκείνους
477 3384 565 3436 διά
606 3384 716 3437 τῶν
756 3384 1041 3453 ἑπομένων
1084 3384 1176 3438 τοῦ
1221 3384 1544 3437 διδασκάλου
1592 3384 1770 3454 ῥητῶν

1883 3402 2048 3457 quam
2080 3387 2200 3440 loca
2238 3391 2497 3453 corrupta
2546 3394 2598 3436 et
2652 3379 2963 3434 adulterina
3020 3390 3169 3438 esse,
3230 3384 3460 3427 necesse

193 3476 535 3546 συμὸιόάσαι
565 3478 658 3529 τὸν
688 3476 834 3542 νοῦν,
866 3476 960 3530 καὶ
994 3476 1239 3546 μακροὺς
1269 3478 1550 3530 ἀποτεῖναι
1579 3478 1770 3545 λόγους

1878 3488 1997 3535 erat
2030 3477 2258 3532 Latinos
2282 3492 2376 3546 per
2402 3473 2693 3544 sequentia
2718 3470 2887 3526 verba
2948 3467 3190 3521 doctoris
3238 3477 3458 3518 sensum

192 3569 272 3629 είς
301 3566 584 3631 ἀπόδειξιν
612 3567 704 3619 καὶ
735 3566 997 3637 ἐξήγησιν
1027 3564 1121 3618 τοῦ
1156 3566 1344 3636 ῥητοῦ.
1374 3567 1560 3620 Μελαν
1587 3567 1644 3619 δὲ
1671 3568 1770 3621 οὐκ

1882 3575 2250 3628 cohaerentem
2274 3569 2584 3631 ostendere,
2612 3575 2667 3620 et
2690 3567 2883 3634 longos
2917 3574 3105 3617 texere
3169 3569 3459 3614 sermones

192 3661 462 3730 ὲξέμεσαν
489 3663 548 3713 ὲν
574 3664 694 3725 ταῖς
728 3664 939 3715 ἑαυτῶν
967 3662 1325 3730 ἀποκρίσεσιν
1351 3664 1399 3715 οἱ
1428 3664 1648 3717 Λατῖνοι
1674 3666 1770 3735 τὴν

1876 3664 1938 3718 ad
1954 3662 2443 3717 demonstrandum
2465 3666 2521 3713 et
2538 3654 2940 3724 explanandum
2962 3650 3203 3705 auctoris
3226 3649 3455 3701 dictum.

192 3754 456 3823 ἀλήθειαν
480 3754 831 3823 ἐρευνῶντες,
858 3754 974 3805 ἀλλ’
999 3754 1030 3824 ἢ
1062 3755 1127 3807 σὺ
1160 3754 1390 3808 πάντοτε
1419 3756 1540 3824 μεθ’
1565 3755 1770 3826 ὕϐρεως

1876 3754 2091 3809 Nullum
2118 3769 2284 3823 porro
2344 3762 2711 3806 atramentum
2738 3760 3033 3800 evomuere
3056 3741 3238 3797 Latini
3264 3743 3319 3794 in
3343 3739 3461 3794 suis

191 3843 368 3910 λέγων
394 3843 488 3895 καὶ
513 3843 766 3912 γράφων,
793 3843 889 3896 καὶ
910 3844 1003 3896 τὸν
1030 3842 1106 3895 ίδν
1131 3844 1189 3896 ἐν
1213 3848 1322 3909 τοῖς
1350 3846 1584 3917 χείλεσιν
1610 3847 1770 3917 ἔχων,

1876 3849 2349 3921 responsionibus,
2398 3860 2524 3900 cum
2573 3842 2862 3898 veritatem
2917 3838 3283 3905 indagarent;
3343 3833 3455 3887 imo

191 3934 316 3987 ὅθεν
344 3935 439 3987 καὶ
469 3933 851 4005 κατεγνώσθης
881 3935 957 3998 ὡς
984 3935 1354 4007 δεισιδαίμων.

1876 3958 2005 3999 vero
2038 3954 2117 4008 tu,
2139 3943 2235 4012 qui
2260 3954 2478 4009 semper
2498 3948 2554 3993 et
2584 3933 2863 4006 loquendo
2884 3943 2938 3987 et
2969 3929 3263 3985 scribendo
3316 3941 3450 3981 con—

192 4026 454 4081 tumelias
479 4027 640 4094 jacis,
673 4036 725 4081 et
752 4027 903 4081 labra
935 4042 1143 4082 veneno
1187 4028 1408 4097 perfusa
1445 4029 1612 4086 habes
1640 4070 1655 4095 ,
1694 4046 1758 4087 ex

1880 4048 1912 4089 ο
1939 4036 2110 4089 etiam
2139 4034 2543 4089 condemnatus
2590 4047 2651 4088 es
2709 4039 2768 4085 ut
2824 4022 3315 4097 superstitionibus
3360 4021 3461 4076 im-

193 4122 388 4175 butus.

2541 4210 2785 4268 EPHES.

267 4312 467 4379 Ἀχρις
499 4309 559 4360 οὗ
596 4306 757 4361 πάλιν
788 4307 1211 4379 ἀπαγορεύσας,
1250 4312 1355 4364 υπό
1388 4329 1443 4365 τε
1475 4312 1574 4381 τῆς
1611 4313 1770 4381 συνή-

1945 4309 2129 4363 Donec
2158 4309 2352 4361 iterum
2377 4319 2472 4375 spe
2497 4313 2549 4359 et
2583 4303 2790 4357 viribus
2821 4299 3143 4365 destitutus,
3196 4304 3308 4351 tum
3332 4293 3461 4364 quia

192 4402 321 4465 θους
380 4401 768 4471 ἐνοχλούμενος
823 4401 1135 4467 ἀσθενείας,
1185 4404 1281 4457 καὶ
1333 4404 1394 4457 τὸ
1443 4405 1552 4457 τῶν
1601 4404 1770 4472 λόγων

1877 4409 2149 4457 consueto
2189 4398 2473 4467 aﬂligebar
2502 4395 2718 4458 morbo,
2755 4402 2868 4447 tum
2902 4393 3033 4462 quia
3063 4388 3249 4444 inania
3304 4386 3461 4441 fundi

893 4216 1086 4272 ΕΦΕΣ.

190 4492 447 4562 ἄκαρπον
476 4490 758 4561 καθορῶν,
787 4491 1052 4544 ἀπέτεινα
1082 4493 1243 4561 λόγον
1270 4493 1356 4547 διὰ
1391 4493 1605 4566 μακροῦ
1639 4496 1777 4563 πρὸς

191 4580 395 4640 αὐτοὺς
444 4578 570 4630 ὅσον
622 4578 847 4647 ἴσχυον·
901 4580 958 4630 ὲν
1110 4583 1443 4652 μαρτυρίαις
1498 4584 1778 4647 πλείσταις

193 4670 617 4742 ἀναντιρῤήτοις
662 4671 983 4741 παρέστησα
1016 4672 1114 4744 τὴν
1150 4673 1409 4743 ἀλήθειαν
1443 4677 1538 4730 τοῦ
1580 4679 1778 4746 ἡμετέ-

192 4778 289 4829 ρου
321 4762 636 4830 δόγματος,
666 4763 857 4832 ὅτιπερ
888 4766 949 4817 ἐκ
980 4765 1144 4835 μόνου
1173 4765 1265 4819 τοῦ
1301 4768 1542 4838 Πατρὸς,
1574 4770 1693 4838 οὐχὶ
1721 4770 1777 4823 δὲ

190 4854 285 4907 καὶ
312 4856 377 4906 ἐκ
410 4853 503 4907 τοῦ
536 4853 690 4921 Υίοῦ,
725 4855 785 4909 τὸ
804 4856 1028 4925 Πνεῦμα
1049 4857 1110 4911 τὸ
1140 4860 1295 4927 ἆγιον
1325 4860 1708 4933 ἐκπορεύεται.

884 4952 1063 5004 ΛΠΟΛ
1076 4988 1092 5005 .

273 5043 695 5113 ’Δπηγόρευσας
744 5044 842 5114 μὲν
889 5046 1126 5115 ἀληθῶς,
1161 5046 1321 5115 ἔφης,
1355 5048 1429 5115 μὴ
1479 5046 1781 5118 δυνάμενος

189 5136 307 5197 τοῖς
372 5135 647 5201 γενναίοις
719 5135 816 5189 τοῦ
892 5137 1006 5207 φρά
1086 5137 1336 5190 Ἰωάννου
1393 5138 1780 5206 συλλογισμοῖς

190 5227 529 5295 ἀντιλέγειν,
572 5229 661 5282 ὅτε
689 5245 773 5282 σοι
799 5228 859 5282 τὺ
891 5228 984 5283 τοῦ
1012 5231 1257 5299 μεγάλου
1291 5231 1579 5286 Βασιλείου
1613 5234 1778 5304 ῥητὸν

192 5322 335 5383 μετά
393 5320 781 5391 συλλογισμῶν
826 5321 1142 5392 ἀντηρώτα,
1184 5323 1247 5375 τὸ
1296 5324 1493 5391 λέγον
1546 5326 1619 5379 Οὐ
1669 5326 1775 5395 γάρ

188 5429 313 5465 τινα
342 5412 701 5483 λαμῦάνομεν
729 5415 881 5483 παρά
912 5414 1006 5467 τοῦ
1039 5415 1378 5485 Πνεύματος,
1400 5415 1589 5488 ῶσπερ
1626 5420 1779 5488 παρά

189 5504 284 5557 τοῦ
334 5504 468 5557 Υίοῦ
513 5510 574 5557 τὸ
624 5505 868 5576 Πνεῦμα.
913 5508 1000 5560 Ἐν
1047 5508 1223 5578 τούτῳ
1258 5510 1363 5579 γὰρ
1410 5511 1490 5579 τῷ
1538 5512 1689 5582 ρητῷ
1720 5530 1778 5565 σε

190 5596 399 5663 ἔδειξεν
441 5599 667 5663 ἀπειρον
715 5599 999 5668 θεολογίας
1028 5603 1130 5671 τῆς
1175 5603 1354 5673 ίερᾶς’
1407 5606 1496 5657 ὅτε
1560 5604 1654 5657 καὶ
1702 5605 1778 5667 ὡς

190 5692 478 5761 ἀκροατήν
515 5710 575 5745 σε
606 5693 875 5760 ἐδίδασκε,
907 5694 1025 5759 πῶς
1065 5695 1147 5747 δεῖ
1192 5698 1333 5749 νοεῖν
1366 5697 1465 5765 τὴν
1512 5697 1781 5767 ἐκπόρευ-

194 5800 280 5834 σιν
315 5783 414 5835 τοῦ
448 5784 719 5851 παναγίου
747 5784 1065 5855 Πνεύματος
1089 5803 1103 5817 ’
1139 5787 1451 5857 κατόπτρου
1482 5790 1590 5858 γὰρ
1622 5790 1779 5858 δίκην

194 5872 261 5924 τὰ
300 5872 591 5942 Πρακτικά
626 5875 731 5929 εισι
763 5875 1149 5946 μαρτυροῦντα
1192 5876 1248 5930 τὸ
1292 5876 1527 5948 ἀληθές·
1569 5881 1626 5933 οὐ
1667 5882 1771 5951 γὰρ

1881 4496 2045 4549 verba
2078 4492 2356 4556 videbam,
2397 4500 2709 4545 sermonem
2747 4485 2813 4539 ad
2846 4500 2943 4538 eos
2977 4482 3141 4538 habui
3173 4495 3335 4549 quam
3371 4495 3465 4548 po-

1884 4589 1958 4642 tui
1983 4584 2365 4655 longissimum
2395 4598 2412 4649 ;
2444 4596 2554 4651 quo
2586 4579 2839 4651 plurimis
2867 4575 3339 4645 irrefragabilibus
3387 4582 3465 4627 te-

1880 4679 2156 4736 stimoniis
2180 4675 2372 4746 aperui
2400 4674 2571 4728 nostri
2596 4670 2866 4741 dogmatis
2888 4669 3197 4733 veritatem,
3224 4681 3333 4735 quo
3356 4665 3465 4719 sci-

1885 4773 2014 4827 licet
2040 4786 2109 4825 ει
2137 4769 2255 4825 solo
2281 4766 2465 4831 Patre,
2496 4779 2605 4819 non
2631 4764 2797 4819 etiam
2831 4778 2897 4817 ex
2935 4761 3093 4826 Filio,
3135 4758 3467 4830 procedebat

1887 4865 2121 4937 Spiritus
2153 4871 2400 4919 sanctus.

2586 4949 2786 5005 RESP.

1964 5048 2160 5103 Verum
2200 5056 2285 5101 est
2331 5046 2478 5113 quod
2528 5043 2633 5108 ais,
2683 5040 2853 5096 fuisse
2894 5049 2945 5095 te
2974 5054 3068 5110 spe
3097 5038 3461 5094 destitutum:

1885 5146 2015 5214 quia
2063 5151 2257 5197 contra
2292 5138 2505 5194 validos
2538 5138 2727 5192 fratris
2756 5136 2984 5191 Joannis
3015 5134 3361 5205 syllogismos
3384 5131 3466 5185 di-

1889 5252 2011 5291 cere
2057 5250 2165 5289 non
2209 5234 2430 5287 valebas
2472 5229 2741 5300 ;quando
2777 5238 2827 5282 te
2857 5244 2951 5298 per
2985 5227 3334 5297 syllogismos
3381 5224 3465 5277 vi-

1883 5326 2073 5381 cissim
2120 5324 2506 5393 interrOgabat
2554 5322 2623 5375 de
2666 5320 2759 5373 illo
2806 5317 2990 5387 magni
3034 5316 3219 5370 Basilii
3266 5314 3460 5369 dicto:

1883 5418 2072 5488 Neque
2120 5418 2265 5472 enim
2320 5415 2622 5485 accipimus
2658 5428 2686 5465 a
2735 5411 2943 5481 Spiritu
3000 5410 3202 5479 aliqua,
3256 5409 3399 5463 sicut
3429 5424 3459 5461 a

1886 5511 2025 5565 Filio
2069 5510 2332 5581 Spiritus.
2372 5508 2431 5562 In
2474 5522 2581 5576 qua
2614 5516 2665 5562 te
2695 5506 2967 5562 sententia
3017 5504 3255 5559 ostendit
3292 5517 3463 5557 sacrae

1889 5605 2177 5676 theologia:
2210 5603 2496 5673 ignarum;
2530 5616 2653 5655 cum
2695 5611 2746 5654 te
2777 5602 2942 5653 etiam
2975 5599 3123 5652 velut
3149 5597 3460 5651 auditorem

1887 5696 2192 5757 erudiebat,
2235 5692 2512 5762 quomodo
2558 5688 2908 5758 intelligenda
2938 5688 3009 5741 sit
3045 5686 3286 5756 Spiritus
3337 5701 3458 5738 sau-

1889 5788 1961 5842 cti
2017 5784 2332 5855 processio;
2375 5782 2508 5836 Actu
2544 5782 2690 5835 enim
2736 5780 2912 5833 instar
2953 5780 3160 5849 speculi
3215 5789 3377 5833 sunt.
3411 5786 3464 5830 et

1889 5895 2073 5935 verum
2124 5885 2413 5933 testantur.
2443 5872 2628 5943 Neque
2661 5887 2786 5929 vero
2822 5882 2875 5927 tu
2914 5872 3063 5929 illius
3094 5871 3256 5928 verba
3307 5870 3456 5925 vide-
