4164 6426
709 374 845 436 1051

1690 383 2000 443 JOSEPHI
2028 383 2573 444 METHONENSIS
2611 383 2951 442 EPISCOl'i

3826 383 3972 449 1052

703 494 800 546 llas
828 492 1034 559 inania,
1062 492 1154 547 sed
1186 494 1357 548 solida
1392 504 1446 548 et
1481 499 1871 564 uervosa.Quo
1898 513 2065 569 porro
2098 513 2266 553 vexa-

2395 494 2649 564 ικαρπίαν
2682 496 2860 565 ἑώρας
2890 497 2949 548 ἐν
2993 498 3107 560 τοῖς
3140 498 3352 551 ἐκείνου
3404 499 3607 566 λόγοις,
3640 498 3760 552 ἀλλ’
3804 498 3969 566 ierva

708 580 751 631 ri
794 578 986 633 morbo
1044 580 1273 645 soleres,
1320 593 1486 649 supra
1529 584 1748 654 quidem
1794 586 2075 657 diximus,
2101 588 2194 642 sed
2217 599 2266 642 et

706 669 871 735 paulo
895 679 1018 736 post
1047 671 1319 738 dicemus,
1348 683 1405 729 ut
1434 676 1530 745 qui
1560 676 1747 741 fuerit,
1779 679 2266 751 omnibus'pateat.

702 762 973 818 Caeterum
1026 767 1290 824 adversus
1333 770 1444 824 vim
1502 779 1554 825 et
1611 771 1779 826 robur
1823 784 2267 843 argumentorum

704 853 935 911 Joannis
978 872 1102 911 cum
1138 869 1285 915 stare
1317 877 1423 916 non
1457 878 1665 932 posses,
1701 864 1882 936 fugam
1916 867 2119 936 parasti
2153 867 2270 922 dis-

706 947 1007 1014 putationis
1049 962 1350 1018 congressu
1397 954 1723 1019 perterritus
1751 973 1765 1007 :
1796 965 1849 1009 et
1888 955 2108 1025 longum
2143 958 2270 1025 qui-

705 1040 827 1092 dem
863 1040 1100 1097 habuisti
1137 1058 1479 1109 sermonem,
1523 1048 1617 1102 sed
1653 1049 1746 1116 qui
1785 1050 1992 1104 nullum
2025 1050 2273 1121 disputa-

709 1131 876 1187 tionis
921 1133 1160 1189 fructum
1220 1137 1466 1194 haberet.
1520 1140 1801 1209 Siquidem
1848 1157 1875 1195 a
1913 1142 2190 1208 Cabasila,
2221 1156 2274 1199 et

711 1221 955 1286 i'alama.
1000 1237 1053 1281 et
1100 1227 1374 1285 similibus
1414 1244 1604 1285 eorum
1661 1234 2031 1291 scliismaticis
2085 1237 2272 1291 omnia

710 1326 1027 1382 mutuatus,
1074 1321 1217 1375 nuda
1262 1325 1611 1393 praponebas
1663 1327 1940 1398 Evangelii
1975 1328 2142 1392 dicta,
2176 1345 2277 1399 pu-

710 1416 833 1462 tans
884 1420 934 1463 te
991 1426 1085 1478 per
1137 1427 1198 1467 ea
1255 1417 1612 1480 probaturum
1648 1420 1794 1487 quod
1830 1436 1894 1473 ex
1927 1420 2045 1474 solo
2089 1421 2271 1486 Patre,

713 1514 818 1551 non
862 1501 1025 1555 etiam
1080 1519 1143 1558 ex
1194 1506 1351 1570 Filio,
1398 1510 1657 1577 procedat
1709 1510 1944 1580 Spiritus
2008 1524 2274 1578 sanctus;

712 1595 856 1660 quod
891 1606 945 1649 tu
980 1597 1197 1665 quidem
1245 1610 1396 1656 certe
1439 1603 1779 1670 probandum
1811 1606 2183 1676 assumpsisli.
2223 1616 2277 1662 at

715 1700 822 1739 uon
862 1690 1108 1756 probasti
1133 1729 1148 1753 ,
1187 1707 1363 1759 neque
1397 1694 1491 1748 tibi
1520 1704 1699 1752 textus
1727 1697 1804 1751 illi
1832 1697 2130 1767 quidquam
2155 1714 2280 1768 pro-

2375 602 2435 638 τε
2475 586 2569 638 καὶ
2603 586 2855 656 δύναμιν.
2901 589 3002 640 Ἰιν
3050 588 3099 642 δ’
3159 585 3301 659 εἶχες
3337 590 3395 655 ἐξ
3444 590 3599 652 ἔθους
3633 589 3964 647 ἀσοὲνεισν,

2378 675 2608 744 εἴπομεν
2651 678 2752 746 μὲν
2795 679 2890 731 καὶ
2919 679 3218 751 πρότερον,
3246 681 3563 750 δηλώσομεν
3585 682 3642 734 δὲ
3678 682 3779 733 καὶ
3820 680 3969 748 μετὰ

2381 769 2600 838 μικρδν,
2662 767 2751 823 ἵνα
2807 770 2979 837 γνῶσι
3027 772 3227 837 πάντες
3274 775 3358 835 τίς
3412 770 3501 844 ἦν.
3552 777 3693 843 Πρὸς
3746 774 3811 828 δὲ
3866 773 3968 841 τὴν

2376 859 2609 932 δύναμιν
2657 862 2755 916 καὶ
2812 864 2969 934 ίσχὺν
3015 866 3125 918 τῶν
3182 866 3278 920 τοῦ
3328 867 3575 920 Ἰωάννου
3639 866 3828 934 λόγων
3892 866 3966 933 μὴ

2377 952 2674 1020 δυνάμενος
2721 954 3038 1024 ἀντιϐλέψαι
3082 957 3395 1028 ἠϐουλήθης
3459 958 3800 1028 ἀποδρᾶσαι.
3869 958 3965 1009 τὸν

2378 1045 2568 1112 ἀγῶνα
2624 1046 2900 1110 δειλιάσας
2963 1049 3065 1116 τῆς
3126 1050 3454 1115 διαλέξεως·
3514 1050 3610 1104 καὶ
3675 1050 3965 1114 ἐξέτεινας

2380 1135 2559 1202 λόγον,
2595 1137 2810 1208 μακρὸν
2851 1139 2969 1208 μὲν,
3010 1140 3214 1209 μηδένα
3252 1141 3309 1194 δὲ
3357 1142 3570 1209 καρπὸν
3612 1141 3814 1209 ἔχοντα
3848 1140 3967 1192 δια-

2379 1227 2599 1293 λέξεως,
2627 1228 2763 1282 ἀλλὰ
2808 1231 2987 1284 πάντα
3017 1232 3125 1283 ἀπὸ
3157 1231 3252 1284 τοῦ
3304 1233 3589 1287 Καὸασιλᾶ
3620 1249 3681 1284 τε
3713 1233 3819 1286 καὶ
3854 1232 3965 1283 Πα-

2381 1320 2551 1389 λαμᾶ,
2578 1325 2669 1374 καὶ
2692 1322 2801 1376 τῶν
2835 1322 2960 1376 κατ’
3003 1323 3205 1386 αὐτοὺς
3239 1326 3620 1395 σχισματιχῶν
3659 1324 3966 1380 ἀναλαϐὼν

2382 1412 2568 1480 ἔλεγες
2620 1416 2800 1483 γυμνὰ
2850 1415 2989 1487 ῥητὰ
3030 1416 3123 1470 τοῦ
3183 1419 3537 1486 Εὐαγγελίου,
3594 1421 3855 1488 οἰόμενος
3911 1418 3968 1480 ἐξ

2384 1503 2608 1557 ἐκείνων
2655 1504 2825 1570 δείξαι
2867 1507 2927 1559 τὸ
2976 1506 3201 1575 Πνεῦμα
3248 1507 3307 1561 τὸ
3352 1507 3508 1575 ἅγιον
3548 1511 3612 1562 ἐκ
3669 1510 3843 1579 μόνου
3876 1509 3966 1562 τοῦ

2385 1597 2617 1664 Πατρὸς,
2647 1599 2766 1666 οὐχὶ
2799 1599 2854 1651 δὲ
2907 1602 2970 1652 ὲκ
3028 1601 3121 1654 τοῦ
3159 1600 3311 1663 Υίοῦ,
3350 1602 3782 1672 ἐκπορεύεσθαιο
3829 1603 3968 1663 ὅπερ

2386 1687 2621 1757 προὲθου
2679 1689 2777 1758 μὶν
2824 1690 3271 1760 ὁμολογουμένως
3328 1693 3539 1758 δεῖξαι,
3595 1692 3696 1744 οὐκ
3750 1692 3969 1755 ἔδειξας

718 1775 963 1832 fuerunt.
993 1779 1181 1834 Dicere
1218 1786 1396 1841 enim:
1436 1786 1542 1853 Qui
1581 1804 1612 1840 a
1641 1787 1804 1842 Patre
1836 1791 2070 1857 procedit
2102 1790 2145 1853 ',
2169 1805 2275 1845 non

2395 1780 2461 1845 δὲ,
2492 1781 2614 1833 οὐδὲ
2659 1780 2937 1853 προῦργου
2982 1785 3051 1835 τὰ
3104 1785 3245 1855 ρητὰ
3294 1787 3477 1838 ἐκεῖνά
3514 1803 3597 1838 σοι
3647 1786 3970 1854 ἀπηντήκε-

717 1868 879 1920 modo
911 1884 1016 1924 non
1058 1871 1187 1927 facit
1234 1874 1301 1928 ad
1363 1884 1516 1930 tuum
1561 1878 1745 1943 linem,
1774 1881 1868 1935 sed
1906 1883 2069 1937 etiam
2096 1866 2281 1951 aperte

2395 1887 2506 1924 ταν.
2538 1869 2612 1923 Τὸ
2654 1871 2765 1941 γὰρ
2816 1873 3013 1935 εἰπεῖν,
3052 1875 3121 1926 Ὃ
3152 1874 3313 1940 παρὰ
3361 1874 3469 1927 τοῦ
3512 1875 3747 1941 Πατρός
3788 1875 3971 1927 ἐκπο-

715 1960 1062 2023 adversatur.
1102 1963 1287 2035 Neque
1314 1970 1458 2022 enim
1492 1970 1629 2025 dicit
1657 1991 1670 2027 :
1702 1972 1803 2039 Qui
1837 1990 1901 2029 ex
1933 1976 2050 2029 solo
2090 1976 2249 2031 Patre
2272 2018 2287 2044 ,

716 2055 819 2115 vel,
869 2057 961 2123 qui
1012 2072 1074 2111 ex
1132 2057 1311 2124 Patre,
1369 2078 1476 2118 non
1526 2076 1707 2120 autem
1734 2082 1796 2119 ex
1832 2068 2285 2137 Filiogprocedit.

719 2145 853 2199 illud
888 2157 1068 2203 autem
1102 2167 1115 2202 :
1166 2150 1299 2207 Cum
1332 2156 1531 2209 venerit
1564 2156 1903 2223 Paracletus,
1934 2175 2086 2228 quem
2119 2160 2291 2213 mittet

725 2237 884 2292 Pater
907 2242 963 2307 ⁸,
1025 2244 1203 2296 nullas
1246 2245 1340 2298 tibi
1377 2246 1471 2301 dat
1510 2249 1654 2303 vires
1683 2266 1697 2315 ;
1732 2265 1841 2304 non
1876 2252 2021 2305 enim
2059 2252 2137 2306 sic
2166 2252 2243 2306 ait
2272 2272 2286 2308 :

719 2329 890 2394 Quem
935 2333 1113 2388 mittet
1151 2336 1302 2390 solus
1344 2337 1541 2402 Pater;
1581 2350 1669 2394 aut
1704 2358 1719 2395 :
1770 2340 1940 2406 Quem
1971 2342 2145 2398 Filius
2180 2359 2290 2398 non

724 2424 910 2479 n.ittit.
939 2424 1201 2482 Praeterea
1238 2430 1367 2485 illud
1395 2431 1546 2486 Pauli
1575 2434 1717 2488 :Nos
1758 2451 1861 2488 non
1892 2434 2150 2504 Spiritum
2190 2436 2293 2489 Itu-

716 2514 805 2582 jus
848 2518 1032 2571 mundi
1055 2523 1366 2588 accepimus,
1392 2527 1482 2579 ml
1513 2526 1771 2596 Spiritum
1793 2530 1883 2597 qui
1903 2544 1969 2583 ea:
1998 2528 2103 2583 Deo
2122 2541 2197 2583 est
2231 2530 2251 2561 "
2270 2570 2287 2595 ,

727 2608 859 2662 nihil
895 2620 987 2665 tuo
1016 2615 1295 2682 proposito
1342 2616 1690 2689 suffragatur.
1721 2616 1909 2691 Neque
1958 2622 2104 2676 enim
2141 2622 2291 2687 dicit,

727 2700 989 2770 Spiritum
1045 2708 1216 2763 solius
1245 2708 1443 2775 Patris,
1470 2724 1523 2766 et
1561 2729 1669 2768 non
1709 2715 1851 2779 Filii,
1877 2714 1967 2771 sed
1989 2758 2003 2779 ,
2031 2714 2292 2785 Spiritum

726 2796 815 2860 qui
847 2812 911 2850 ex
941 2796 1052 2852 Deo
1094 2811 1192 2865 est,
1220 2800 1360 2857 Deus
1391 2814 1570 2858 autem
1612 2805 1769 2861 Pater
1824 2816 1878 2862 ct
1933 2807 2129 2865 Filius.
2162 2808 2297 2874 Qui-

732 2888 835 2940 hus
864 2904 994 2957 ergo
1043 2906 1109 2946 ex
1154 2893 1289 2947 locis
1317 2896 1563 2962 probasti
1596 2898 1649 2952 in
1687 2899 1897 2970 synodo
1932 2898 2203 2970 Spiritum
2231 2915 2297 2955 ex

729 2980 849 3034 solo
881 2982 1068 3045 Patre,
1104 2992 1162 3038 ut
1198 2985 1285 3039 hic
1322 2987 1572 3056 tejactas
1595 2990 1619 3043 ἲ
1644 2988 1783 3044 Num
1813 3007 1877 3045 ex
1908 2991 1996 3046 bis
2021 3008 2145 3062 qua:
2178 3006 2298 3046 mo-

730 3072 800 3126 do
831 3073 989 3128 allata
1022 3079 1197 3132 sunt?
1225 3080 1293 3133 At
1333 3081 1384 3134 in
1416 3081 1483 3136 iis
1521 3097 1629 3137 non
1659 3083 1891 3139 babetur
1917 3082 1996 3138 Ex
2031 3085 2174 3151 solo,
2202 3084 2297 3139 sed

732 3165 1056 3233 simpliciter
1082 3169 1159 3224 Ex
1185 3172 1343 3227 Patre
1372 3175 1782 3243 procedentem,
1824 3192 1947 3246 qua
1982 3177 2081 3232 tibi
2113 3177 2297 3232 omnia

734 3254 909 3312 Latini
939 3261 1246 3315 concedunt
1277 3280 1291 3317 :
1336 3264 1613 3333 siquidem
1640 3265 1728 3321 hic
1771 3282 1915 3321 unus
1945 3276 2030 3321 est
2059 3266 2203 3336 longi
2233 3265 2301 3320 il-

735 3351 842 3404 lius
883 3352 960 3406 tui
1012 3355 1284 3410 sermonis
1327 3368 1543 3411 sensus.
1592 3357 1663 3411 At
1703 3358 1953 3413 veritatis
1979 3358 2304 3413 defensores

734 3445 832 3499 tibi
881 3445 1190 3515 negabunt.
1236 3448 1383 3503 dicta
1437 3448 1528 3503 illa
1584 3448 1846 3520 refragari
1907 3450 2305 3509 afﬁrmantibus

2385 1964 2650 2033 ρεύεται,
2679 1966 2739 2017 οὐ
2778 1965 2939 2031 μόνον
2968 1968 3031 2019 οὐ
3084 1970 3377 2037 συνηγορεῖ
3405 1966 3484 2037 τῷ
3514 1968 3593 2036 σῷ
3624 1967 3797 2034 λόγῳ,
3838 1966 3968 2018 ἀλλὰ

2391 2056 2484 2109 καὶ
2518 2057 2805 2127 προδήλως
2832 2056 3168 2111 ἐναντιοῦται
3193 2074 3209 2089 ο
3242 2059 3304 2111 οὐ
3329 2058 3437 2127 γάρ
3481 2074 3674 2127 φησιν,
3711 2058 3781 2108 Ὀ
3824 2055 3972 2125 παρὰ

2392 2150 2487 2205 τοῦ
2517 2151 2729 2220 Πατρὸς
2762 2152 2949 2220 μόνου,
2983 2153 3014 2221 ἦ
3049 2155 3200 2221 παρὰ
3250 2151 3346 2206 τοῦ
3382 2153 3597 2219 “ergo;
3638 2153 3736 2204 καὶ
3770 2154 3878 2204 οὐκ
3912 2154 3970 2202 ἐκ

2391 2242 2485 2297 τοῦ
2517 2243 2648 2297 Υίοῦ
2696 2243 3082 2313 ἐκπορεύεται.
3117 2245 3226 2300 Καὶ
3265 2247 3324 2298 τὸ
3358 2246 3563 2313 λέγειν,
3594 2246 3793 2299 Ὅταν
3823 2247 3972 2309 ἔλθῃ

2394 2338 2428 2390 ὁ
2466 2333 2877 2403 Παράκλητος,
2897 2336 2972 2390 ὃν
2999 2336 3224 2407 πέμψει
3273 2342 3307 2391 ὁ
3340 2338 3561 2407 Πατὴρ,
3592 2339 3865 2406 οὐδεμίαν
3894 2356 3972 2389 σοι

2397 2428 2551 2497 ἰσχὺν
2588 2428 2802 2481 δίδωσιν
2824 2443 2839 2458 ·
2873 2432 2931 2481 οὐ
2963 2430 3071 2501 γὰρ
3100 2430 3278 2499 λέγει,
3341 2433 3441 2485 Ὃν
3472 2430 3683 2500 πέμψει
3714 2432 3744 2483 ὸ
3782 2431 3974 2497 Πατὴρ

2398 2517 2578 2585 μόνος,
2618 2517 2651 2587 ἢ
2691 2518 2788 2571 Ὃν
2829 2519 2858 2570 ό
2895 2519 3023 2580 Υἱὸς
3069 2518 3132 2571 οὐ
3186 2519 3416 2588 πέμπει.
3451 2520 3563 2573 Καὶ
3604 2520 3701 2571 τοῦ
3757 2520 3972 2572 Παύλου

2394 2611 2472 2672 δὲ,
2501 2611 2534 2671 ῥ
2565 2610 2753 2677 λέγει·
2800 2610 3000 2679 Ἡμεῖς
3041 2614 3116 2666 οὐ
3165 2611 3232 2664 τὸ
3273 2612 3517 2680 Πνεῦμα
3573 2612 3684 2665 τοῦ
3740 2613 3975 2677 κόσμου

2396 2703 2713 2773 ἐλάϐομεν,
2744 2704 2908 2759 ἀλλὰ
2953 2705 3019 2758 τὸ
3070 2705 3310 2774 Πνεῦμα
3354 2708 3422 2759 τὸ
3466 2706 3533 2759 ἐκ
3578 2706 3691 2759 τοῦ
3724 2704 3975 2767 Θεσῧ,οὑ

2402 2800 2697 2869 συνηγορεῖ
2734 2798 2831 2865 ητῷ
2885 2798 2963 2866 σῷ
3018 2797 3323 2868 βουλήματι
3352 2816 3365 2828 ’
3428 2799 3490 2850 οὐ
3521 2799 3642 2871 ,γὰρ
3699 2798 3877 2865 λέγει,
3908 2797 3977 2848 Τδ

2400 2892 2627 2961 Πνεῦμα
2663 2891 2826 2960 μόνου
2856 2888 2950 2944 τοῦ
2989 2890 3220 2960 Πατρδς,
3246 2892 3341 2944 καὶ
3384 2889 3477 2943 τοῦ
3510 2891 3661 2954 Υῐοῦ,
3703 2891 3867 2952 ἀλλὰ,
3910 2890 3977 2942 τὸ

2404 2981 2663 3052 Πνεῦμα,
2693 2983 2846 3054 φησὶ,
2880 2983 2948 3037 τὸ
2982 2983 3051 3036 ἐκ
3096 2981 3202 3037 τοῦ
3250 2983 3423 3047 Θεοῦ,
3451 2982 3583 3045 Θεὸς
3615 2983 3675 3035 δὲ
3716 2985 3747 3034 ό
3796 2982 3977 3049 Πατὴρ

2402 3080 2496 3131 καὶ
2528 3080 2558 3130 ὀ
2586 3078 2735 3140 Υίὸς.
2773 3077 2869 3131 Ἐκ
2916 3078 3088 3130 ποίων
3127 3073 3221 3130 οὖν
3254 3078 3436 3147 ῥητῶν
3481 3077 3691 3140 ἔδειξας
3723 3078 3789 3130 ὲκ
3823 3077 3977 3143 μόνου

2402 3171 2497 3223 τοῦ
2529 3171 2737 3240 Harpe;
2762 3170 2824 3223 τὸ
2850 3170 3072 3238 Πνεῦμα
3114 3172 3173 3222 ἐν
3201 3173 3265 3239 τῇ
3302 3171 3526 3239 συνόδῳ,
3563 3170 3762 3237 ὥσπερ
3804 3171 3980 3234 λέγεις

2405 3262 2637 3315 ἐνταῦθα
2682 3260 3143 3331 ἑγκαυχώμενοςς
3210 3262 3307 3316 Ἐκ
3350 3262 3460 3316 τῶν
3510 3263 3612 3333 ἤδη
3665 3262 3979 3331 magna»;

2405 3356 2515 3409 Kal.
2553 3356 2694 3409 αὐτὰ
2734 3355 2836 3408 οὐκ
2887 3356 2952 3407 ὲκ
2988 3355 3153 3423 μόνου
3198 3356 3383 3423 φασὶν,
3420 3354 3538 3408 ἀλλ’
3571 3354 3768 3417 ἁπλῶς
3798 3356 3863 3407 ix
3891 3353 3983 3406 τοῦ

2408 3448 2621 3517 Πατρός
2674 3448 3156 3517 ἐκπορευόμενον,
3206 3446 3305 3500 καὶ
3364 3446 3577 3505 τούτοις
3625 3449 3745 3509 τοῖς
3807 3448 3983 3513 λόγοις

737 3536 999 3606 Spiritum
1058 3550 1305 3594 sanctum
1338 3540 1502 3594 etiam
1545 3556 1611 3595 ex
1643 3540 1785 3598 Filio
1823 3544 2141 3613 procedere.
2166 3546 2297 3602 Nam

2408 3544 2629 3597 Λατῖνοι
2674 3541 3228 3610 συνομολογήσουσιν.
3256 3532 3427 3599 Οὗτος
3458 3540 3568 3609 γάρ
3607 3540 3763 3592 ἐστιν
3805 3542 3835 3592 ὁ
3868 3538 3987 3599 νοῦς

738 3629 783 3681 si
832 3627 1097 3693 dicerent,
1142 3629 1243 3696 Qui
1301 3646 1369 3685 ex
1414 3632 1574 3688 Patre
1601 3649 1709 3688 nou
1742 3650 1808 3689 ex
1840 3633 1981 3690 Filio
2010 3676 2027 3701 ,
2055 3636 2193 3703 sive,
2229 3636 2297 3692 Ει

2411 3634 2555 3697 ἄπας
2580 3634 2793 3688 ἑκείνου
2821 3632 2920 3687 τοῦ
2964 3633 3129 3702 λόγου
3159 3633 3329 3702 ὅνπερ
3362 3632 3657 3698 ἐξέτεινας.
3702 3633 3856 3685 Ἀλλ’
3891 3633 3988 3684 οὒκ

737 3723 857 3778 solo
890 3722 1051 3780 Patre
1072 3740 1179 3779 non
1208 3726 1372 3781 etiam
1394 3741 1459 3782 ex
1486 3724 1624 3782 Filio
1649 3743 1664 3793 ;
1699 3728 1784 3783 vel
1812 3729 1883 3783 ita
1909 3743 1925 3787 :
1951 3726 2117 3784 Pater
2152 3729 2297 3785 solus

2411 3726 2765 3789 ἀντίκεινται,
2793 3726 3063 3795 φήσουσιν
3115 3726 3166 3778 0i
3208 3726 3312 3803 si];
3356 3724 3618 3795 ἀληθείας
3669 3728 3988 3793 συνήγοροι,

741 3815 995 3882 producit
1025 3816 1288 3886 Spiritum
1320 3825 1570 3871 sanctum
1596 3860 1612 3883 ,
1646 3833 1752 3873 nou
1785 3821 1952 3874 etiam
1989 3820 2182 3888 Filius,
2216 3832 2297 3878 aut

2410 3820 2480 3872 τὰ
2508 3818 2651 3889 ῥητὰ
2680 3816 2857 3871 ταῦτα
2901 3818 3014 3881 τοῖς
3046 3816 3271 3885 λέγουσι
3306 3818 3400 3870 καὶ
3431 3819 3494 3869 ἐκ
3518 3816 3612 3868 τοῦ
3648 3816 3785 3868 Υίοῦ
3823 3819 3989 3869 ἐκπο-

742 3905 964 3971 similia,
1003 3915 1150 3961 esset
1193 3909 1503 3963 umbratilis
1541 3909 1655 3964 haec
1685 3910 1784 3963 tibi
1828 3910 1960 3965 rixa:
2005 3922 2061 3967 et
2082 3922 2297 3968 content

2416 3908 2692 3980 ρεύεσθαι.
2724 3908 2786 3961 Εί
2810 3909 2918 3978 γὰρ
2952 3907 3181 3975 ἔφασαν,
3222 3904 3289 3961 Ὀ
3324 3906 3474 3975 παρὰ
3515 3905 3608 3958 τοῦ
3636 3907 3863 3971 Ila-rgo;
3900 3906 3993 3956 οὐκ

743 3998 912 4053 tinnis
952 3999 1193 4054 occasio.
1226 4000 1428 4055 Verum
1458 4042 1474 4067 ,
1504 4011 1564 4055 ut
1594 4002 1760 4056 etiam
1791 4017 1856 4057 ex
1884 4004 2005 4058 solo
2029 4003 2191 4059 Patre
2225 4005 2297 4060 di-

2414 4001 2481 4055 ὲκ
2510 3999 2606 4053 τοῦ
2638 3999 2767 4054 Υίοῦ
2789 4015 2803 4029 ⁶
2824 3999 2881 4070 ἢ,
2914 3999 3013 4052 Ἐκ
3050 3999 3213 4067 μόνου
3244 3997 3338 4052 τοῦ
3379 3998 3590 4069 Harpe;
3625 3998 3685 4050 τὺ
3739 3998 3995 4066 Πνεῦμα,

742 4098 950 4155 cerent,
1002 4089 1069 4143 ad
1126 4090 1470 4161 probandum
1526 4093 1673 4162 quod
1715 4093 1818 4159 vis,
1880 4093 1977 4148 tibi
2030 4094 2167 4149 satis
2204 4110 2313 4150 non

744 4188 911 4235 esset.
938 4181 1109 4247 Quod
1124 4192 1271 4238 certe
1303 4182 1615 4253 perspicere
1650 4184 1778 4239 licet
1809 4199 1874 4240 ex
1911 4186 2036 4241 aliis
2066 4185 2315 4257 Evange-

747 4272 803 4327 lii
842 4272 1026 4328 dictis.
1055 4273 1306 4329 Salvator
1330 4275 1544 4345 inquit:
1568 4276 1646 4329 De
1674 4277 1760 4330 die
1789 4277 1885 4331 illa
1920 4287 1969 4332 et
2001 4278 2132 4333 hora
2165 4296 2315 4334 nemo

750 4367 868 4430 scit,
897 4382 1060 4433 neque
1092 4368 1266 4435 angeli
1290 4369 1564 4430 calorum,
1592 4384 1755 4436 neque
1797 4368 1990 4433 Filius,
2021 4372 2124 4425 nisi
2153 4371 2319 4426 Pater

749 4469 893 4508 meus
924 4454 1070 4509 solus
1087 4455 1130 4508 ⁸.
1155 4456 1222 4510 Et
1243 4471 1436 4511 rursus
1463 4474 1477 4510 :
1510 4455 1633 4511 Hea
1662 4457 1908 4512 doctrina
1933 4474 2038 4514 non
2067 4470 2147 4516 est
2177 4477 2315 4528 mea,

2415 4092 2535 4161 οὐχὶ
2566 4091 2623 4146 δὲ
2651 4092 2747 4146 καὶ
2788 4093 2853 4144 ὲκ
2885 4090 2976 4144 τοῦ
3015 4089 3147 4143 Υἱοῦ
3170 4107 3186 4122 ’
3222 4090 3279 4159 ἢ,
3322 4091 3380 4142 '0
3428 4090 3617 4159 Πατὴρ
3666 4088 3835 4158 μόνος
3870 4107 3997 4157 πριι-

2419 4184 2600 4237 ϐάλλει
2629 4182 2689 4236 τὸ
2735 4181 2983 4250 Πνεῦμα,
3012 4181 3074 4234 οὐ
3114 4181 3222 4251 μὴν
3271 4181 3329 4233 δὲ
3364 4180 3463 4235 καὶ
3500 4182 3529 4233 ὁ
3565 4180 3718 4243 Υἱὸς,
3748 4182 3851 4233 καὶ
3888 4182 3998 4233 ἀλλ’

2417 4274 2603 4342 ὅμοια,
2643 4266 2791 4342 εἶχες
2842 4270 2909 4323 ἂν
2958 4270 3119 4322 σκιὰν
3147 4269 3350 4338 ἐρίζειν
3398 4286 3457 4321 τε
3502 4271 3595 4321 καὶ
3642 4269 3997 4336 φιλονεικεῖν.

2431 4365 2571 4419 Ἀλλ’
2596 4365 2717 4418 οὐδὲ
2750 4366 2799 4417 εί
2832 4364 2899 4417 ἐκ
2942 4363 3104 4433 μόνου
3135 4359 3230 4414 τοῦ
3261 4360 3474 4429 "carpo;
3506 4359 3713 4427 ἔλεγον,
3734 4355 3806 4429 ἦν
3837 4361 4001 4413 ἱκανὰ

2421 4458 2558 4526 πρὸς
2583 4456 2613 4510 ὃ
2649 4457 2715 4510 σὺ
2746 4454 2929 4527 βούλει
2955 4470 2968 4485 ο
3010 4453 3247 4523 πάρεστι
3274 4454 3383 4523 γὰρ
3421 4452 3624 4504 εἰδέναι
3668 4454 3766 4504 καὶ
3816 4453 3881 4517 ἐξ
3918 4454 4003 4507 ἅλ-

749 4548 839 4598 sed
891 4546 1005 4615 cius
1047 4547 1138 4616 qui
1185 4548 1326 4601 misit
1370 4565 1451 4602 me
1488 4548 1529 4602 '.
1574 4548 1632 4602 ln
1665 4550 1752 4604 his
1783 4551 2297 4622 perspicuenegavi:

2418 4550 2527 4603 λων
2581 4547 2954 4616 εῦαγγελικῶν
3006 4547 3200 4615 φωνῶν
3246 4544 3408 4598 τοῦτο
3456 4546 3611 4599 αὑτό.
3644 4546 3783 4613 Φησὶ
3832 4547 4003 4615 γὰρὸ

752 4636 922 4695 Filius
970 4654 1031 4693 se
1085 4638 1246 4702 scire,
1305 4641 1397 4693 sed
1443 4656 1611 4695 tiltllln
1664 4640 1806 4697 scire
1849 4644 1928 4698 ait
1980 4643 2323 4708 Patrem;et

752 4734 1084 4798 doctrinam,
1120 4733 1319 4800 inquit,
1362 4747 1517 4785 suam
1566 4749 1676 4790 nou
1709 4749 1834 4791 esse
1873 4750 2051 4801 suam,
2084 4737 2179 4790 sed
2214 4733 2321 4789 Pa-

2418 4643 2612 4713 Σωτὴρ
2635 4657 2650 4672 ·
2689 4641 2830 4710 Περὶ
2876 4640 2988 4710 τῆς
3042 4639 3269 4709 ἡμέρας
3295 4639 3538 4705 ἐκείνης
3576 4638 3671 4691 καὶ
3708 4636 3881 4706 ὧρας
3912 4643 4003 4693 σὺ

2419 4735 2547 4802 delc
2577 4730 2761 4801 οἶδεν,
2792 4732 2939 4788 οὐδὲ
2983 4735 3037 4787 οι
3074 4732 3321 4802 ἄγγελοι
3356 4734 3412 4785 οι
3456 4732 3527 4785 ἐν
3556 4731 3821 4797 οὐρανῷ,
3863 4732 4005 4787 οὐδὲ

753 4826 895 4879 tris:
940 4835 1180 4879 attamen
1223 4841 1331 4880 non
1375 4835 1519 4879 recte
1546 4837 1601 4879 et
1648 4825 1997 4880 laudabiliter
2047 4824 2290 4880 credimu

2421 4831 2455 4884 ό
2485 4828 2638 4893 Υἱὸς,
2672 4828 2726 4880 ει
2753 4826 2841 4897 μὴ
2871 4829 2903 4879 ὁ
2933 4825 3136 4893 Πατήρ
3164 4843 3285 4894 μου
3313 4826 3522 4894 μόνος.
3568 4825 3676 4878 Καὶ
3709 4820 3908 4887 αὖθις*
3947 4826 4007 4878 ’11

750 4916 976 4972 omnino
1019 4918 1365 4988 oppositum,
1416 4918 1767 4987 dieimusque
1813 4927 1996 4971 notam
2048 4918 2153 4987 ipsi
2199 4932 2297 4971 esst

2420 4918 2533 4989 ἐμὴ
2568 4917 2787 4985 διδαχὴ
2822 4918 2935 4971 οὐκ
2957 4917 3131 4970 ἐστιν
3155 4916 3295 4985 ἐμὴ,
3320 4916 3483 4971 ἀλλὰ
3514 4915 3619 4969 τοῦ
3648 4916 4005 4984 πέμψαντός

751 5011 893 5064 diem
928 5009 1075 5062 illam
1115 5018 1171 5063 et
1207 5009 1398 5063 horam
1442 5026 1596 5078 aeque
1623 5024 1687 5063 ac
1718 5008 1895 5075 Patri;
1924 5018 1980 5061 et
2008 5006 2297 5062 doctrinan

2426 5027 2525 5080 με.
2563 5011 2654 5063 Ἐν
2693 5008 2907 5071 τούτοις
2954 5007 3050 5062 οὖν
3100 5008 3291 5075 σαφῶς
3350 5008 3449 5078 μὲν
3498 5008 3890 5077 ἀπηρνήσατο,
3931 5011 4005 5061 ὅτε

754 5103 929 5171 ipsius
967 5116 1093 5158 esse
1129 5117 1535 5157 asseveramus.
1572 5102 1629 5155 Si
1686 5116 1819 5170 ergo
1853 5115 1955 5154 nos
1979 5116 2172 5154 eorum
2206 5116 2297 5170 qua

2430 5102 2532 5154 οὐκ
2556 5097 2697 5153 οἶδεν
2726 5100 2887 5163 αὐτὸς
2915 5102 2943 5152 ὁ
2978 5099 3128 5162 Υἱὸς,
3161 5099 3212 5151 εί
3252 5097 3329 5168 μὴ
3372 5098 3532 5165 μόνος
3576 5100 3606 5151 ὁ
3643 5097 3843 5167 Πατήρ
3870 5116 3887 5132 ·
3922 5103 4007 5150 καὶ

754 5197 847 5249 ille
905 5195 1193 5251 manifeste
1228 5195 1443 5262 negavit
1488 5195 1767 5248 contraria
1804 5191 2086 5247 credimus
2126 5192 2200 5262 (i)
2224 5232 2239 5257 ,
2273 5209 2297 5247 c

2433 5194 2465 5261 ὴ
2499 5191 2686 5261 διδαχὴ
2714 5189 2881 5245 αὑτοῦ
2910 5190 3012 5243 οὐκ
3039 5189 3194 5243 ἐστιν
3230 5188 3425 5252 αὑτοῦ,
3456 5190 3596 5242 ἀλλᾶ
3642 5189 3740 5242 τοῦ
3776 5192 4004 5261 Πατρός.

757 5295 900 5341 recta
931 5288 1035 5343 ﬁde
1070 5296 1340 5351 tenemus,
1379 5302 1477 5341 cur
1500 5286 1611 5352 hic,
1638 5285 1728 5340 ubi
1750 5285 1957 5339 nullam
1983 5283 2297 5353 negationeu

2445 5285 2639 5349 Ἡμεῖς
2686 5282 2743 5335 δὲ
2794 5281 2973 5344 καλῶς
3024 5282 3120 5333 καὶ
3169 5282 3475 5344 ἐπαινετῶς
3514 5283 3854 5353 πιστεύομεν
3910 5288 4005 5336 πᾶν

758 5381 1030 5446 apposuit,
1083 5395 1190 5434 non
1238 5381 1527 5435 credamus
1576 5395 1637 5432 ex
1694 5392 1815 5444 Ipso
1851 5380 2014 5430 etiam
2045 5392 2165 5430 esse
2200 5375 2293 5445 Spi

2434 5374 2769 5435 τούναντίον,
2804 5375 2899 5426 καὶ
2920 5372 3019 5443 τὴν
3049 5374 3270 5443 ἡμέραν
3309 5373 3527 5442 ὲκεῐνην
3559 5377 3656 5426 καὶ
3681 5373 3838 5445 ὦριν
3880 5378 3997 5429 εἰδέ-

760 5473 924 5524 ritum
968 5481 1221 5525 sauctmn
1247 5513 1263 5537 ,
1300 5472 1526 5541 quando
1558 5471 1665 5525 huc
1699 5473 1877 5539 ipsum
1912 5483 2008 5537 per
2044 5468 2149 5521 alia
2185 5483 2297 5523 sau

2442 5482 2529 5518 ναι
2561 5466 2722 5519 αὐτὸν
2756 5465 2946 5535 ὥσπερ
2977 5468 3071 5519 καὶ
3118 5466 3210 5519 τὸν
3244 5466 3463 5535 Πατέρα
3490 5466 3752 5535 λέγομεν,
3784 5472 3880 5522 ni.
3920 5471 4004 5537 τὴν

837 5654 856 5685 ⁸
882 5654 1039 5710 Jnan.
1064 5670 1154 5717 xv,
1177 5655 1268 5709 9.6.
1347 5653 1369 5683 ⁸
1402 5652 1532 5706 ibid.
1612 5653 1631 5683 '
1662 5653 1679 5707 I
1707 5652 1831 5707 Cor.
1863 5670 1921 5716 ll,
1954 5652 2033 5705 I2.
2112 5651 2133 5683 ³
2170 5649 2297 5704 Matt

2395 5665 2536 5715 sxw,
2578 5649 2667 5704 5G.
2745 5652 2766 5684 θ
2796 5650 2954 5707 Joau.
2987 5664 3082 5715 ιιι,
3114 5652 3196 5709 i6.

842 5822 916 5887 (ii
945 5821 1130 5888 Quoad
1162 5821 1321 5874 verba
1362 5817 1589 5879 SClIECt‘l,
1617 5832 1721 5869 uoti
1746 5816 1923 5886 quoad
1955 5832 2177 5870 sensum
2212 5816 2483 5871 contraria

524 6078 837 6191 ἢ
