4164 6426
193 398 329 462 1053

1233 395 1665 459 IiEFUTATIO
1708 393 1937 452 MARCI
1976 389 2295 449 El‘TiESIX
2313 389 2353 448 l.

3299 372 3430 437 1051

183 518 402 589 διδαχὴν
449 519 614 575 αὑτοῦ
660 513 799 572 εἶναι
842 515 1125 586 τιθέμεθα.
1156 515 1218 568 Εἰ
1249 511 1344 568 οὖν
1391 516 1449 566 ὲν
1477 507 1556 575 οἷς
1588 528 1752 579 φανε-

1878 499 2133 568 Ξντιηεεῐὶί
2182 496 2345 551 verba
2387 494 2642 549 Salvator
2688 490 2846 545 nobis
2875 487 3123 542 declarat
3156 486 3178 537 ?
3213 483 3427 537 ΑΙὶουΙή

192 612 300 676 pii);
340 612 717 681 ἁπηρνήσατο,
747 611 909 677 ἡμεῖς
945 607 1208 661 τάναντία
1266 604 1620 673 πιστεύομεν,
1655 601 1751 655 καὶ

1878 593 1998 646 :nim
2033 591 2166 645 dicit
2197 607 2210 642 :
2245 588 2380 643 Cum
2416 587 2611 640 venerit
2645 581 2976 646 Paracletus,
3018 595 3167 648 quem
3193 593 3285 646 ego
3310 577 3430 628 mit-

187 672 476 766 ὀρθοδόξως
510 672 796 769 ποιοῦμεν,
828 701 916 752 διὰ
961 701 1016 752 τί
1050 698 1305 763 ἐνταῦθα,
1336 698 1464 750 ἔνθα
1493 672 1752 764 οὐδεμίαν

1880 701 1963 737 am
2030 683 2173 737 vobis
2239 682 2282 713 ὀ
2317 720 2331 734 .
2387 681 2484 734 Hic
2555 686 2640 732 est
2696 675 3012 730 Paracletus
3072 672 3162 726 ille
3197 712 3212 732 ,
3271 683 3430 736 quem

186 793 417 861 ἄρνησιν
445 793 713 856 τέθεικεν,
744 794 804 846 οὐ
848 792 1177 861 πιστεύομεν
1236 791 1319 844 ὅτι
1351 790 1442 842 καὶ⁸
1479 789 1538 852 ἐξ
1586 785 1751 841 αὑτοῦ

1878 777 2013 831 ’ater
2041 774 2289 846 producit
2326 791 2339 827 :
2371 775 2414 828 si
2449 786 2577 840 ergo
2601 785 2760 840 quem
2792 769 2949 821 Pater
2972 763 3241 834 producit,
3288 762 3433 814 hunc

185 887 248 938 τὸ
276 886 500 956 Πνεῦμα
525 887 780 956 ὑπάρχει,
805 888 941 940 ὅπου
977 902 1038 952 γε
1070 887 1126 937 ὲν
1159 886 1275 946 τοῖς
1298 884 1475 953 ίεροτς
1510 882 1755 947 Εὐαγγε-

184 979 320 1042 λίοις
365 979 434 1031 δι’
472 980 646 1033 ἄλλων
682 979 861 1050 ῥητῶν
881 980 940 1031 τὸ
989 978 1120 1031 αὐτὸ
1154 979 1284 1048 ἡμῖν
1331 977 1358 1028 6
1391 975 1578 1044 Σωτὴρ
1612 991 1752 1043 παρ·

189 1072 353 1140 ιστᾷς
423 1072 482 1134 ὃς
521 1071 624 1124 πού
661 1088 861 1142 φησιν·
892 1072 1080 1123 ’Ὅταν
1102 1071 1252 1137 ἕλοῃ
1287 1070 1319 1122 δ
1341 1065 1752 1135 Παράλλητος,

185 1164 262 1216 ὃν
294 1164 408 1234 ἐγὼ
449 1165 663 1233 πέμψω
702 1165 868 1233 ὑμῖν.
903 1158 1073 1225 0616;
1120 1164 1271 1216 ἔστιν
1315 1163 1344 1214 6
1397 1159 1756 1229 Παράκλητος

185 1261 416 1322 ὲκείνος,
449 1259 508 1312 6v
531 1262 559 1313 6
594 1260 786 1328 Πατὴρ
817 1257 1109 1328 ὲκπορεὺει
1134 1272 1149 1288 ο
1187 1256 1237 1309 εί
1269 1254 1363 1309 06v
1402 1254 1462 1306 ὃν
1505 1255 1532 1306 6
1567 1252 1756 1322 Πατὴρ

187 1351 556 1419 ὲκπορεύιι,ὁ
604 1351 732 1412 Υἱὸς
780 1351 1077 1418 ἐκπέμπει,
1103 1349 1156 1401 τί
1205 1346 1451 1414 διαφέρει
1501 1345 1562 1398 τὸ
1618 1344 1758 1412 πέμ-

187 1445 392 1496 πεσθαι
442 1444 536 1496 τοῦ
592 1445 650 1509 ἐξ
704 1442 872 1498 αὐτοῦ
918 1441 1350 1510 ὲκπορεύεσθαις
1381 1440 1497 1492 Καὶ
1554 1439 1758 1491 πάλινο

189 1539 382 1592 Ὅταν
413 1538 562 1606 ἔλθῃ
599 1537 851 1604 ἐκεῖνος,
890 1535 1179 1606 ὁδηγήσει
1228 1534 1379 1604 ὑμᾶς
1423 1536 1511 1599 είς
1553 1532 1761 1587 πᾶσαν

186 1633 307 1698 τὴν
337 1631 649 1698 ἀλήθειαν.
692 1630 958 1694 Ἐκεῖνος
988 1628 1095 1696 ἐμὲ
1125 1627 1397 1690 δοξάσει,
1427 1624 1516 1679 ὅτι
1555 1626 1622 1678 ἐκ
1653 1626 1761 1679 τοῦ

184 1725 337 1793 ἐμοῦ
385 1724 646 1792 λήψεται
695 1724 796 1775 καὶ
842 1719 1167 1790 ἀναγγελεῖ
1211 1719 1384 1787 ὑμῖν·
1419 1718 1618 1771 πάντα
1654 1718 1762 1786 γὰρ

186 1818 311 1869 ὅσα
347 1815 474 1883 ἔχει
517 1818 548 1868 ὁ
584 1816 806 1882 Πατὴρ,
839 1811 952 1881 ἐμά
1009 1812 1163 1866 ἐστι.
1205 1809 1306 1864 Διὰ
1347 1808 1523 1862 τοῦτο
1565 1802 1759 1871 εἷπον,
1795 1843 1838 1898 Β

185 1910 282 1964 ὅτι
326 1911 424 1964 Ἐκ
456 1908 562 1963 τοῦ
587 1906 732 1976 ἐμοῦ
767 1904 1076 1975 λαμϐάνει.
1118 1903 1227 1956 Καὶ
1261 1900 1530 1970 ἁ).λαχοῦσ
1600 1899 1762 1953 Ἑνες

187 2001 458 2068 φύσησε,
492 2000 588 2053 καὶ
620 1994 752 2053 εἷπε
781 1997 908 2062 τοῖς
927 1994 1243 2065 μαθηταῖς,
1274 1992 1495 2048 Λάϐετε
1526 1989 1766 2058 Πνεῦμα

184 2094 386 2160 ἅγιον.
423 2085 605 2161 ’Ἃπερ
655 2091 834 2144 πάντα
874 2089 1235 2153 δεικνύουσιν,
1291 2089 1375 2140 ὅτι
1418 2086 1512 2138 καὶ
1557 2086 1622 2136 ὲκ
1673 2082 1765 2133 106

185 2189 330 2240 Υίοῦ
351 2187 411 2240 τὸ
441 2185 665 2253 Πνεῦμα
717 2184 778 2236 τὸ
819 2184 976 2249 ἅγιον
1026 2179 1410 2249 ὲκπορεύεται.
1460 2175 1632 2229 Πόθεν
1673 2168 1768 2226 06v

183 2281 292 2332 καὶ
329 2280 390 2331 ὲκ
420 2279 590 2329 ποίων
621 2274 799 2346 ῥητῶν
828 2270 1042 2337 ἔδειξας
1071 2273 1136 2324 σὺ
1167 2269 1228 2322 τὸ
1257 2267 1482 2335 Πνεῦμα
1508 2267 1572 2318 ὲκ
1603 2265 1766 2334 μόνου

181 2372 291 2424 τοῦ
326 2370 570 2438 Πατρὸς;
623 2369 718 2421 Ἐκ
764 2367 874 2418 τῶν
899 2364 1232 2419 διδασκάλων
1262 2364 1362 2420 τῆς
1405 2355 1765 2427 Ἐκκλησίαςς

189 2467 310 2519 Καὶ
354 2463 471 2525 πῶς
517 2462 632 2515 ἐστι
666 2459 890 2512 δυνατὸν
930 2457 1056 2519 τοὺς
1108 2455 1308 2515 αὐτοὺς
1361 2455 1424 2506 ἐκ
1477 2449 1643 2520 μόνου
1673 2445 1768 2499 τοῦ

189 2557 437 2626 Πατρὸς,
461 2557 557 2608 καὶ
595 2556 658 2608 ὲκ
681 2552 777 2606 τοῦ
809 2551 1020 2620 Πατρδς
1050 2549 1143 2602 καὶ
1173 2548 1235 2600 ἐκ
1264 2545 1357 2599 106
1392 2543 1521 2597 Υίοῦ
1547 2542 1768 2609 λέγεινς

185 2652 261 2705 Εἰ
297 2652 404 2721 γὰρ
456 2650 643 2714 ἔλεγον
687 2645 884 2708 οὕτως,
935 2643 1151 2704 ἑαυτοῖς
1195 2640 1577 2710 περιέπιπτον,
1625 2634 1763 2688 ἄλλα

185 2744 303 2812 μὲν
331 2743 577 2804 λέγοντες
604 2740 663 2790 ἐν
690 2737 891 2801 ἄλλοις,
929 2734 1024 2788 καὶ
1054 2732 1188 2787 ἄλλα
1223 2733 1279 2784 ὲν
1318 2729 1522 2790 ἄλλοις.
1545 2727 1637 2779 Δεῖ
1661 2724 1770 2795 γὰρ

182 2835 219 2902 ἢ
277 2835 342 2885 ὲκ
395 2831 558 2901 μόνου
607 2828 704 2881 106
736 2825 950 2895 Πατρὸς
1003 2825 1184 2891 λέγειν
1242 2818 1528 2888 αὐτοὺς,ἣ
1570 2819 1633 2870 ὲκ
1673 2815 1768 2869 τοῦ

184 2925 414 2994 Πατρδς
447 2920 544 2976 καὶ
585 2923 647 2974 ὲκ
686 2921 781 2973 τοῦ
815 2916 945 2971 Υίοῦ
977 2932 990 2948 ⁸
1033 2914 1170 2968 ἀλλὰ
1204 2913 1266 2967 τὸ
1297 2914 1361 2966 ὲκ
1393 2912 1557 2980 μόνου
1587 2908 1770 2972 οὐδεὶς

178 3021 311 3073 τῶν
337 3018 506 3084 ἁγίων
546 3015 794 3085 εἴρηκεν,
828 3013 875 3064 εἰ
929 3010 1002 3080 μὴ
1053 3009 1212 3078 μόνον
1241 3006 1534 3074 Νεστόριος
1566 3005 1592 3055 6
1621 3002 1774 3072 αἱρε-

177 3111 466 3178 τικὸς,τὸ
519 3110 578 3162 δὲ
636 3112 702 3162 ἐκ
756 3106 852 3160 τοῦ
912 3104 1045 3158 Υἱοῦ
1102 3103 1299 3162 πάντες
1353 3101 1402 3153 oi
1459 3095 1771 3151 διδάσκαλοι

1857 869 2026 923 Filius
2065 866 2249 931 mittit,
2289 866 2416 933 quid
2459 862 2636 917 diﬂ‘ert
2684 861 2825 914 inter
2861 857 2998 911 mitti
3017 865 3071 910 et
3088 851 3434 924 procedere?

1861 961 1922 1014 Et
1948 976 2140 1014 rursus
2179 958 2329 1014 :Cum
2356 957 2553 1010 venerit
2583 953 2670 1006 ille
2686 953 2886 1006 docebit
2911 967 2995 1003 vos
3018 963 3224 1002 omnem
3242 946 3434 998 verita-

1860 1068 1982 1117 tem;
1997 1054 2082 1108 ille
2104 1067 2184 1104 me
2199 1049 2402 1116 clari/ir
2414 1047 2519 1100 abit
2541 1046 2665 1116 quia
2686 1043 2747 1096 de
2769 1059 2878 1096 meo
2896 1042 3136 1108 accipiet,
3153 1048 3199 1093 et
3224 1054 3436 1091 annun-

1861 1147 2013 1200 tiabit
2062 1145 2201 1198 vobis
2240 1159 2257 1196 :
2295 1142 2470 1196 omnia
2519 1140 2657 1194 enim
2697 1149 3016 1207 qumcunque
3049 1132 3200 1185 habet
3245 1130 3429 1191 Pater,

1862 1257 1978 1294 mea
2010 1249 2155 1302 sunt,
2184 1245 2460 1305 propterea
2484 1235 2598 1286 dixi
2626 1232 2749 1300 quia
2777 1228 2841 1281 de
2882 1244 2993 1281 meo
3025 1226 3242 1288 accipiet
3277 1224 3340 1275 “.
3372 1223 3438 1274 Et

1862 1333 2024 1389 alibi:
2053 1330 2350 1401 lnsuﬁiavit
2375 1337 2423 1381 et
2444 1325 2578 1379 dixit
2597 1323 2868 1390 discipulis
2891 1338 2908 1374 :
2930 1320 3162 1386 Accipite
3181 1315 3438 1381 Spiritum

1862 1435 2108 1480 sanctum
2142 1425 2205 1477 ".
2253 1423 2386 1488 Quae
2417 1418 2598 1473 omnia
2646 1415 2961 1475 ostendunt,
3011 1411 3174 1466 etiam
3214 1424 3278 1463 ex
3304 1407 3440 1460 Filio

1860 1519 2160 1592 procedere
2179 1517 2438 1586 Spiritum
2465 1509 2906 1568 sanctum.Unde
2925 1508 3093 1573 igitur
3110 1515 3160 1556 et
3180 1517 3274 1571 per
3302 1515 3440 1568 quos

1867 1619 2051 1666 textus
2105 1605 2344 1678 probasti
2394 1613 2448 1659 tu
2477 1602 2740 1672 Spiritum
2770 1615 2833 1653 ex
2859 1597 2975 1653 solo
2998 1596 3156 1649 Patre
3177 1595 3199 1646 ?
3218 1593 3352 1645 Num
3373 1607 3435 1645 ex

1863 1701 2180 1759 doctoribus
2195 1694 2602 1753 Ecclesia}?Sed
2632 1693 2724 1764 qui
2745 1691 2838 1744 ﬁat
2866 1700 2923 1741 ut
2947 1688 3108 1741 iidem
3123 1693 3176 1738 et
3197 1700 3260 1738 ex
3281 1682 3442 1735 Patre

1866 1797 2007 1859 solo,
2025 1805 2158 1849 etex
2189 1793 2351 1846 Patre
2371 1800 2422 1844 et
2445 1789 2585 1844 Filio
2602 1783 2891 1840 dicanti‘Si
2908 1782 3052 1835 enim
3080 1780 3151 1832 ita
3171 1777 3441 1840 dicerent,

1868 1888 2171 1960 pugnantia
2220 1899 2356 1939 sane
2404 1884 2786 1951 loquerentur,
2834 1875 2970 1930 alias
3018 1873 3121 1926 alia
3156 1873 3436 1923 docentes.

1873 1981 2104 2051 Oportet
2130 1979 2274 2032 enim
2309 1983 2368 2029 ut
2393 1975 2476 2028 vel
2529 1988 2594 2027 ex
2627 1971 2746 2025 solo
2792 1968 2952 2022 Patre
3007 1965 3297 2023 aliirment,
3350 1959 3438 2012 wl

1869 2090 1934 2128 cx
1963 2072 2124 2126 Patre
2153 2080 2207 2125 et
2237 2085 2302 2123 ex
2342 2066 2476 2121 Filio
2505 2084 2520 2132 ;
2570 2080 2760 2118 verum
2792 2077 2860 2116 ex
2904 2061 3023 2116 solo
3051 2058 3234 2119 Patre,
3276 2068 3441 2107 nemo

1870 2167 2008 2221 dixit
2037 2172 2394 2225 sanctorum;
2429 2175 2568 2215 unus
2604 2159 2656 2213 id
2692 2155 2988 2210 afﬁrmavit
3017 2150 3306 2205 Nestorius
3333 2149 3442 2200 lite-

1871 2259 2079 2314 reticus
2109 2275 2122 2315 :
2156 2251 2540 2326 productionis
2566 2264 2695 2303 vero
2716 2248 2882 2302 etiam
2911 2261 2976 2298 ex
3012 2241 3151 2295 Filio
3182 2241 3441 2293 doctores

1870 2364 2061 2407 omnes
2108 2343 2404 2399 clarissimi
2451 2353 2732 2411 praecones
2768 2344 2922 2391 sunt.
2964 2330 3250 2398 Principio
3288 2327 3439 2380 enim

1871 2453 2134 2511 magnum
2160 2434 2423 2490 Ecclesiae
2447 2431 2725 2492 columen,
2756 2438 2990 2494 magnus
3060 2435 3251 2475 revera
3277 2427 3330 2472 et
3357 2433 3443 2472 sa-

1871 2510 2339 2591 ceriAthanasius,
2375 2525 2428 2578 in
2462 2535 2573 2578 suae
2604 2519 2727 2574 ﬁdei
2750 2515 3140 2572 confessione:
3174 2510 3439 2580 Spiritus.

1872 2627 2070 2694 inquit,
2124 2629 2351 2678 sanctus
2400 2633 2428 2670 a
2485 2616 2650 2669 Patre
2701 2621 2756 2666 et
2799 2609 2937 2663 Filio
2973 2623 3079 2663 non
3114 2607 3314 2668 factus,
3347 2617 3446 2656 nec

1871 2721 2109 2774 creatus,
2141 2724 2244 2763 nec
2273 2707 2508 2777 genitus,
2533 2703 2626 2758 sed
2665 2701 2988 2771 procedens.
3022 2696 3163 2749 Idem
3192 2737 3207 2761 ,
3235 2696 3289 2748 in
3321 2709 3438 2745 ser-

1872 2820 2035 2861 mone
2081 2804 2148 2858 de
2200 2800 2584 2855 incarnatione
2625 2793 2862 2851 Domini,
2911 2790 3023 2844 haec
3064 2782 3445 2842 habetzNulli

1874 2913 2006 2952 vero
2031 2894 2274 2964 suspicio
2305 2893 2401 2952 sit,
2436 2890 2618 2957 ipsum
2649 2901 2758 2940 non
2793 2884 3088 2939 habentem
3118 2877 3402 2946 accepisse
3433 2890 3447 2937 ;

1873 2991 1992 3060 ipse
2022 2988 2168 3042 enim
2199 2986 2436 3054 desuper
2455 2978 2710 3034 mittebat
2731 2977 2879 3030 illum
2903 2974 3125 3028 utDens
3149 3012 3164 3035 ,
3197 2979 3254 3022 ut
3286 2968 3449 3021 homo

1875 3093 2056 3136 autem
2116 3077 2259 3132 infra
2314 3074 2569 3131 eumdem
2604 3068 2943 3138 suscipiebat
2974 3083 2989 3131 ;
3017 3080 3081 3118 ex
3113 3063 3231 3131 ipso
3267 3060 3450 3126 itaque

177 3152 498 3277 ﬁtapp’i‘jdqv
541 3203 928 3273 κηρύττουσιν.
965 3196 1177 3252 Αὐτίκα
1365 3152 1412 3246 6
1466 3190 1639 3260 μέγας
1669 3188 1767 3254 τῆς

1878 3172 2246 3231 descendebat
2274 3170 2328 3224 in
2367 3168 2546 3238 ipsum
2570 3204 2586 3229 ,
2618 3179 2680 3217 ex
2706 3162 2912 3216 deitate
2935 3158 3070 3227 ejus
3101 3156 3156 3209 in
3194 3153 3312 3222 ejus
3347 3152 3449 3202 lm~

191 3296 543 3367 Ἐκκλησίας
609 3295 823 3356 στῦλος,
870 3293 900 3344 6
953 3291 1123 3361 μέγας
1181 3286 1258 3356 τῷ
1303 3286 1419 3339 ὄντι
1472 3282 1567 3334 καὶ
1624 3278 1767 3348 ίερδς

192 3359 532 3450 Ἀθανασιος
584 3387 644 3441 ιν
690 3387 756 3456 τῇ
805 3359 1069 3454 ὁμολογίᾳ
1119 3383 1220 3450 τῆς
1276 3373 1469 3430 ἑαυτοῦ
1530 3370 1768 3430 πίστεώς
1810 3374 2006 3434 φησιν’
2048 3359 2122 3410 Τὸ

175 3490 294 3543 τοῦ
331 3485 463 3539 Υἱοῦ
492 3483 553 3536 οὐ
585 3482 827 3551 ποιητὸν,
859 3480 920 3533 οὐ
969 3478 1213 3539 κτιστδν,
1245 3475 1304 3528 οὐ
1335 3471 1618 3542 γεννητὸν,
1687 3464 1801 3519 ἀλλ’
1843 3455 2198 3527 ἐκπορευτόν.

175 3588 296 3642 τοῦ
343 3585 548 3654 Κυρίου
589 3547 733 3650 λόγω
772 3579 918 3634 οὕτω
967 3578 1172 3649 φησίν·
1202 3575 1295 3646 Μὴ
1327 3570 1623 3627 ὑπονοείτω
1697 3580 1800 3627 τις,
1842 3561 1921 3614 ὅτι
1982 3556 2057 3625 μὴ
2114 3551 2253 3654 ἔχων
2305 3547 2404 3654 αυξτ

1660 3653 1836 3708 τωθεν
1880 3645 2171 3715 ὑπεδέχετο
2225 3638 2300 3700 ὡς
2351 3634 2672 3701 ἄνθρωποςο

176 3676 414 3734 ἄνωθεν
442 3675 692 3743 ἔπεμπεν
728 3673 803 3734 ὼς
838 3669 992 3730 Θεὸς,
1025 3668 1120 3722 καὶ
1167 3665 1327 3726 αὐτὸς
1391 3661 1524 3716 αὐτὸ
1587 3658 1657 3711 κά

179 3774 426 3845 κατῄει,
450 3774 510 3825 ὲκ
534 3771 632 3838 τῆς
663 3768 918 3837 θεότητος
942 3763 1110 3818 αὑτοῦ
1139 3763 1218 3825 είς
1247 3763 1345 3832 τὴν
1375 3755 1772 3827 ἀνθρωπότητα
1816 3742 2005 3802 αὑτοῦ.

263 3865 532 3925 Bac-fleo;
581 3860 636 3914 δὲ
690 3861 718 3912 6
769 3857 1042 3916 θειότατος
1094 3855 1152 3906 ὲν
1210 3851 1287 3920 τῷ
1340 3849 1462 3902 κατ’
1512 3845 1777 3913 Εὐνομίου

169 3961 374 4030 τρίτῳ
399 3956 562 4024 φησίν
586 3969 599 3982 °
651 3970 669 4002 ι
700 3949 794 4011 Τίς
824 3948 930 4016 γὰρ
955 3947 1190 4012 ἀνάγκη,
1220 3944 1268 3996 εἰ
1297 3941 1376 4010 τῷ
1395 3937 1665 4005 ἀξιώματι
1687 3934 1780 3988 καὶ

168 4025 254 4122 τῇ
300 4048 459 4112 τάξει
491 4045 674 4115 τρίτον
707 4042 945 4110 ὑπάρχοι
1001 4038 1062 4090 τὺ
1115 4032 1356 4102 Πνεῦμα,
1401 4032 1586 4100 τρίτον
1633 4025 1776 4081 εἶναι

172 4145 340 4200 αὐτὸ
366 4142 459 4194 καὶ
483 4143 548 4207 τῇ
587 4138 785 4206 φύσεις
823 4132 1118 4198 Ἀξιὼματι
1155 4130 1254 4198 μὲν
1281 4127 1387 4195 γὰρ
1439 4122 1780 4192 δευτερεύειν

167 4238 290 4294 τοῦ
334 4229 491 4296 Υἱοῦ,
521 4230 648 4300 παρ’
680 4221 843 4281 αὑτοῦ
877 4230 938 4277 τὸ
975 4220 1116 4276 εἷναι
1146 4221 1286 4290 ἔχον,
1320 4219 1415 4270 καὶ
1448 4215 1579 4283 παρ’
1610 4214 1778 4265 αὐτοῦ

172 4327 491 4398 λαμϐάνον
521 4323 612 4375 καὶ
640 4318 976 4386 ἀναγγέλλον
1004 4316 1155 4386 ἡμῖν,
1181 4314 1276 4366 καὶ
1303 4312 1441 4373 ὅλως
1466 4309 1566 4377 τῆς
1598 4307 1778 4368 αἰτίας

169 4423 430 4488 ἐκείνης
479 4411 788 4484 ἐξημμένον
839 4407 1210 4478 παραδίδωσιν
1271 4403 1300 4455 6
1357 4401 1455 4470 τῆς
1500 4398 1781 4458 εὐσεϐείας

167 4518 391 4583 λόγος.
426 4529 446 4563 ι

277 4577 358 4657 Ἰ)
410 4602 464 4654 δὲ
514 4598 737 4666 Νύσσης
782 4595 924 4656 θεῖος
977 4588 1277 4659 Γρηγόριος
1332 4587 1360 4638 6
1414 4583 1511 4636 καὶ
1560 4577 1804 4645 ἁδελφὸς,

165 4699 406 4753 τούτου
461 4694 518 4746 ὲν
575 4689 791 4748 πολλοῖς
845 4684 945 4753 μὲν
986 4681 1166 4747 λόγοις
1219 4675 1386 4729 αὐτοῦ
1435 4667 1595 4725 τοῦτό
1625 4684 1782 4736 φησι,
1820 4671 1860 4725 1)

171 4744 479 4862 gigas—61a?
509 4782 566 4834 δὲ
619 4781 676 4833 ἐν
727 4744 792 4846 τῇ
845 4744 940 4836 ἐίς
998 4744 1085 4835 τὸν,
1126 4767 1320 4835 Πάτερ
1383 4761 1575 4833 ἡμῶν.
1605 4759 1775 4828 ὁμιλίς

1904 4765 2013 4820 pue
2059 4763 2193 4802 vero
2225 4744 2384 4799 tertia

1912 4842 2142 4862 ,l-_l__-n
2179 4839 2364 4862 ,ΙζΑΑηα

1880 3268 2220 3326 manitatem.

2170 3351 2397 3423 Πνεῦμα
2439 3351 2500 3404 τὸ
2543 3348 2700 3416 ἆγιον
2742 3343 2850 3398 ἀπὸ
2897 3339 2994 3393 τοῦ
3075 3336 3285 3401 Πατρδς
3361 3325 3456 3383 καὶ

2243 3452 2302 3505 '0
2338 3447 2498 3510 αὐτὸς
2545 3447 2602 3496 ὲν
2637 3441 2716 3510 τῷ
2784 3440 2864 3502 είς
2903 3436 3003 3507 τὴν
3039 3428 3456 3495 ὲνανθρὼπησιν

2411 3543 2468 3605 ὸς
2525 3538 2869 3607 ἐλάμϐανεν·
2947 3529 3107 3589 αὐτὸς
3165 3527 3272 3594 γὰρ
3325 3525 3458 3575 αὐτὸ

2723 3626 2783 3690 ἐξ
2837 3623 3003 3676 αὑτοῦ
3034 3618 3127 3674 οὖν
3169 3620 3246 3681 είς
3292 3618 3458 3671 αὐτὸν

1955 3829 2189 3886 Basilius
2211 3837 2427 3896 quoque
2458 3815 2865 3875 sanctissimus,
2897 3811 3038 3864 libro
3070 3806 3232 3859 tertio
3266 3805 3456 3857 comrﬂ

1885 3922 2216 3980 Eunomium
2254 3936 2267 3971 :
2310 3936 2328 3968 ι
2366 3915 2500 3981 Quae
2543 3910 2711 3964 enim.
2738 3905 2935 3974 inquit,
2963 3901 3259 3955 necessitas
3294 3897 3462 3963 cogit,

1885 4034 1952 4072 eo
1999 4015 2146 4084 quod
2211 4011 2476 4080 dignitate
2522 4013 2575 4059 et
2617 4002 2814 4057 ordine
2860 3997 3054 4051 tertius
3106 4003 3186 4047 est
3220 3991 3462 4058 Spiritus

1892 4119 2141 4170 sanctus,
2187 4103 2438 4159 eumdem
2507 4111 2629 4152 esse
2698 4104 2915 4162 quoque
2959 4087 3174 4141 tertium
3221 4080 3463 4135 natura?

1888 4204 2158 4269 Dignitate
2206 4199 2349 4253 enim
2403 4194 2553 4248 illum
2584 4205 2707 4245 esse
2735 4204 2761 4240 ιι
2795 4185 2929 4239 Filio
2983 4178 3306 4237 secundum,
3338 4188 3463 4226 cum

1887 4267 1963 4351 abi
1986 4294 2104 4363 ipso
2123 4291 2212 4354 sit,
2233 4298 2286 4342 et
2309 4287 2377 4342 ab
2404 4288 2524 4351 ipso
2556 4279 2786 4348 accipiat
2812 4285 2867 4331 et
2891 4273 3170 4328 ammntiet
3199 4267 3377 4329 nobis,
3410 4274 3466 4315 et

1889 4387 2118 4441 omnino
2159 4382 2334 4436 abilla
2368 4393 2535 4434 causa
2581 4373 3037 4445 pendeat,sermo
3075 4359 3292 4432 pictatis
3357 4367 3464 4410 tra-

1896 4481 1996 4534 dit.
2049 4496 2066 4529 ι

1968 4567 2142 4634 Hujus
2168 4573 2348 4618 autcm
2379 4559 2569 4618 frater,
2586 4551 2803 4606 divinus
2821 4546 3118 4614 Gregorius
3165 4542 3464 4611 Nyssonus.

1892 4663 1944 4715 in
1977 4659 2162 4713 multis
2191 4669 2327 4709 sane
2372 4646 2726 4705 sermonibus
2758 4643 2862 4694 hoc
2894 4640 3036 4693 idem
3068 4638 3248 4696 docet,
3277 4632 3469 4700 praaci-

2420 4741 2472 4794 in
2507 4739 2824 4792 Orationem
2867 4727 3204 4783 Dominicam
3239 4721 3465 4775 lmmilia

1905 4813 2146 4895 declarat
2176 4839 2402 4891 dicens:
2431 4851 2448 4881 ι
2479 4828 2831 4895 Unigenitum
2863 4820 3060 4874 Filium
3103 4816 3287 4871 divina
3319 4813 3471 4865 Scri-

164 4850 286 4952 ιτρί
306 4896 374 4947 τῃ
417 4873 690 4942 διατρανοῖ
716 4869 890 4937 λέγων
915 4880 929 4896 ⁸
965 4882 983 4915 (
1023 4860 1085 4916 ’0
1115 4859 1222 4928 γὰρ
1253 4852 1546 4925 μονογενὴς
1581 4850 1707 4911 Υἱὸς
1731 4851 1793 4900 ἐκ

163 4940 292 5028 τοῦ
341 4940 554 5036 Πατρὸς
621 4961 773 5027 παρᾶ
823 4957 926 5026 τῆς
972 4953 1136 5022 ἁγίας
1170 4949 1396 5019 Γραφῆς
1439 4940 1790 5012 ὀνομάζεται,

165 5067 298 5120 καὶ
341 5034 510 5128 μέχρι
543 5054 734 5108 τούτου
769 5051 983 5119 ἵστησιν
1006 5047 1034 5099 6
1062 5044 1222 5109 λόγος
1249 5039 1414 5093 αὑτοῦ
1452 5037 1512 5090 τδ
1549 5034 1747 5101 ίδίωμα
1776 5045 1790 5060 ⁸

166 5159 249 5213 τὺ
291 5124 368 5207 δίέ
405 5124 560 5217 alim,
598 5143 821 5212 Πνεῦμα
862 5140 957 5194 καὶ
991 5140 1054 5190 ὲκ
1097 5134 1192 5187 106
1225 5131 1438 5202 Πατρδς
1472 5124 1612 5179 εἶναι
1636 5124 1791 5191 λέγε-

163 5268 325 5312 ται,
386 5244 482 5296 καὶ
521 5243 582 5294 ὲκ
633 5238 723 5292 τοῦ
757 5235 888 5289 Υἱοῦ
940 5229 1079 5285 εἶναι
1134 5224 1680 5299 προσμαρτυρεῖται·
1722 5219 1792 5272 ΕΖ

160 5305 322 5406 τις,
361 5333 475 5402 γὰρ
526 5328 767 5395 Πνεῦμα
820 5318 1073 5391 Χριστοῦ
1116 5319 1228 5372 οὐκ
1280 5315 1426 5383 ἔχει,
1454 5305 1632 5371 οὗτος
1679 5306 1792 5358 οὐκ

160 5438 398 5489 ἐστιν
425 5419 634 5482 αὑτοῦ,
665 5419 828 5487 φησὶν
857 5417 885 5468 ὁ
915 5414 1057 5474 θεῖος
1095 5409 1440 5466 ’Λπόστολος.
1487 5421 1506 5453 ι

261 5523 328 5577 Κ
343 5514 564 5585 ὑριλλος
583 5512 638 5565 δὲ
655 5512 682 5562 ὁ
699 5511 791 5580 τῆς
816 5503 1205 5572 Ἀλεξανδρέων
1234 5495 1555 5564 Ἐκκλησίας
1575 5489 1798 5560 φωστὴρ

163 5623 200 5673 δ
247 5579 578 5685 μακάριος,
611 5611 668 5658 ὲν
719 5605 785 5671 τῇ
834 5601 970 5669 πρδς
1013 5594 1310 5663 Νεστόριον
1360 5585 1639 5654 ἐπιστολῇ,
1670 5579 1796 5654 ἦςή

161 5671 396 5776 ᾆρχὴ.
441 5671 549 5748 τοῦ
606 5691 861 5759 Σωτῆρος
908 5687 1064 5757 ήμῶν
1118 5681 1361 5751 ἐναργῶς
1418 5679 1691 5744 λέγοντος,
1734 5671 1795 5726 '0

1901 4945 2064 5003 ptura
2092 4945 2155 4983 ex
2189 4927 2351 4980 Patre
2384 4934 2571 4976 natum
2611 4926 2790 4980 vocat,
2832 4924 2886 4968 et
2916 4909 3227 4980 prop'rietas
3255 4907 3375 4972 ejus
3419 4906 3469 4954 in

1899 4998 2072 5081 sacris
2100 5021 2321 5076 Litteris
2347 5017 2490 5070 ultra
2528 5028 2634 5065 non
2659 5006 3039 5079 progreditur;
3079 4998 3318 5066 Spiritus
3345 5009 3472 5048 vero

1899 5129 2125 5173 sanetus
2151 5125 2202 5166 et
2226 5126 2291 5163 ex
2322 5108 2481 5161 Patre
2503 5119 2626 5160 esse
2658 5101 2878 5158 dicitur,
2911 5105 2962 5148 et
2993 5095 3217 5160 insuper
3245 5105 3310 5141 ex
3337 5087 3474 5140 Filio

1901 5226 2022 5265 esse
2044 5206 2362 5276 perhibetur
2389 5219 2402 5253 :
2425 5200 2480 5254 Si
2521 5198 2638 5268 quis
2667 5194 2804 5246 enim
2843 5188 3105 5256 Spiritum
3138 5181 3331 5236 Christi
3367 5196 3471 5229 non

1902 5274 2080 5362 habet,
2141 5299 2225 5350 hic
2280 5311 2383 5348 non
2436 5301 2513 5345 est
2559 5290 2695 5358 ejus,
2748 5285 2929 5352 inquit
2976 5276 3194 5331 divinus
3239 5274 3475 5339 Aposm-

1905 5400 1989 5450 lus
2023 5394 2085 5446 ¹³.

1982 5485 2178 5540 Beatus
2250 5495 2471 5549 quoque
2536 5473 2798 5543 Cyrillus,
2851 5462 3234 5520 Alexandrinae
3289 5457 3473 5509 lumen

1912 5575 2192 5638 Ecclesia,
2223 5574 2276 5625 in
2316 5568 2551 5638 epistola
2585 5565 2649 5617 ad
2682 5559 3025 5619 Nestorium,
3063 5552 3224 5621 cujus
3257 5545 3473 5601 initium

1909 5677 2030 5722 est:
2063 5665 2198 5720 Cum
2231 5637 2487 5717 Salvator
2517 5664 2713 5712 noster
2743 5661 2930 5723 aperte
2957 5644 3283 5718 pronuntiet
3314 5656 3330 5695 :
3369 5637 3476 5702 Qui

285 5889 343 5921 ὀ
370 5880 532 5937 Jaan.
561 5893 648 5943 xv,
679 5878 768 5933 ‘26.
851 5872 1075 5926 "Joan.
1111 5862 1431 5931 xv1,l3-l5.
1514 5860 1551 5886 "
1580 5857 1775 5914 Joaun

1878 5854 1965 5906 2)..
2061 5852 2099 5880 ⁸³
2141 5851 2293 5903 Ιὶυιιι.
2326 5863 2441 5905 \‘lll,
2473 5844 2525 5899 9.
