4164 6426
710 355 849 413 1055

1700 343 2019 402 JUSEPHI
2063 339 2612 399 METHONENSIS
2648 342 2987 400 EPISCDI'I

3846 331 3976 394 1036

693 471 871 534 diligit
916 475 1122 533 patrem
1176 476 1267 518 aut
1311 473 1531 517 matrem
1580 479 1738 533 super
1797 478 1900 525 me,
1941 477 2042 512 non
2069 469 2146 511 est
2179 471 2299 513 me,

2403 455 2560 508 ιιλῶν
2591 459 2818 525 πατέρα
2843 461 2878 525 ἢ
2907 459 3135 526 μητέρα
3167 458 3316 528 ὑπὲρ
3333 459 3460 528 ἐμὲ,
3494 459 3604 511 οὐκ
3664 456 3811 508 ἔστι
3863 469 3976 521 μου

693 561 885 627 dignus
911 559 991 623 “,
1024 558 1136 610 haec
1171 558 1330 608 habet
1361 573 1374 607 :
1410 574 1427 605 ι
1463 554 1574 608 Etsi
1598 553 1840 623 Spiritus
1867 553 2140 620 propriam
2167 548 2266 599 ha-

697 652 789 705 bet
836 650 1280 712 snhsistentiam,
1337 665 1430 717 per
1465 665 1628 717 quam
1673 664 1798 703 esse
1841 662 1940 715 per
1977 661 2034 700 se
2062 642 2269 696 intelli-

697 745 841 810 gitur
895 751 952 794 nt
1007 741 1250 810 Spiritus
1303 751 1354 794 et
1387 758 1492 793 non
1520 741 1710 803 Filius,
1737 740 1882 792 haud
1917 749 2098 792 tatnen
2131 747 2212 789 est
2238 749 2269 788 a

699 833 835 886 Filio
874 835 1108 888 alienus.
1148 832 1386 888 Vocatus
1416 835 1560 889 enim
1598 844 1681 887 est
1713 832 1952 900 Spiritus
2003 829 2266 892 veritatis,

698 927 904 980 veritas
950 935 1132 979 autem
1169 937 1251 979 cst
1278 927 1574 988 Christus;
1605 938 1659 979 et
1704 925 1809 979 ell'u
1827 925 2013 977 nditur
2053 921 2121 974 ab
2155 919 2272 986 ipso

697 1019 1161 1086 quema-lmoilum
1216 1028 1271 1072 et
1314 1035 1374 1071 es
1432 1023 1549 1086 ipso
1581 1016 1688 1071 Deo
1721 1019 1899 1073 Patre.
1933 1036 1951 1068 ι
1989 1014 2079 1066 Illa
2111 1026 2274 1081 porro

703 1121 824 1166 νοτ,
864 1106 1184 1172 e/funditur,
1217 1109 1388 1176 posita
1414 1117 1498 1161 est
1531 1123 1560 1160 a
1593 1109 1816 1161 doctore
1839 1107 1958 1159 loco
1985 1105 2148 1172 hujus
2176 1119 2274 1156 νος

698 1195 779 1248 cis
818 1195 1070 1260 procedit,
1125 1207 1181 1248 ut
1208 1198 1606 1264 ipsemetaitin
1661 1198 1999 1266 expositione
2035 1194 2276 1266 Symboli

703 1287 788 1339 his
828 1289 1050 1342 verbis:
1085 1307 1102 1338 ι
1137 1286 1202 1341 Ει
1230 1289 1553 1354 eﬂ'unditur,
1591 1292 1691 1343 hoc
1724 1301 1806 1342 est
1849 1292 2118 1358 procedit.
2166 1309 2184 1340 ι

776 1377 916 1431 Idem
971 1381 1386 1434 commentariis
1450 1383 1500 1433 in
1555 1380 1669 1433 .locl
1715 1383 2060 1449 prophetam,
2089 1381 2272 1446 espla-

705 1486 840 1522 nans
877 1470 1040 1523 verba
1078 1471 1209 1524 illa:
1239 1471 1526 1538 Effundant
1563 1473 1626 1525 de
1659 1472 1868 1542 Spiritu
1899 1489 2012 1526 meo
2039 1475 2082 1504 ¹⁵
2111 1516 2126 1538 ,
2165 1474 2282 1526 II:er

708 1561 914 1615 habet:
960 1580 977 1611 ι
1015 1560 1145 1614 Nam
1181 1561 1349 1616 Filius
1386 1572 1444 1616 ut
1472 1565 1612 1618 Deus
1637 1576 1690 1619 et
1719 1582 1780 1618 ex
1817 1566 1925 1620 Deo
1965 1566 2278 1619 naturaliter

705 1662 812 1715 est,
842 1667 906 1706 ex
937 1653 1047 1704 Deo
1083 1669 1320 1722 namque
1361 1653 1520 1708 Patre
1560 1667 1720 1710 natus
1744 1668 1827 1710 est
1854 1699 1868 1720 ,
1917 1659 2177 1727 proprius
2205 1658 2284 1726 ip-

707 1741 842 1805 sius,
903 1752 956 1796 et
1001 1744 1054 1796 in
1100 1745 1236 1811 ipso,
1303 1758 1356 1798 et
1409 1762 1475 1800 ex
1503 1747 1621 1815 ipso
1662 1759 1746 1801 est
1776 1747 2040 1816 Spiritus,
2078 1750 2275 1804 eodem

709 1833 865 1901 plane
907 1837 1085 1901 modo,
1121 1853 1232 1906 quo
1268 1837 1358 1891 Dei
1391 1836 1570 1894 Patris
1597 1854 1718 1894 csse
1750 1841 2092 1910 intelligitur.
2143 1860 2162 1893 ι

783 2033 926 2089 Idem
954 2035 1005 2088 in
1037 2038 1448 2092 commentariis
1470 2039 1668 2108 quibus
1694 2040 1943 2096 confutat
1980 2041 2287 2096 Palladium

710 2127 788 2181 sic
815 2128 929 2181 ait:
977 2147 994 2180 ι
1022 2127 1167 2183 ΝυΗὶ
1195 2146 1325 2185 vero
1372 2132 1722 2186 Inntabilitati
1750 2134 2022 2189 obnoxius
2050 2143 2136 2187 est
2166 2135 2291 2203 Spi-

715 2218 887 2285 ritus;
917 2221 1062 2288 quod
1106 2221 1148 2273 si
1195 2222 1578 2277 mutabilitatis
1614 2225 1759 2278 malo
1790 2226 2021 2293 laborat,
2061 2226 2163 2292 ipsi
2197 2227 2284 2279 di-

715 2313 853 2366 vinae
903 2325 1110 2368 natura:
1158 2316 1308 2369 labes
1365 2315 1477 2370 haec
1528 2328 1869 2385 aspcrgetur,
1903 2334 2028 2373 cum
2083 2320 2155 2372 sit
2196 2319 2290 2374 Dei

712 2401 910 2469 Patris,
966 2415 1128 2473 atque
1181 2407 1354 2475 ipsius
1408 2407 1550 2474 Filii,
1611 2411 1704 2480 qui
1784 2412 2155 2466 essentialiter
2224 2430 2290 2467 ex

716 2503 966 2562 utroque,
1011 2497 1220 2552 scilicet
1272 2514 1337 2553 ex
1396 2500 1555 2554 Patre
1615 2517 1708 2569 per
1746 2500 1946 2557 Filium
1979 2503 2281 2559 etl'unditur

716 2585 969 2653 Spiritus.
1024 2605 1042 2638 ι

789 2675 932 2730 Idem
981 2677 1032 2730 in
1098 2680 1444 2745 espOsitione
1503 2683 1942 2738 anathemalismi
2005 2687 2131 2740 noni
2177 2688 2294 2743 ait:

726 2788 744 2820 ι
777 2769 1062 2839 Prom-ium
1092 2773 1298 2826 habens
1324 2771 1497 2824 Filius
1523 2772 1784 2839 Spiritum
1816 2785 2090 2843 sanctum,
2113 2779 2204 2847 qui
2229 2793 2297 2832 ex

722 2863 841 2928 ipso
869 2872 976 2926 est,
1008 2872 1062 2915 et
1086 2863 1188 2931 ipsi
1216 2861 1584 2914 essentialilcr
1613 2863 1808 2918 insitus
1829 2874 1942 2932 cst,
1971 2867 2151 2920 divina
2173 2884 2297 2938 ope-

722 2956 946 3007 rabatur
979 2957 1255 3008 mir-arula.
1310 2976 1328 3006 ι

796 3046 993 3101 Beatus
1027 3065 1247 3119 quoque
1279 3051 1731 3124 Chrysostomus,
1765 3053 1986 3107 homilia
2016 3054 2071 3107 in
2117 3055 2296 3108 incar-

2368 548 2744 619 ἇξιος,φησίν
2773 568 2786 580 ⁸
2821 571 2838 602 ‹
2875 552 2934 603 Εἰ
2973 554 3063 603 καὶ
3093 552 3208 604 ἐστι
3263 554 3324 604 16
3379 552 3598 619 Πνεῦμα
3630 552 3688 602 ἐν
3735 548 3975 600 ὑποστά-

2375 661 2458 696 σει
2487 642 2654 711 ίδικῇ,
2695 647 2790 696 καὶ
2820 644 2883 711 δὴ
2908 647 3106 696 νοεῖται
3140 643 3262 697 καθ’
3289 644 3418 696 αὐτὸ
3441 642 3574 695 καθὸ
3601 638 3842 705 Πνεῦμά
3871 640 3976 687 ἐστι

2373 734 2466 788 καὶ
2495 736 2592 803 οὐχ
2639 735 2788 798 Υἱὸς,
2827 737 2943 787 ἀλλ’
2967 736 3060 789 οῦν
3090 739 3235 788 ἐστιν
3253 737 3355 788 οὐκ
3381 736 3665 804 ἀλλότριον
3685 731 3788 784 τοῦ
3826 728 3974 781 Υἱοῖν

2373 824 2600 888 Πνεῦμα
2630 827 2744 895 γὰρ
2789 827 3042 894 ἀληθείας
3065 828 3401 896 ὠνόμασται,
3428 830 3522 880 καὶ
3545 826 3660 878 ἐστι
3685 822 3973 888 Χριστὶςῆ

2388 919 2634 988 ἀλήθειαν
2660 920 2756 973 καὶ
2800 923 3086 988 προχεῖται
3142 920 3497 989 παράὖτοῦ,
3541 918 3807 984 καθάπερ
3843 915 3974 980 ἁμέ-

2376 1013 2458 1064 ).ει
2484 1013 2576 1064 καὶ
2613 1015 2676 1065 ἐκ
2712 1014 2806 1065 τοῦ
2835 1013 2969 1065 Θεοῦ
3002 1016 3096 1066 καὶ
3141 1014 3376 1080 Πατρός.
3414 1032 3434 1064 δ
3467 1014 3540 1065 T6
3569 1013 3626 1064 δὲ
3663 1006 3974 1078 ,προχεῖται

2377 1102 2498 1154 ἀντὶ
2527 1103 2619 1155 τοῦ
2649 1104 3040 1172 ἐκπορεύεται
3085 1107 3112 1158 6
3145 1106 3467 1168 διδάσκαλος
3521 1105 3769 1171 τίθησιν,
3811 1101 3888 1163 ὡς
3928 1103 3978 1149 ἐν

2377 1201 2442 1266 τῇ
2487 1197 2748 1266 ἐξηγήσει
2807 1199 2899 1251 τοῦ
2954 1199 3101 1252 θείου
3174 1199 3456 1268 Συμϐόλου
3505 1201 3533 1252 6
3583 1198 3755 1257 αὐτὸς
3810 1196 3974 1257 λέγει.

2380 1292 2508 1344 ἔνθα
2533 1293 2700 1359 φησί’
2738 1292 2879 1344 «Καὶ
2911 1294 3230 1360 προχεῖται,
3266 1293 3436 1362 ἧγουν
3471 1290 3902 1358 ἐκπορεύεται.»

2461 1384 2520 1433 Ὀ
2554 1384 2715 1445 αὐτὸς
2753 1384 2810 1434 ἐν
2844 1385 2908 1451 τῇ
2958 1384 3229 1452 ἑρμηνεία
3287 1387 3354 1450 τῇ
3408 1385 3489 1443 είς
3539 1383 3635 1434 16v
3668 1381 3978 1448 προφήτην

2395 1475 2550 1545 Ἰωὴλ
2591 1479 2684 1542 τῇ,
2734 1476 2961 1543 Ἐκχεῶ
2989 1477 3110 1529 ἀπὸ
3165 1475 3273 1528 τοῦ
3307 1475 3663 1542 Πνελύματύς
3692 1490 3842 1540 μου.
3879 1489 3971 1536 φη-

2385 1570 2472 1622 σιν
2497 1586 2510 1601 ο
2547 1590 2565 1621 ι
2599 1563 2671 1641 ᾟ
2704 1572 2801 1638 μὲν
2830 1571 2940 1640 γάρ
2969 1571 3086 1623 ἐστι
3114 1571 3249 1633 Θεὸς
3276 1572 3368 1624 καὶ
3401 1572 3464 1622 ἐκ
3493 1567 3630 1621 Θεοῦ
3657 1568 3803 1620 κατὰ
3825 1565 3978 1629 enim

2384 1665 2413 1717 6
2444 1665 2593 1726 Υῑδς,
2629 1664 2954 1732 γεγέννηται
2993 1666 3102 1731 γὰρ
3151 1663 3216 1716 ἐκ
3266 1661 3362 1714 τοῦ
3411 1660 3548 1713 Θεοῦ
3602 1661 3704 1712 καὶ
3742 1657 3972 1723 [la-:96;

2389 1756 2520 1809 ῐδιον
2549 1757 2718 1808 αὑτοῦ
2749 1773 2806 1807 τε
2838 1756 2931 1808 καὶ
2960 1757 3017 1806 ἐν
3045 1756 3195 1822 αὖτῴ
3231 1756 3326 1807 καὶ
3363 1755 3420 1819 ἐξ
3451 1752 3616 1805 αὐτοῦ
3655 1752 3718 1804 16
3748 1749 3972 1814 Πνεῦμα

2398 1851 2538 1911 ἐστι.
2570 1849 2820 1918 καθάπερ
2878 1850 3073 1916 ἀμέλει
3124 1851 3216 1900 καὶ
3268 1847 3356 1900 ἐπ’
3401 1846 3570 1899 αὐτοῦ
3622 1847 3838 1896 νοεῖται
3892 1839 3977 1893 τοῦ

2394 1940 2528 1994 Θεοῦ
2558 1943 2651 1992 καὶ
2691 1942 2925 2009 Πατροὲς.
2977 1965 2995 1992 s

2477 2034 2538 2086 '0
2582 2034 2745 2096 c1616;
2775 2035 2831 2086 ὲν
2875 2036 2987 2096 τοῖς
3039 2033 3170 2101 πρὶς
3207 2030 3506 2083 Παλλάδιον
3544 2026 3981 2097 ’Ᾱντιρῤητικοίς

2397 2128 2537 2181 οὕτω
2566 2128 2715 2194 λέγει
2737 2142 2751 2154 ⁸
2789 2146 2808 2178 ι
2852 2126 3098 2196 Τρεπτδν
3125 2125 3181 2178 δὲ
3203 2125 3264 2178 οὗ
3292 2125 3376 2177 τοί
3405 2141 3508 2177 που
3534 2121 3770 2189 Πνεῦμά
3803 2123 3977 2172 ἐστιν·

2399 2221 2431 2289 ἢ
2464 2221 2624 2290 εἴπερ
2651 2222 2711 2272 16
2739 2220 3040 2289 τρέπεσθαι
3078 2220 3248 2278 νοσεῖ,
3279 2217 3369 2270 ἐπ’
3394 2217 3569 2284 αὐτὴν
3597 2216 3626 2267 6
3659 2215 3858 2282 μῶμος
3889 2213 3978 2278 τὴν

2402 2313 2553 2363 Θείαν
2576 2313 2974 2382 ἀναδραμείται
3005 2309 3187 2374 φύσιν,
3223 2307 3383 2373 εἰπερ
3415 2307 3532 2358 ἐστὶ
3574 2303 3672 2357 τοῦ
3722 2302 3864 2356 Θεοῦ
3897 2307 3982 2352 καὶ

2401 2404 2634 2473 Πατρδς,
2673 2404 2765 2457 καὶ
2815 2403 2921 2473 μὴν
2984 2403 3079 2454 καὶ
3127 2400 3222 2454 τοῦ
3282 2398 3438 2463 Υἱοῦ,
3486 2398 3548 2450 16
3605 2396 3888 2456 οὖσιωδὼς
3932 2394 3985 2453 ἐξ

2403 2503 2629 2569 ἀμφοῖν,
2671 2503 2844 2571 ἤγουν
2903 2501 2966 2552 ἐκ
3030 2497 3245 2567 Πατρδς
3297 2497 3364 2550 δι’
3419 2493 3549 2549 Υἱοῦ
3611 2494 3979 2563 προχεόμενον

2406 2592 2650 2662 Πνεῦμα.
2691 2611 2709 2642 ι

2484 2685 2546 2738 Ὀ
2577 2685 2738 2747 αὐτὸς
2779 2686 2837 2736 ἐν
2881 2685 2944 2752 τῇ
2993 2681 3254 2749 ἐξηγήσει
3307 2679 3404 2732 τοῦ
3446 2679 3676 2732 ἐννάτω
3712 2678 3985 2744 ἀναθεμα-

2404 2776 2599 2843 τισμοῦ
2650 2793 2814 2844 φησιν
2838 2792 2851 2806 ·
2892 2794 2911 2823 ε
2930 2774 3089 2826 Ἱδιον
3141 2775 3280 2842 ἔχων
3309 2773 3338 2823 6
3367 2771 3492 2830 Υἱὸς
3524 2771 3585 2822 16
3617 2770 3679 2832 ἐξ
3707 2769 3876 2822 αὑτοῦ
3897 2767 3982 2818 καὶ

2405 2868 2678 2931 οὐσιωδῶς
2715 2867 3036 2935 ἐμπεφυκὸς
3080 2864 3228 2932 αύτῷ
3261 2863 3482 2932 Πνεῦμα
3511 2862 3670 2928 ἅγιον
3701 2861 3982 2931 εἰργάζετο

2403 2962 2502 3021 τὰς
2537 2959 2884 3027 θεοσημείας.
2921 2976 2941 3009 ι

2476 3049 2863 3118 Χρυσόστομος
2911 3049 2966 3102 δὲ
3002 3052 3029 3102 6
3061 3050 3336 3118 μακάριος
3391 3051 3447 3100 ἐν
3477 3051 3540 3117 τῇ
3575 3049 3772 3118 ὁμιλίᾳ
3800 3052 3866 3115 τῆ
3910 3051 3983 3108 εἰς

722 3139 994 3194 nationem
1026 3140 1261 3203 Domini.
1287 3145 1363 3198 ait
1395 3162 1408 3196 :
1450 3163 1468 3196 ι
1507 3144 1661 3199 Venit
1685 3147 1750 3198 ad
1778 3160 1876 3200 nos
1905 3145 2178 3211 Christus,
2209 3147 2299 3200 ἀο-

2403 3143 2500 3208 τὴν
2550 3141 2958 3209 ἐνανθρώπησιν
3007 3141 3100 3194 τοῦ
3157 3141 3364 3209 Κυρίου
3421 3141 3586 3209 φησίν
3615 3159 3627 3170 ·
3673 3160 3694 3192 ι
3728 3136 3980 3194 Ἦλθενό

723 3231 805 3284 dit
853 3234 1013 3289 nobis
1061 3233 1352 3302 Spiritum,
1409 3240 1503 3304 qui
1531 3237 1741 3306 exipso
1769 3247 1875 3301 est,
1911 3237 2301 3306 etvassumpsit

725 3341 924 3392 corpus
957 3337 1224 3381 nostrum.
1256 3349 1273 3379 ι
1306 3329 1446 3393 Quid
1477 3344 1638 3399 porro
1667 3329 1770 3384 sibi
1797 3331 1912 3382 vult
1933 3328 2085 3394 illud,
2114 3328 2215 3396 Qui
2235 3345 2300 3382 ex

729 3418 847 3484 ipso
886 3429 988 3485 est,
1040 3422 1142 3474 nisi
1187 3421 1478 3491 Spiritum,
1511 3426 1603 3493 qui
1635 3424 1704 3477 ab
1736 3423 1853 3492 ipso
1889 3423 2154 3493 procedit,
2180 3437 2305 3478 esse

732 3514 890 3566 nobis
916 3515 1102 3565 datum
1133 3516 1155 3567 ?

812 3607 1030 3661 Simeon
1067 3617 1325 3677 praeterea
1371 3624 1544 3663 novus
1575 3608 1878 3678 theologus,
1921 3609 2013 3677 qui
2050 3617 2104 3662 et
2144 3606 2309 3662 Meta-

732 3699 1002 3766 phrastes,
1029 3701 1221 3769 quinto
1239 3701 1421 3755 Nonas
1449 3697 1720 3764 Octobris,
1753 3700 1843 3753 ubi
1872 3701 2041 3754 sancti
2071 3699 2306 3770 Dionysii

733 3793 1064 3863 Areopagitae
1101 3793 1265 3846 vitam
1295 3794 1502 3858 scribit,
1554 3792 1633 3848 sic
1666 3793 1738 3846 ait
1769 3810 1782 3845 :
1810 3810 1829 3844 ι
1875 3790 2060 3847 Finem
2105 3792 2308 3846 habent

739 3885 1037 3954 corporalis
1052 3885 1317 3938 adventus
1337 3883 1538 3949 ofﬁcia,
1559 3894 1612 3938 et
1631 3894 1855 3936 sumunt
1872 3882 2082 3937 initium
2103 3883 2310 3951 spirita-

732 3968 832 4037 lia:
869 3991 1130 4044 meusque
1152 3976 1203 4030 in
1222 3977 1418 4031 cmlnm
1437 3976 1683 4029 evehitur
1705 3966 1978 4038 Christus,
1998 3986 2050 4029 et
2067 3976 2296 4044 patriam

737 4070 926 4138 repetit
948 4072 1152 4136 sedem,
1182 4070 1453 4137 mittitque
1474 4067 1752 4138 Spiritum,
1777 4069 1868 4137 qni
1894 4070 1962 4122 ab
1979 4070 2099 4136 ipso
2123 4083 2311 4137 proce-

733 4161 830 4224 dit,
853 4160 904 4213 in
928 4160 1239 4228 discipulos,
1296 4161 1533 4214 utdnces
1585 4160 1879 4215 incredulis
1940 4162 2192 4228 gentibus
2217 4162 2312 4214 lie-

735 4264 872 4305 rent.
896 4271 914 4303 ι
955 4252 1028 4306 Ita
1059 4268 1251 4321 nmguo
1285 4252 1421 4320 patri
1453 4251 1842 4321 Chrysnstomo
1878 4269 2116 4308 consona
2134 4255 2310 4324 loqui-

739 4355 845 4411 tur,
867 4344 993 4398 dum
1034 4345 1131 4407 ait,
1150 4344 1415 4412 Spiritum
1434 4345 1525 4412 qui
1550 4344 1620 4398 ab
1636 4345 1755 4412 ipso
1776 4345 2042 4411 procedit.

806 4612 1006 4666 Beatus
1035 4610 1219 4665 itidem
1247 4611 1596 4678 Epiphanius,
1634 4612 1795 4684 Cypri
1855 4615 2318 4684 archiepiscopus.

742 4723 760 4756 ι
778 4705 968 4771 Ambo,
990 4705 1181 4773 inquit,
1202 4704 1254 4756 in
1271 4703 1646 4769 hominejusto
1665 4705 1986 4771 inhabitant,
2007 4707 2259 4763 Christus
2271 4718 2324 4763 et

738 4796 976 4866 Spiritus
1011 4797 1150 4865 ejus:
1168 4796 1312 4865 quod
1347 4797 1390 4850 si
1406 4796 1658 4852 Christus
1675 4814 1739 4852 ex
1757 4797 1912 4853 Patre
1929 4800 2163 4854 creditur
2183 4802 2325 4858 Deus

738 4891 803 4944 de
825 4889 950 4954 Deo,
975 4888 1210 4957 Spirilns
1227 4904 1444 4957 quoque
1461 4898 1563 4942 erit
1582 4905 1608 4941 a
1625 4889 1862 4954 Christo,
1880 4891 1960 4944 vel
1979 4893 2047 4945 ab
2071 4905 2322 4962 utroque;

738 4981 1194 5051 quemadmodum
1216 4980 1442 5034 atlirmat
1467 4981 1738 5047 Christus,
1761 4983 1889 5036 dum
1913 4984 2022 5037 ait:
2049 4983 2201 5049 Quia
2228 4983 2336 5067 Pa_

741 5087 818 5128 tre
846 5074 1102 5142 procedit,
1122 5086 1276 5142 atque
1308 5075 1384 5126 ita
1397 5090 1459 5125 ea:
1473 5090 1550 5126 me
1568 5075 1809 5138 accipiet.
1846 5093 1864 5124 ι
1889 5073 2021 5127 Etin
2046 5076 2332 5153 Ancoralo:

748 5187 764 5218 ι
794 5165 1264 5230 Quemadmodum
1289 5180 1448 5218 nemo
1471 5166 1620 5220 novit
1654 5164 1870 5220 Patrem
1889 5166 1994 5220 nisi
2019 5166 2209 5233 Filius,
2235 5184 2331 5222 ne-

741 5274 847 5326 que
870 5259 1061 5311 Filium
1098 5258 1198 5310 nisi
1235 5257 1411 5318 Pater;
1437 5258 1507 5310 ita
1527 5257 1707 5311 dicere
1725 5257 1920 5324 audeo,
1945 5274 2120 5328 neque
2161 5259 2334 5329 Spiri-

744 5361 856 5405 tum
891 5349 992 5403 nisi
1043 5348 1199 5401 Pater
1231 5359 1281 5402 et
1317 5347 1504 5412 Filius,
1530 5364 1557 5400 a
1596 5362 1706 5417 quo
1747 5349 2007 5417 procedit,
2050 5359 2104 5404 et
2146 5367 2174 5405 a
2221 5367 2330 5420 quo

743 5441 962 5511 accipit,
995 5450 1049 5494 et
1072 5455 1171 5496 nec
1202 5441 1394 5495 Filium
1427 5447 1483 5493 et
1508 5441 1724 5493 Patrem
1762 5441 1866 5496 nisi
1923 5440 2159 5510 Spiritus
2203 5459 2330 5497 sau-

751 5543 892 5598 ctus,
921 5532 1012 5601 qui
1045 5531 1204 5586 docet
1231 5533 1413 5586 omnia
1445 5543 1499 5588 et
1535 5545 1659 5585 vere
1718 5531 2002 5598 clariﬁcat,
2043 5535 2131 5603 qui
2169 5545 2252 5589 est
2297 5551 2328 5590 a

746 5621 906 5678 Patre
937 5633 990 5676 et
1020 5623 1176 5678 Filio.
1212 5643 1232 5676 ι
1270 5623 1334 5679 Et
1362 5625 1523 5693 paulo
1543 5623 1706 5679 infra:
1735 5641 1753 5675 ι
1781 5623 2020 5694 Spiritus
2049 5638 2228 5682 autem
2259 5644 2322 5682 cx

749 5718 909 5772 Patre
936 5726 989 5770 et
1024 5715 1161 5770 Filio
1191 5718 1451 5786 spiratur.
1507 5737 1524 5768 ι

832 5835 870 5865 ⁸⁸
899 5834 1087 5890 Matth.
1116 5853 1168 5896 χ.
1195 5837 1286 5891 57.
1365 5837 1404 5868 ¹⁸
1442 5835 1555 5892 «ιυυι
1581 5854 1635 5906 n,
1670 5839 1760 5894 ‘28.

2403 3235 2637 3300 Χριστὸς
2669 3235 2750 3297 είς
2794 3236 2966 3302 ἡμᾶς,
2995 3233 3195 3288 ἔδωκεν
3226 3236 3361 3304 ἡμῖν
3406 3235 3466 3286 16
3510 3233 3569 3297 ἐξ
3597 3235 3774 3287 αὐτοῦ
3811 3234 3946 3286 Πνεῦ

2408 3343 2502 3396 μα,
2536 3327 2631 3380 καὶ
2657 3325 2880 3379 ἀνέλαϐε
2908 3326 2968 3378 16
2994 3326 3261 3395 ἡμέτερον
3293 3329 3476 3393 σῶμα.
3511 3345 3530 3378 ι
3572 3327 3645 3379 Τὸ
3674 3327 3757 3392 δὲ,
3789 3328 3875 3392 ἘΞ
3900 3328 3986 3378 αὖ·

2403 3420 2520 3486 τοῦ,
2553 3421 2606 3473 τι
2656 3419 2852 3490 δηλοῦν
2887 3420 3221 3488 βούλεται,ἢ
3267 3421 3353 3472 ὅτι
3390 3420 3451 3473 16
3496 3419 3555 3483 ἐξ
3607 3421 3784 3472 αὑτοῦ
3832 3423 3988 3471 ἐκπο-

2412 3512 2700 3583 ρευόμενον
2739 3510 2964 3579 Πνεῦμα
2991 3511 3227 3564 δέδωκεν
3254 3512 3423 3579 ὴμῖνς

2480 3606 2591 3660 Καὶ
2638 3603 2851 3674 Σιμεὼν
2877 3603 2934 3656 δέ
2961 3607 2988 3657 6
3014 3603 3133 3664 νέος
3179 3603 3452 3670 θεολόγος,
3483 3603 3512 3654 6
3559 3602 3655 3654 καὶ
3693 3603 3988 3669 Memqu-

2411 3699 2542 3770 στὴς
2576 3697 2931 3766 καλούμενος,
2967 3699 3032 3766 τῇ
3067 3697 3228 3766 τρίτῃ
3277 3697 3373 3748 τοῦ
3413 3694 3762 3764 Ὀκτωσρίου
3793 3697 3880 3757 εἰς
3908 3694 3990 3746 τὸν

2413 3793 2526 3863 βίον
2570 3791 2665 3843 τοῦ
2702 3791 2859 3858 ἁγίου
2907 3787 3190 3843 Διονυσίου
3236 3789 3331 3842 τοῦ
3375 3790 3796 3856 Ἀρειοπαγίτου
3858 3787 3990 3839 οὓτω

2413 3889 2609 3955 φάσκει
2639 3901 2652 3916 ο
2703 3903 2721 3936 ι
2759 3885 2937 3952 Πέρας
2967 3882 3033 3936 τὰ
3059 3884 3155 3950 τῆς
3185 3881 3506 3951 σωματικῆς
3549 3879 3824 3947 ὲνδημίας
3856 3879 3991 3946 δέκεο

2410 3991 2521 4036 ται,
2547 3975 2612 4027 τὰ
2638 3973 2694 4026 δὲ
2725 3972 2820 4025 τοῦ
2861 3976 3168 4039 πνεύματος
3194 3973 3447 4040 ἄρχεταιο
3487 3970 3584 4022 καὶ
3611 3970 3690 4031 εἰς
3720 3970 3989 4037 cipue-3;

2412 4068 2441 4118 6
2505 4065 2639 4133 ἐμὸς
2695 4064 2932 4131 Χριστὸς
2975 4063 3330 4133 ἀναφέρεται,
3385 4062 3522 4132 πρὸς
3574 4063 3664 4113 16v
3730 4063 3994 4129 πατρικὸν

2415 4158 2661 4213 ἐπάνεισι
2728 4158 2955 4223 θρόνον,
3013 4157 3110 4210 καὶ
3188 4156 3250 4208 16
3311 4155 3751 4224 ἐκπορευόμενον
3832 4153 3993 4208 αὐτοῦ

2415 4249 2640 4320 Πνεῦμα
2688 4251 2784 4302 ἐπὶ
2823 4252 2889 4319 τῇ
2940 4249 3051 4300 τῶν
3101 4248 3354 4300 ἀπίστων
3411 4246 3583 4299 ἐθνῶν
3635 4247 3995 4313 καταπέμπει

2417 4345 2528 4404 τοῖς
2555 4341 2824 4412 μαθηταῖς
2869 4341 3061 4411 ὀδηγίᾳ
3093 4358 3106 4371 ·
3145 4358 3166 4392 ι
3197 4339 3404 4410 συνῳδὰ
3456 4339 3628 4407 λέγων
3656 4338 3734 4406 τῷ
3778 4339 3998 4405 peril-gi

2420 4436 2587 4505 πατρὶ
2635 4437 3033 4507 Χρυσοστόμῳ,
3097 4435 3270 4504 ἧγουν
3324 4434 3383 4486 16
3439 4433 3889 4502 ἐκπορευόμενον
3952 4429 3999 4490 ἐξ

2420 4526 2609 4581 αὑτοῦ.

2500 4620 2820 4689 Ἐπιφάνιος
2868 4620 2923 4673 δὲ
2977 4617 3414 4688 ἀρχιεπίοκοπος
3465 4616 3692 4683 Κύπρου
3739 4617 3768 4665 6
3827 4614 4001 4678 μακά-

2421 4730 2555 4784 ριος,
2589 4732 2607 4764 ι
2659 4713 2968 4782 Ἀμφότερα
3003 4715 3268 4774 κατοικεῖ,
3297 4712 3480 4779 φησὶν,
3514 4710 3570 4761 ἐν
3608 4707 3685 4774 τῷ
3731 4704 4002 4771 ἀνθρώπῳ

2421 4803 2498 4873 τῷ
2521 4803 2736 4870 δικαίῳ,
2776 4805 2804 4856 ὀ
2841 4801 3074 4872 Χριστὸς
3109 4801 3296 4854 καὶτὸ
3337 4798 3560 4866 Πνεῦμα
3603 4796 3788 4849 αὑτοῦ.
3845 4796 3912 4846 ΕΞ
3954 4795 4000 4844 δὲ

2427 4897 2662 4963 Χριστὸς
2691 4898 2754 4948 ἐκ
2789 4894 2881 4948 τοῦ
2913 4896 3122 4962 Πατρὸς
3183 4893 3501 4947 πιστεύεται
3546 4890 3676 4950 Θεῖς
3727 4891 3790 4941 ἐκ
3848 4885 4000 4943 Θεςῦ,

2433 4990 2526 5041 καὶ
2557 4989 2618 5041 τὸ
2651 4989 2875 5055 Πνεῦμα
2903 4989 2966 5040 ἐκ
2997 4987 3092 5041 τοῦ
3128 4986 3390 5056 Χριστοῦ,
3419 4985 3450 5054 ἦ
3489 4984 3617 5051 παρ’
3652 4984 4001 5050 ἀμφοτέρων.

2433 5079 2508 5144 ὥς
2538 5097 2703 5150 φησιν
2736 5082 2764 5132 6
2795 5081 3031 5148 Χριστός
3055 5095 3070 5109 ·
3113 5082 3184 5132 Ὃ
3211 5079 3372 5146 παρὰ
3416 5077 3522 5131 τοῦ
3567 5075 3801 5140 Πατρὸς
3830 5074 4003 5125 ἐκπη-

2427 5174 2686 5240 petierat,
2711 5173 2808 5227 καὶ
2837 5173 3025 5238 οὕτως
3046 5173 3115 5237 ἐξ
3147 5171 3294 5241 ἐμοῦ
3325 5171 3610 5238 λήψεται.
3642 5186 3659 5219 ι
3693 5168 3809 5219 Καὶ
3839 5167 3899 5216 ἐν
3939 5163 4002 5230 τῷ

2448 5265 2785 5335 Ἀγκυρωτῷ
2810 5281 2825 5295 ·
2868 5285 2886 5317 ι
2925 5267 3024 5318 Ὃν
3052 5266 3254 5334 τρόπον
3288 5264 3462 5325 οὐδεὶς
3488 5261 3630 5330 ἔγνω
3663 5259 3758 5310 τὸν
3795 5258 4003 5323 Πατέρα

2436 5360 2482 5411 εί
2519 5359 2592 5428 μὴ
2621 5360 2648 5411 6
2692 5358 2841 5424 Υῑδς,
2872 5358 2995 5412 οὐδὲ
3036 5358 3128 5410 τὸν
3163 5357 3292 5410 Υίδν
3337 5357 3387 5408 εἰ
3442 5355 3516 5426 μὴ
3545 5357 3573 5406 6
3618 5353 3837 5418 Πατὴρ,
3867 5349 3999 5401 οὕτω

2435 5451 2620 5520 τολμῶ
2649 5451 2853 5514 λέγειν,
2880 5449 3000 5503 οὐδὲ
3022 5450 3082 5503 16
3110 5449 3336 5517 Πνεῦμα
3371 5448 3421 5499 ει
3455 5447 3530 5514 μὴ
3566 5447 3594 5497 6
3627 5443 3819 5513 Πατὴρ
3862 5442 3952 5493 καὶ
3981 5441 3999 5488 ὁ

2438 5542 2586 5608 Υἱὸς,
2617 5543 2746 5613 παρ’
2775 5541 2836 5595 οὗ
2886 5540 3250 5610 ἐκπορεύεται
3301 5540 3398 5592 καὶ
3445 5538 3571 5606 παρ’
3604 5535 3666 5589 οῦ
3715 5532 3995 5602 λαμόὣλεε·

2437 5635 2532 5688 καὶ
2565 5635 2688 5688 οὐδὲ
2720 5635 2814 5688 τὸν
2846 5633 2974 5687 Υίὸν
3000 5633 3092 5686 καὶ
3120 5632 3209 5685 τὸν
3240 5631 3458 5698 Πατέρα
3494 5631 3539 5682 εί
3582 5629 3658 5697 μὴ
3684 5631 3744 5679 τδ
3777 5622 3993 5690 Πνεῦμι

2438 5728 2495 5779 16
2525 5727 2704 5795 ἅγιον,
2735 5727 2794 5781 16
2831 5727 3083 5782 διδάσκον
3114 5726 3310 5791 πάντα,
3341 5723 3398 5776 :6
3446 5723 3672 5790 augizw
3723 5714 3994 5789 ἀληθῶς.ἓ
