4164 6426
217 352 341 412 1θ57

1265 362 1701 423 llEFUTATlO
1744 363 1979 423 MARCI
2020 366 2400 430 EPIIESINI.

3289 378 3421 441 1033

213 466 353 535 παρὰ
395 467 485 519 τοῦ
530 470 742 540 Πατρὶς
789 472 1000 526 καὶτοῦ
1041 474 1169 528 Υἱοῦ
1211 479 1325 531 ἐστι
1353 495 1364 507 '
1421 498 1440 530 ι
1466 481 1558 533 καὶ
1592 478 1923 549 κατωτέρω·
1962 500 1979 533 ι
2025 483 2097 537 Τὸ
2132 486 2351 556 Πνεῦμα
2402 486 2458 539 δὲ
2504 489 2566 540 ἐκ
2606 489 2698 541 τοῦ
2768 490 2976 558 Πατρδς
3024 491 3115 543 καὶ
3147 492 3240 545 τοῦ
3307 496 3436 547 Υίοῦ

210 562 375 614 πνέει.
407 582 426 613 ι

269 654 539 722 Ταράσιος
568 659 625 712 δὲ
671 662 696 713 ό
727 663 996 734 μακάριος
1037 671 1385 741 πατριάρχης
1417 673 1767 727 Κωνσταντι-

1946 671 2207 727 Similiter
2225 673 2414 728 beatus
2432 671 2691 730 Tarasius
2720 675 3026 745 patriarcha
3055 676 3431 734 Constantino-

203 748 500 812 νουπόλεως
538 754 595 802 ἐν
623 756 687 823 τῇ
719 757 973 827 ἐπιστολῇ
1008 759 1147 827 πρὸς
1177 764 1305 824 τοὺς
1349 766 1450 827 τῆς
1499 768 1772 835 ἀνατολῆς

203 839 496 907 ἀρχιερεῖς,
526 836 593 913 ἧς
644 847 676 913 ἡ
726 848 891 916 ἁρχὴ,
930 849 1159 913 Πολλαίς
1192 855 1290 907 καὶ
1342 858 1607 923 μεγάλαις
1639 876 1772 926 προ-

201 932 384 992 νοίαις,
414 933 551 986 οὕτω
584 938 718 1005 φησί
745 956 758 970 ·
791 959 807 990 ι
846 943 947 994 Καὶ
974 946 1052 1006 είς
1084 945 1145 996 τὸ
1173 944 1391 1015 Πνεῦμα
1417 951 1476 1000 τὸ
1506 949 1681 1015 ἅγιον,
1714 953 1773 1003 τὸ

201 1025 259 1074 ὲκ
306 1024 398 1077 τοῦ
457 1026 664 1097 Πατρδς
709 1031 777 1083 δι’
813 1033 944 1087 Υίοῦ
995 1038 1457 1106 ἐκπορευόμενον,
1490 1044 1580 1094 καὶ
1639 1043 1772 1096 αὐτὸ

200 1112 331 1166 Θεὸν
363 1110 504 1168 εἶναι
532 1122 953 1189 γνωριζόμενον.
977 1146 994 1177 ι

270 1206 377 1257 Καὶ
413 1210 440 1259 ό
486 1208 643 1276 ἅγιος
692 1213 748 1266 δὲ
811 1214 1046 1287 Ἱλάριος
1100 1222 1156 1272 ἐν
1192 1221 1260 1290 τῷ
1304 1222 1447 1292 λόγῳ
1498 1223 1575 1294 τῷ
1631 1226 1770 1292 μετὰ.

197 1298 293 1365 τὴν
337 1300 711 1373 Πεντηκοστὴν
745 1304 888 1361 οὕτω
915 1310 1080 1379 φησί’
1118 1330 1135 1362 ι
1180 1313 1514 1382 Πιστεύομεν
1557 1316 1637 1377 είς
1672 1316 1769 1386 τὴν

195 1390 354 1456 ἁγίαν
399 1394 623 1463 Τριάδα,
656 1395 903 1453 τουτέστί
955 1403 1049 1454 τὸν
1102 1404 1320 1473 Πατέρα
1368 1411 1463 1459 καὶ
1502 1409 1591 1459 τὸν
1640 1409 1769 1461 Υίὸν

197 1482 289 1533 καὶ
316 1483 376 1535 τὸ
406 1483 560 1553 ἅγιον
596 1488 845 1558 Πνεῦμα,
882 1491 978 1546 ἕνα
1010 1494 1141 1547 Θεὸν
1172 1497 1601 1567 παντοδῦναμον,
1636 1502 1768 1569 μιᾶς

193 1578 404 1642 οὐσίας,
440 1581 575 1648 μιᾶς
614 1582 922 1651 ὑπάρξεως,
954 1588 1084 1655 μιᾶς
1132 1588 1401 1654 ἐξουσίας,
1434 1592 1767 1660 δημιουργὸν

195 1669 414 1723 πάντων
444 1673 568 1728 τῶν.
584 1676 934 1744 κτισμάτωνο
967 1679 1024 1745 ἐξ
1052 1680 1111 1733 οῦ
1144 1682 1339 1746 πάντα,
1364 1682 1432 1736 δι’
1469 1680 1529 1737 οὗ
1565 1686 1761 1749 πάντα,

193 1762 249 1813 ὲν
304 1755 586 1828 ᾧπάντα·
647 1766 868 1836 Πατέρα
926 1768 1020 1837 ἀφ’
1081 1771 1302 1837 ἑαυτοῦ,
1337 1774 1456 1826 ἀλλ’
1510 1774 1610 1826 οὐκ
1671 1774 1760 1841 ἀφ’

192 1856 414 1925 ἑτέρουο
448 1857 573 1911 Υίὸν
606 1860 667 1912 ὲκ
694 1859 787 1912 τοῦ
824 1862 1037 1931 Πατρδς
1086 1866 1367 1935 γεννητὸν,
1399 1867 1533 1919 Θεὸν
1566 1867 1762 1935 ἀληθι-

190 1950 282 2000 νὶν
344 1950 406 2002 ἐκ
460 1949 595 2004 Θεοῦ
655 1953 931 2021 ἀληθινοῦ,
998 1955 1111 2022 φῶς
1164 1956 1419 2026 ἀληθινὸν
1467 1959 1530 2011 ἑκ
1582 1960 1764 2027 φωτὸς

1878 762 2167 832 politanus,
2205 766 2257 818 in
2295 764 2523 833 epistola
2557 766 2623 818 ad
2657 769 2913 834 praesules
2946 768 3200 834 Orientis,
3226 787 3346 839 qua:
3371 774 3439 826 ita

1876 853 2064 923 incipit
2100 871 2114 907 :
2159 855 2339 910 Multis
2368 864 2422 909 et
2456 858 2665 926 magnis
2693 857 3049 913 Providentiae
3094 862 3284 924 modis,
3321 864 3434 918 haec

1876 947 2038 1000 babet
2065 963 2079 1000 :
2109 965 2128 996 ι
2173 946 2237 1000 Ει
2269 949 2320 1000 in
2350 948 2613 1017 Spiritum
2650 961 2921 1014 sanctum,
2950 950 3041 1019 qui
3069 966 3133 1003 ex
3162 951 3319 1007 Patre
3353 971 3439 1023 per

1875 1039 2070 1093 Filium
2101 1041 2369 1109 procedit,
2403 1042 2495 1110 qui
2526 1050 2579 1097 et
2614 1043 2728 1111 ipse
2757 1041 2898 1096 Deus
2920 1046 3253 1113 agnoscitur.
3298 1065 3315 1096 ι

1944 1218 2008 1274 Ει
2045 1228 2267 1275 sanctus
2299 1219 2559 1287 Hilarius,
2616 1222 2862 1277 oratione
2891 1232 3013 1292 post
3067 1224 3440 1293 Pentecosten,

1872 1312 1952 1367 sic
1985 1314 2095 1368 ait:
2131 1333 2148 1365 ι
2175 1314 2461 1369 Credimus
2487 1316 2538 1369 in
2564 1325 2804 1369 sanctam
2847 1316 3187 1383 Trinitatem,
3227 1320 3330 1372 hoc
3365 1331 3444 1373 est

1872 1402 2092 1457 Patrem
2122 1414 2175 1459 et
2204 1404 2397 1459 Filium
2430 1415 2483 1460 et
2506 1405 2769 1475 Spiritum
2794 1415 3072 1472 sanctum,
3092 1423 3257 1461 unum
3278 1407 3445 1462 Deum

1871 1494 2315 1564 omnipotentem,
2352 1498 2517 1549 unius
2544 1496 2882 1561 substantiae,
2947 1496 3109 1551 unius
3164 1497 3440 1561 essentiae,

1872 1587 2031 1640 unius
2046 1588 2348 1656 potestatis,
2381 1588 2715 1642 conditorem
2749 1588 2988 1642 omnium
3024 1597 3397 1644 creaturarum
3428 1606 3443 1652 ;

1870 1696 1934 1735 ex
1987 1694 2097 1750 quo
2126 1681 2330 1745 omnia,
2362 1697 2459 1751 per
2489 1697 2649 1750 quem
2706 1683 2909 1748 omnia,
2972 1683 3027 1736 in
3083 1697 3191 1751 quo
3215 1681 3392 1736 Omnia
3428 1699 3443 1744 ;

1869 1773 2083 1828 Patrem
2116 1789 2181 1828 ex
2216 1789 2296 1840 se,
2337 1790 2445 1829 non
2476 1776 2545 1829 ab
2592 1774 2742 1840 alio;
2776 1773 2973 1828 Filium
3037 1790 3102 1828 ex
3148 1773 3306 1828 Patre
3355 1790 3447 1842 ge-

1870 1868 2069 1931 nitum,
2100 1868 2266 1921 Deum
2324 1881 2506 1920 verum
2567 1866 2634 1921 de
2673 1866 2782 1921 Deo
2812 1881 2960 1932 vero,
3014 1866 3192 1920 lumen
3258 1880 3444 1919 verum

1868 1961 1934 2015 de
1953 1960 2159 2014 lumine
2205 1975 2353 2025 vero,
2390 1975 2497 2015 non
2532 1969 2709 2015 tamen
2734 1962 2843 2015 duo
2896 1960 3102 2015 lumina
3132 1958 3225 2013 sed
3277 1974 3442 2011 unum

189 2038 558 2108 ἁ).ηθινοῦ,-οὑ
598 2042 703 2111 μὴν
736 2043 828 2096 δύο
871 2044 1049 2112 φῶτα,
1081 2047 1194 2099 ἀλλ’
1244 2046 1303 2099 ἓν
1348 2049 1496 2115 φῶς
1534 2051 1760 2122 Πνεῦμα

1873 2056 2078 2121 lumen;
2111 2053 2375 2124 Spiritum
2408 2062 2653 2111 sanetum
2676 2071 2703 2110 a
2733 2054 2890 2110 Patre
2925 2062 2977 2112 et
3012 2053 3147 2109 Filio
3167 2052 3448 2124 aequaliter

188 2130 349 2198 ἆγιον
408 2134 559 2203 παρὰ
615 2134 827 2204 Πατρὸς
888 2136 982 2189 καὶ
1031 2136 1162 2190 Υἰοῦ
1208 2139 1401 2209 ἐπίσης
1457 2144 1758 2213 ἐκπορευό-

190 2239 374 2291 μενον.
417 2241 437 2274 ι

262 2318 374 2369 Καὶ
415 2318 762 2384 Ἀναστάσιος
786 2321 844 2375 δὲ
874 2324 900 2375 ό
930 2322 1023 2377 τοῦ
1055 2324 1209 2392 ἁγίου
1242 2325 1403 2396 ὅρους
1436 2329 1567 2383 Σινᾶ
1600 2332 1655 2384 ἐν
1686 2332 1762 2400 τῷ

191 2409 341 2479 λόγῳ
394 2408 470 2481 τῷ
510 2412 651 2480 Περὶ
685 2414 817 2468 καθ’
865 2415 1023 2483 ἡμᾶς
1060 2417 1252 2485 ὀρθῶν
1296 2419 1603 2490 δογμάτων
1652 2424 1763 2492 τῆς

187 2502 500 2570 ἀληθείας,
524 2504 839 2577 ἐπιγραφὴν
867 2507 1065 2578 ἔχοντι,
1109 2509 1174 2562 Ἦ
1203 2512 1259 2564 δὲ
1293 2512 1435 2582 ἀρχὴ
1472 2514 1567 2567 τοῦ
1595 2514 1759 2582 λόγου

185 2593 301 2646 τῶν
340 2596 464 2665 περὶ
505 2595 605 2666 τῆς
656 2598 843 2665 ὑγιοῦς
891 2600 1048 2669 ἡμῶν
1096 2601 1356 2669 πίστεως,
1388 2604 1532 2659 οὕτω
1579 2608 1756 2677 φησί’

191 2703 209 2734 ι
246 2684 357 2736 Τοῦ
380 2686 435 2738 δὲ
458 2685 704 2754 σώματος
724 2688 783 2742 τὸ
807 2690 1003 2760 ίδίωμα
1022 2692 1274 2758 λαϐόντες
1296 2698 1367 2757 ὡς
1391 2698 1760 2768 παράδειγμα,

183 2778 290 2846 τὴν
322 2779 679 2849 ἀλληλουχίαν
726 2782 833 2835 τῶν
864 2782 1023 2837 θείων
1076 2788 1505 2857 παρεστήσαμεν
1545 2790 1633 2841 διὰ
1664 2793 1761 2861 τῆς

182 2870 299 2922 τῶν
331 2870 510 2940 μελῶν
533 2872 823 2941 ἀναλογίας
853 2891 912 2927 τε
944 2877 1038 2929 καὶ
1068 2878 1320 2941 εἰκασίας
1341 2896 1355 2910 ·
1381 2880 1558 2953 ταύτῃ
1585 2883 1640 2935 δὲ
1671 2885 1765 2936 καὶ

183 2960 414 3030 πνεῦμα
475 2962 740 3032 στόματος
800 2964 989 3029 αὑτοῦ,
1052 2966 1296 3034 δηλονότι
1348 2968 1442 3023 τοῦ
1502 2972 1661 3035 Θεοῦ,
1709 2977 1767 3026 τὸ

186 3052 424 3121 Πνεῦμα
479 3054 540 3105 τὸ
608 3055 761 3122 ἅγιον
814 3057 1071 3125 λέγεται,
1131 3060 1398 3129 στόματος
1471 3063 1623 3128 ὄντος
1672 3063 1767 3118 τοῦ

182 3145 555 3213 Μονογενοῦς.
596 3149 707 3201 Καὶ
757 3150 1006 3218 Πνεῦμα,
1054 3152 1220 3206 παλιν
1271 3153 1331 3218 ἐξ
1379 3156 1544 3210 αὑτοῦ
1605 3158 1770 3213 ἐκπο-

184 3239 493 3309 ρευόμενον
538 3244 629 3294 καὶ
670 3242 1166 3314 ἀποστελλόμενον,
1208 3248 1270 3300 οὐ
1302 3249 1463 3318 μόνον
1497 3251 1647 3320 παρὰ
1675 3253 1767 3306 τοῦ

1864 2150 2263 2219 procedentem.
2296 2169 2314 2201 ι

1935 2305 2014 2359 Ad
2056 2306 2168 2362 haec
2198 2308 2521 2364 Anastasius
2545 2308 2716 2362 sancti
2774 2307 2971 2363 montis
3009 2306 3162 2369 Sina,
3213 2307 3266 2359 in
3325 2319 3443 2359 ser-

1866 2415 2047 2465 mone,
2072 2402 2156 2455 cui
2194 2401 2379 2456 litulus
2417 2416 2430 2455 :
2459 2402 2531 2455 De
2554 2401 2705 2456 rectis
2730 2416 2849 2469 quin
2877 2418 2967 2454 nos
2998 2402 3259 2455 credimus
3309 2401 3441 2471 dog-

1866 2494 2096 2547 matibus
2129 2495 2390 2560 veritatis,
2422 2494 2581 2563 cujus
2614 2494 2717 2547 tale
2732 2494 3058 2563 principium
3092 2504 3173 2548 est
3208 2495 3439 2548 :Eurum

1865 2602 1989 2656 qua:
2017 2587 2084 2640 de
2116 2587 2318 2641 illibata
2344 2588 2445 2641 ﬂde
2478 2595 2687 2648 nostra,
2719 2589 2791 2639 ita
2862 2587 3126 2655 scriptum
3178 2586 3397 2654 reliquit
3425 2602 3440 2637 :

1875 2700 1892 2732 ι
1936 2679 2012 2733 Ex
2054 2694 2121 2734 eo
2158 2694 2322 2749 porro
2352 2677 2496 2747 quod
2528 2679 2810 2749 proprium
2862 2680 3110 2749 corporis
3139 2689 3223 2733 est
3275 2680 3444 2748 petito

1866 2773 2135 2841 exemplo,
2165 2771 2588 2835 declaravimus,
2623 2769 2897 2839 quomodo
2927 2770 2977 2822 in
3038 2770 3237 2823 divinis
3294 2770 3431 2824 alte~

1867 2879 1986 2917 rum
2013 2864 2084 2917 sit
2109 2862 2164 2915 in
2194 2862 2364 2915 altero
2394 2875 2459 2913 ex
2488 2860 2841 2928 proportione
2899 2870 2953 2913 et
3014 2858 3437 2913 adumbratione

1868 2957 2262 3010 membrorum.
2294 2952 2405 3007 Hac
2436 2953 2579 3008 enim
2613 2954 2825 3006 ratione
2852 2961 2907 3005 et
2928 2951 3151 3021 spiritus
3171 2952 3282 3005 oris
3299 2951 3440 3021 ejus,

1870 3049 1963 3103 Dei
2006 3048 2237 3115 scilicet,
2272 3046 2508 3116 Spiritus
2539 3056 2764 3101 sanctus
2794 3044 3016 3109 dicitur,
3080 3059 3204 3097 eum
3256 3046 3325 3097 sit
3381 3058 3443 3098 os

1875 3142 2209 3211 Unigenitus.
2233 3160 2253 3193 ι
2279 3143 2344 3196 Ει
2379 3157 2571 3197 rursus
2600 3157 2614 3193 :
2656 3159 2674 3191 ι
2715 3140 2946 3209 Spiritus
2968 3180 2981 3203 ,
3005 3139 3093 3208 qui
3126 3140 3193 3192 ab
3223 3152 3285 3191 eo
3315 3152 3442 3207 pro-

1872 3238 2016 3292 cedit
2066 3246 2118 3291 et
2170 3236 2422 3301 mittitur,
2459 3250 2564 3287 non
2595 3248 2624 3287 a
2659 3234 2817 3287 Patre
2857 3233 3054 3297 solum,
3090 3232 3183 3285 sed
3218 3232 3378 3285 etiam
3413 3244 3443 3283 a

181 3331 432 3401 Πατρὸς,
465 3334 599 3387 ἀλλὰ
629 3338 722 3388 καὶ
757 3336 908 3405 παρὰ
943 3335 1035 3390 τοῦ
1065 3336 1218 3391 Υἱοῦ.
1260 3358 1285 3397 ο,
1319 3341 1426 3392 Καὶ
1478 3340 1616 3409 μετά
1645 3359 1767 3394 τινα

1876 3330 2066 3384 Filio.)
2106 3332 2167 3383 Et
2190 3339 2310 3399 post
2335 3342 2503 3397 pauca
2534 3346 2547 3382 :
2581 3344 2598 3378 ι
2643 3326 2830 3393 Itaque
2853 3323 3131 3386 Dominus.
3158 3332 3214 3376 ut
3238 3336 3362 3374 eum
3388 3338 3445 3375 se

180 3425 360 3477 πάλιν
394 3427 528 3495 φησί
554 3442 568 3456 ·
608 3445 627 3477 ι
665 3428 771 3479 Καὶ
804 3428 980 3495 γοῦνό
1013 3429 1214 3498 Κύριος
1245 3432 1301 3497 ἐξ
1332 3431 1526 3486 ἑαυτοῦ
1555 3434 1769 3497 δεικνὺς

176 3515 323 3567 αὐτὸ
352 3515 641 3585 ὑπάρχειν,
674 3518 935 3585 ἐμφυσῶν
966 3521 1078 3583 τοῖς
1116 3522 1387 3592 μαθηταῖς
1417 3523 1575 3592 ἔλεγε
1598 3542 1610 3556 ·
1654 3525 1767 3579 Λά-

175 3610 323 3660 ϐετε
350 3607 594 3676 Πνεῦμα
622 3607 814 3678 ἅγιον.
833 3629 851 3661 ι

253 3701 373 3753 Kal
407 3700 768 3769 Δαμασκηνὸς
810 3702 866 3754 δὲ
915 3703 943 3754 ό
996 3703 1151 3771 ἅγιος
1183 3707 1240 3759 ὲν
1268 3704 1347 3776 τῷ
1389 3705 1456 3776 ιγ’
1485 3708 1593 3762 τῶν
1627 3712 1764 3764 Θεο⁴

170 3790 457 3861 λογικῶν
482 3792 626 3850 οῦτω
644 3792 793 3858 λέγει
816 3809 831 3823 ο
862 3812 880 3844 ι
921 3793 986 3845 Ἦ
1014 3796 1380 3868 ἑκφαντορικὴ
1408 3799 1503 3853 τοῦ
1534 3803 1766 3871 κρυφίου

169 3886 283 3953 τῆς
328 3886 581 3955 θεότητος
618 3885 849 3955 δύναμις
898 3886 994 3940 τοῦ
1036 3891 1247 3959 Πατρδς
1295 3892 1359 3944 ἐκ
1406 3892 1620 3963 Πατρός
1650 3896 1768 3948 ἐστι

170 3978 247 4029 δι’
281 3976 420 4030 Υίοῦ
450 3979 878 4048 ἐκπορευομένη,
909 3980 983 4040 ὡς
1004 3978 1162 4033 οἶδεν.
1197 4002 1216 4032 ι
1254 3983 1364 4035 Kal
1397 3985 1593 4053 μικρὸν
1628 3986 1769 4040 ἀνω-

169 4072 335 4138 τέρω
361 4086 375 4101 ο
412 4088 433 4123 ι
469 4069 640 4134 Αὐτὸς
692 4072 791 4140 μὲν
834 4067 925 4124 οῦν
954 4073 1072 4125 ἐστι
1099 4073 1245 4139 νοῦς,
1290 4076 1462 4144 Λόγου
1512 4076 1769 4143 ἇόυσσος,

166 4166 367 4231 Λόγου
402 4166 703 4235 γεννήτωρ,
738 4165 834 4219 καὶ
859 4166 946 4219 διὰ
977 4165 1151 4233 Λόγου
1185 4168 1482 4238 προϐολεὺς
1510 4170 1771 4238 ἑκφαντο-

170 4258 352 4328 ρικοῦ
391 4258 727 4326 Πνεῦματος.
764 4274 783 4308 ι
812 4258 887 4311 Τὸ
908 4257 985 4324 δὲ,
1023 4260 1085 4311 ὲκ
1124 4257 1218 4312 τοῦ
1262 4258 1392 4313 Υἱοῦ
1423 4261 1482 4313 τὸ
1518 4260 1764 4330 Πνεῦμα,

164 4352 231 4403 οὐ
281 4351 549 4417 λέγομεν,
582 4349 720 4418 ὅπερ
764 4350 823 4402 ὲν
874 4350 954 4420 τῷ
977 4349 1149 4420 ὀγδόῳ
1198 4351 1479 4421 κεφαλαίῳ
1531 4355 1559 4405 ό
1601 4354 1769 4418 αὐτὸς

161 4441 513 4503 διδάσκαλος
565 4440 737 4507 λέγει,
772 4440 857 4493 ῐνα
909 4444 983 4511 μή
1027 4460 1111 4506 τις
1157 4443 1431 4514 διστάσῃ·
1494 4445 1767 4515 ὲλύσαμεν

164 4538 319 4591 αὐτὸ
359 4540 417 4590 ὲν
448 4536 525 4605 τῷ
560 4535 764 4605 πρώτῳ
795 4537 1077 4605 κεφαλαίῳ
1112 4535 1206 4589 τοῦ
1239 4537 1388 4605 ὅρου,
1424 4537 1770 4607 ὑπεραπολο-

161 4633 451 4699 γούμενοι
488 4628 593 4681 τῶν
630 4628 791 4682 πέντε
823 4628 1167 4696 κεφαλαίων.

1872 3423 2198 3484 ostenderet,
2232 3439 2259 3473 ει
2291 3436 2401 3488 quo
2426 3420 2662 3487 Spiritus
2690 3426 2909 3471 sanctus
2964 3416 3200 3481 exsistit,
3270 3413 3444 3468 insuf-

1872 3513 2009 3567 llans
2045 3515 2097 3566 in
2127 3512 2427 3581 discipulos
2460 3512 2643 3565 aiebat
2680 3527 2694 3565 :
2726 3510 2959 3577 Accipite
3012 3507 3272 3577 Spiritum
3322 3525 3447 3562 san-

1873 3616 2035 3660 ctum.
2066 3624 2085 3657 )

1943 3700 2111 3755 Sacer
2144 3714 2358 3768 quoque
2398 3698 2769 3752 Damascenus
2809 3697 2968 3751 tertio
3019 3696 3230 3750 decimo
3273 3695 3448 3763 capite

1872 3794 2067 3848 Rerum
2098 3795 2396 3847 divinarum
2420 3792 2532 3845 hazc
2560 3793 2721 3846 habet
2750 3808 2763 3844 :
2800 3809 2819 3843 ι
2848 3789 3245 3845 Manifestativa
3272 3790 3447 3841 virtus

1872 3885 2100 3939 occultae
2126 3884 2301 3939 Patris
2330 3883 2633 3939 divinitatis
2667 3898 2730 3938 ex
2758 3882 2919 3936 Patre
2978 3891 3063 3935 est
3109 3897 3203 3949 per
3250 3878 3444 3932 Filium

1873 3979 2193 4049 procedens,
2222 3985 2279 4030 ut
2309 3979 2425 4046 ipsa
2472 3977 2641 4032 novit.
2680 3994 2698 4027 ι
2739 3976 2803 4030 Et
2851 3976 3009 4044 paulo
3058 3984 3185 4028 ante
3222 3992 3236 4027 :
3277 3992 3295 4024 ι
3328 3975 3449 4043 Ipse

1873 4072 2037 4139 igitur
2055 4081 2138 4125 est
2156 4085 2328 4135 mens,
2348 4068 2508 4124 Verbi
2534 4070 2785 4138 abyssus,
2804 4068 2964 4123 V'erbi
2989 4067 3219 4137 genitor,
3246 4080 3449 4135 perque

1879 4164 2110 4221 Verbum
2135 4164 2373 4233 Spiritus
2402 4162 2789 4217 manifestativi
2820 4162 3171 4231 productum:
3198 4158 3327 4212 illud
3351 4175 3449 4212 au«

1874 4267 2004 4325 tcm,
2042 4259 2116 4312 Ex
2149 4256 2307 4322 Filio,
2334 4271 2441 4310 non
2468 4255 2706 4310 dicimus
2730 4254 2993 4323 Spiritum
3030 4253 3213 4320 ;quod
3254 4262 3449 4305 octavo

1873 4349 2053 4420 capite
2076 4349 2270 4404 doctor
2301 4348 2443 4402 idem
2471 4348 2651 4412 habet,
2704 4362 2772 4401 ne
2813 4347 2936 4415 quis
2984 4344 3263 4400 addubitet
3300 4344 3446 4413 ;jain

1872 4443 2139 4498 solvimus
2160 4443 2211 4496 in
2241 4441 2419 4511 primo
2444 4440 2781 4495 definitionis
2802 4441 2999 4507 capite,
3017 4439 3143 4492 dum
3175 4454 3272 4508 pro
3293 4442 3450 4508 quin-

1871 4551 1977 4607 que
2006 4534 2276 4605 capitibus
2308 4533 2611 4603 apologiam
2649 4531 3011 4587 scriberemus
3035 4532 3133 4602 (i).

244 4696 378 4776 Kal
430 4721 700 4789 Κύριλλος
764 4721 928 4774 πάλιν
977 4723 1003 4772 ὁ
1057 4720 1330 4789 μακάριος
1378 4722 1435 4773 ἐν
1494 4724 1573 4790 τῷ
1632 4725 1767 4792 πρὸς

1946 4722 2187 4777 Rursum
2225 4722 2419 4777 beatus
2439 4721 2699 4792 Cyrillus,
2749 4720 2997 4775 secundo
3048 4721 3114 4775 ad
3175 4719 3451 4773 Hermiam

167 4813 468 4883 Ἑρμείαν
496 4811 734 4879 δευτέρῳ
764 4810 915 4877 λέγει
945 4809 1117 4871 οὕτως
1142 4827 1155 4841 ·
1190 4829 1209 4862 ι
1246 4812 1437 4878 ’Ἂγιον
1459 4813 1515 4865 δὲ
1543 4813 1772 4883 Πνεῦμα

162 4907 491 4976 προσερεῖς
535 4904 595 4955 τὸ
645 4906 707 4955 ἐκ
740 4903 949 4970 Πατρός
984 4902 1051 4956 δι’
1106 4902 1235 4955 Υἱοῦ
1270 4905 1637 4973 προχεόμενον
1676 4923 1774 4971 φυ.

1873 4817 2038 4878 libro,
2062 4821 2141 4870 sic
2168 4816 2241 4869 ait
2277 4834 2289 4868 :
2329 4816 2620 4868 «Sanctum
2648 4829 2776 4867 vero
2799 4813 3057 4883 Spiritum
3093 4812 3332 4875 vocabis,
3360 4812 3452 4880 qui

1875 4924 1942 4961 ex
1968 4908 2128 4961 Patre
2158 4923 2253 4975 per
2291 4906 2487 4959 Filium
2521 4905 2816 4958 ell‘unditnr
2863 4904 3201 4958 naturaliter.
3238 4922 3255 4954 ι
3295 4904 3448 4969 Quod

161 4995 386 5055 σικῶς.
410 5014 428 5046 ι
461 4994 582 5046 ’Ὁτι
606 4993 663 5046 δὲ
698 4995 754 5062 ἡ,
794 4993 914 5056 διὰ,
941 4996 1027 5063 τῇ,
1059 4994 1151 5058 ἐκ,
1178 4993 1505 5063 ίσοδυναμεῖ,
1551 4996 1644 5048 καὶ
1676 4996 1767 5066 τὴν

1875 5015 2005 5052 vero
2023 4999 2329 5065 praepositio
2345 5014 2438 5065 per
2470 4997 2608 5049 idem
2630 4998 2805 5049 valeat
2835 4998 2977 5065 quod
3003 5012 3089 5063 ex,
3122 5007 3174 5049 et
3200 4997 3447 5050 eamdem

158 5089 365 5155 αὐτὴν
400 5086 551 5154 ἰσχὺν
581 5086 716 5154 ἔχει,
763 5086 901 5154 μετὰ
932 5085 1126 5155 μικρὸν
1158 5087 1254 5137 καὶ
1282 5084 1443 5138 τοῦτό
1479 5104 1561 5140 σοι
1597 5086 1773 5151 δείξο-

160 5198 304 5250 μεν.
349 5176 470 5230 Νῦν
501 5178 556 5229 δὲ
600 5179 653 5229 τί
689 5178 831 5247 ἔχεις
867 5178 1002 5246 πρὸς
1046 5175 1221 5230 ταῦτα
1247 5178 1457 5243 ein-etv;
1491 5177 1604 5231 Οὔκ
1635 5180 1774 5232 εἰσιν

154 5260 333 5324 οὗτοι
384 5269 431 5319 οί
482 5267 872 5337 προλεχθέντες
921 5268 1067 5334 ἆγιοι
1129 5272 1223 5321 καὶ
1272 5269 1368 5337 τῆς
1442 5270 1772 5340 Ἐκκλησίας

154 5359 547 5424 διδάσκαλοι;
579 5360 640 5412 Εἰ
684 5360 778 5412 οὖν
812 5354 957 5412 οὗτοι
1011 5358 1209 5421 πάντες
1264 5363 1319 5411 ἐν
1354 5361 1634 5429 διαφόροις
1690 5362 1774 5413 λέ-

157 5457 293 5520 ξεσι
352 5454 454 5504 καὶ
490 5450 779 5513 συλλαϐαῖς
811 5451 868 5503 ὲν
899 5453 1010 5512 τοῖς
1043 5453 1224 5504 αὐτῶν
1281 5454 1684 5522 συγγράμμασι
1712 5455 1774 5507 τὸ

156 5544 330 5599 Πνεῦ
341 5559 429 5612 μα
456 5542 512 5594 τὸ
540 5540 693 5608 ἅγιον
719 5545 781 5593 ἐκ
813 5540 904 5595 τοῦ
936 5542 1143 5611 Πατρδς
1172 5544 1264 5595 καὶ
1295 5542 1387 5595 τοῦ
1426 5543 1553 5597 Υίοῦ
1586 5546 1772 5612 ὁμολο-

153 5639 349 5709 γοῦσι
407 5636 503 5687 καὶ
539 5634 775 5702 λέγουσι,
807 5634 972 5687 πόθεν
1016 5650 1098 5687 σοι
1132 5634 1191 5687 τὸ
1220 5635 1281 5685 ἐκ
1314 5634 1475 5703 μόνου
1525 5635 1619 5688 τοῦ
1665 5638 1774 5689 Πα-

1878 5092 2075 5144 habent
2107 5106 2171 5144 ac
2200 5092 2288 5144 illa
2321 5092 2452 5155 vim,
2493 5090 2652 5157 paulo
2684 5099 2805 5159 post
2833 5090 2884 5143 id
2920 5090 3080 5143 etiam
3109 5088 3205 5141 tibi
3265 5097 3454 5141 osten-

1883 5181 2095 5234 drmus.
2132 5180 2286 5235 Nunc
2316 5196 2443 5250 ergo
2472 5184 2601 5251 quid
2630 5184 2692 5234 ad
2730 5183 2841 5234 lirec
2868 5192 3017 5248 potes
3044 5181 3269 5235 dicere?
3290 5181 3441 5234 Non-

1884 5290 1950 5327 ne
1980 5275 2068 5341 qui
2096 5276 2243 5326 allati
2276 5282 2421 5337 sunt,
2454 5275 2625 5327 sancti
2655 5283 2709 5327 et
2742 5273 2998 5327 Ecclesia:
3020 5274 3268 5327 doctores
3288 5272 3451 5327 sunt?

1883 5366 1941 5419 Si
1972 5381 2162 5419 omnes
2192 5368 2277 5419 isti
2309 5382 2402 5433 per
2431 5366 2677 5419 diversas
2706 5382 2869 5419 voces
2902 5375 2958 5418 et
3012 5366 3279 5418 dictiones
3337 5368 3451 5417 suis

1882 5460 1934 5511 in
1967 5458 2185 5526 scriptis
2224 5457 2461 5511 fatentur
2486 5475 2547 5511 ac
2576 5461 2787 5525 docent,
2819 5459 3080 5526 Spiritum
3106 5470 3355 5511 sanctum
3384 5473 3450 5508 ex

1881 5549 2042 5602 Patre
2076 5558 2130 5602 et
2170 5549 2332 5612 Filio,
2388 5566 2452 5604 ex
2500 5566 2607 5616 quo
2662 5562 2716 5605 tu
2760 5566 2929 5604 sacra:
2984 5550 3275 5619 Scriptura:
3334 5549 3453 5601 loco

1886 5643 2072 5707 habes,
2109 5642 2371 5713 Spiritum
2404 5654 2653 5697 sanctum
2690 5659 2753 5698 ex
2788 5648 2902 5697 solo
2922 5642 3080 5698 Patre
3115 5641 3454 5714 procedere?

239 5822 336 5893 (li
376 5815 623 5871 NotanJa
649 5815 761 5870 haec
802 5830 1024 5885 prorsus
1060 5813 1297 5871 auctoris
1328 5814 1512 5871 verba.
1544 5816 1839 5873 Viileinl’ra
1869 5818 2135 5876 Monitum
2170 5831 2416 5877 nostrum
2452 5822 2719 5891 Apologia
2750 5822 3051 5895 przelixum.
3097 5821 3257 5879 Εοιτ.
