  <div class='ocr_page' id='page_1' title='image "/cluster/home/n/w/nwhite01/storage/ocr_20150623/159/nnc1.0046980628/539.png"; bbox 0 0 4164 6426; ppageno 0'>
   <div class='ocr_carea' id='block_1_1' title="bbox 713 355 852 417">
    <p class='ocr_par' dir='ltr' id='par_1_1' title="bbox 713 355 852 417">
     <span class='ocr_line' id='line_1_1' title="bbox 713 355 852 417; baseline -0.007 0"><span class='ocrx_word' id='word_1_1' title='bbox 713 355 852 417; x_wconf 81' lang='grc'><strong>1059</strong></span> 
     </span>
    </p>
   </div>
   <div class='ocr_carea' id='block_1_2' title="bbox 1662 339 2951 408">
    <p class='ocr_par' dir='ltr' id='par_1_2' title="bbox 1662 339 2951 408">
     <span class='ocr_line' id='line_1_2' title="bbox 1662 339 2951 408; baseline -0.006 -1"><span class='ocrx_word' id='word_1_2' title='bbox 1662 344 1975 408; x_wconf 75' lang='lat' dir='ltr'><strong>JOSEPIII</strong></span> <span class='ocrx_word' id='word_1_3' title='bbox 2021 339 2568 401; x_wconf 63' lang='lat' dir='ltr'><strong>METHONENSIS</strong></span> <span class='ocrx_word' id='word_1_4' title='bbox 2606 341 2951 400; x_wconf 65' lang='lat' dir='ltr'><strong>EPISCON</strong></span> 
     </span>
    </p>
   </div>
   <div class='ocr_carea' id='block_1_3' title="bbox 3823 337 3968 399">
    <p class='ocr_par' dir='ltr' id='par_1_3' title="bbox 3823 337 3968 399">
     <span class='ocr_line' id='line_1_3' title="bbox 3823 337 3968 399; baseline -0.062 0"><span class='ocrx_word' id='word_1_5' title='bbox 3823 337 3927 399; x_wconf 74' lang='lat'><strong>106</strong></span> <span class='ocrx_word' id='word_1_6' title='bbox 3936 337 3968 392; x_wconf 87' lang='lat'>0</span> 
     </span>
    </p>
   </div>
   <div class='ocr_carea' id='block_1_4' title="bbox 720 452 2294 530">
    <p class='ocr_par' dir='ltr' id='par_1_4' title="bbox 720 453 2282 530">
     <span class='ocr_line' id='line_1_4' title="bbox 720 453 2282 530; baseline -0.01 -9"><span class='ocrx_word' id='word_1_7' title='bbox 720 466 910 521; x_wconf 61' lang='lat' dir='ltr'><strong>I’roft-r</strong></span> <span class='ocrx_word' id='word_1_8' title='bbox 946 464 1124 527; x_wconf 84' lang='lat' dir='ltr'><strong>nobis,</strong></span> <span class='ocrx_word' id='word_1_9' title='bbox 1162 461 1285 530; x_wconf 82' lang='lat' dir='ltr'><strong>quis</strong></span> <span class='ocrx_word' id='word_1_10' title='bbox 1315 461 1454 513; x_wconf 90' lang='lat' dir='ltr'><strong>inter</strong></span> <span class='ocrx_word' id='word_1_11' title='bbox 1484 459 1734 512; x_wconf 87' lang='lat' dir='ltr'><strong>doctores</strong></span> <span class='ocrx_word' id='word_1_12' title='bbox 1769 457 1937 517; x_wconf 88' lang='lat' dir='ltr'><strong>dicat,</strong></span> <span class='ocrx_word' id='word_1_13' title='bbox 1969 454 2046 508; x_wconf 81' lang='lat' dir='ltr'><strong>Ex</strong></span> <span class='ocrx_word' id='word_1_14' title='bbox 2115 453 2232 506; x_wconf 88' lang='lat' dir='ltr'><strong>solo</strong></span> <span class='ocrx_word' id='word_1_15' title='bbox 2267 466 2282 514; x_wconf 90' lang='lat'><strong>;</strong></span> 
     </span>
    </p>
   </div>
   <div class='ocr_carea' id='block_1_5' title="bbox 2395 452 3969 530">
    <p class='ocr_par' dir='ltr' id='par_1_5' title="bbox 2395 453 3969 523">
     <span class='ocr_line' id='line_1_5' title="bbox 2395 453 3969 523; baseline -0.001 -20"><span class='ocrx_word' id='word_1_16' title='bbox 2395 457 2517 523; x_wconf 71' lang='grc' dir='ltr'><strong>τρός</strong></span> <span class='ocrx_word' id='word_1_17' title='bbox 2554 454 2778 522; x_wconf 69' lang='grc' dir='ltr'><strong>Πνεῦμιι</strong></span> <span class='ocrx_word' id='word_1_18' title='bbox 2824 456 2886 507; x_wconf 76' lang='grc' dir='ltr'><strong>τὸ</strong></span> <span class='ocrx_word' id='word_1_19' title='bbox 2930 456 3087 520; x_wconf 82' lang='grc' dir='ltr'><strong>ᾰγιον</strong></span> <span class='ocrx_word' id='word_1_20' title='bbox 3130 453 3359 522; x_wconf 73' lang='grc' dir='ltr'><strong>εὓρηται</strong></span> <span class='ocrx_word' id='word_1_21' title='bbox 3409 453 3850 520; x_wconf 59' lang='grc' dir='ltr'><strong>ἐκπορευόμενα-ον</strong></span> <span class='ocrx_word' id='word_1_22' title='bbox 3910 453 3969 502; x_wconf 80' lang='grc' dir='ltr'><strong>ἐν</strong></span> 
     </span>
    </p>
   </div>
   <div class='ocr_carea' id='block_1_6' title="bbox 700 548 2282 630">
    <p class='ocr_par' dir='ltr' id='par_1_6' title="bbox 700 548 2282 630">
     <span class='ocr_line' id='line_1_6' title="bbox 700 548 2282 630; baseline -0.007 -22"><span class='ocrx_word' id='word_1_23' title='bbox 700 562 822 630; x_wconf 80' lang='lat' dir='ltr'><strong>quis</strong></span> <span class='ocrx_word' id='word_1_24' title='bbox 859 566 1198 620; x_wconf 86' lang='lat' dir='ltr'><strong>sanctorum,</strong></span> <span class='ocrx_word' id='word_1_25' title='bbox 1229 570 1349 623; x_wconf 64' lang='lat' dir='ltr'><strong>qur.</strong></span> <span class='ocrx_word' id='word_1_26' title='bbox 1370 553 1618 624; x_wconf 87' lang='lat' dir='ltr'><strong>synodus</strong></span> <span class='ocrx_word' id='word_1_27' title='bbox 1637 552 1775 605; x_wconf 72' lang='lat' dir='ltr'><strong>dixit</strong></span> <span class='ocrx_word' id='word_1_28' title='bbox 1806 552 1910 603; x_wconf 87' lang='lat' dir='ltr'><strong>hoc</strong></span> <span class='ocrx_word' id='word_1_29' title='bbox 1942 550 1965 602; x_wconf 88' lang='lat'><strong>?</strong></span> <span class='ocrx_word' id='word_1_30' title='bbox 1995 548 2282 614; x_wconf 85' lang='lat' dir='ltr'><strong>Quomodo</strong></span> 
     </span>
    </p>
   </div>
   <div class='ocr_carea' id='block_1_7' title="bbox 703 641 2282 709">
    <p class='ocr_par' dir='ltr' id='par_1_7' title="bbox 703 641 2282 709">
     <span class='ocr_line' id='line_1_7' title="bbox 703 641 2282 709; baseline -0.008 -7"><span class='ocrx_word' id='word_1_31' title='bbox 703 659 867 704; x_wconf 77' lang='lat' dir='ltr'><strong>temet</strong></span> <span class='ocrx_word' id='word_1_32' title='bbox 903 649 1124 702; x_wconf 84' lang='lat' dir='ltr'><strong>vanitati</strong></span> <span class='ocrx_word' id='word_1_33' title='bbox 1158 647 1433 709; x_wconf 83' lang='lat' dir='ltr'><strong>dcdidisti,</strong></span> <span class='ocrx_word' id='word_1_34' title='bbox 1465 655 1520 698; x_wconf 89' lang='lat' dir='ltr'><strong>et</strong></span> <span class='ocrx_word' id='word_1_35' title='bbox 1551 643 1739 698; x_wconf 86' lang='lat' dir='ltr'><strong>studes</strong></span> <span class='ocrx_word' id='word_1_36' title='bbox 1791 643 1955 695; x_wconf 88' lang='lat' dir='ltr'><strong>etiam</strong></span> <span class='ocrx_word' id='word_1_37' title='bbox 2019 641 2282 695; x_wconf 74' lang='lat' dir='ltr'><strong>seducere</strong></span> 
     </span>
    </p>
   </div>
   <div class='ocr_carea' id='block_1_8' title="bbox 713 730 2284 806">
    <p class='ocr_par' dir='ltr' id='par_1_8' title="bbox 713 730 2284 806">
     <span class='ocr_line' id='line_1_8' title="bbox 713 730 2284 806; baseline -0.008 -12"><span class='ocrx_word' id='word_1_38' title='bbox 713 744 870 806; x_wconf 71' lang='lat' dir='ltr'><strong>alios,</strong></span> <span class='ocrx_word' id='word_1_39' title='bbox 897 757 1000 794; x_wconf 90' lang='lat' dir='ltr'><strong>non</strong></span> <span class='ocrx_word' id='word_1_40' title='bbox 1033 741 1240 794; x_wconf 81' lang='lat' dir='ltr'><strong>veritus</strong></span> <span class='ocrx_word' id='word_1_41' title='bbox 1264 737 1571 801; x_wconf 89' lang='lat' dir='ltr'><strong>Dominum,</strong></span> <span class='ocrx_word' id='word_1_42' title='bbox 1610 736 1699 804; x_wconf 91' lang='lat' dir='ltr'><strong>qui</strong></span> <span class='ocrx_word' id='word_1_43' title='bbox 1731 734 2077 802; x_wconf 74' lang='lat' dir='ltr'><strong>iudicaturus</strong></span> <span class='ocrx_word' id='word_1_44' title='bbox 2101 738 2185 784; x_wconf 86' lang='lat' dir='ltr'><strong>est</strong></span> <span class='ocrx_word' id='word_1_45' title='bbox 2204 730 2284 782; x_wconf 82' lang='lat' dir='ltr'><strong>vi-</strong></span> 
     </span>
    </p>
   </div>
   <div class='ocr_carea' id='block_1_9' title="bbox 713 820 2280 892">
    <p class='ocr_par' dir='ltr' id='par_1_9' title="bbox 713 820 2280 892">
     <span class='ocr_line' id='line_1_9' title="bbox 713 820 2280 892; baseline -0.006 -11"><span class='ocrx_word' id='word_1_46' title='bbox 713 845 811 883; x_wconf 74' lang='lat' dir='ltr'><strong>vos</strong></span> <span class='ocrx_word' id='word_1_47' title='bbox 838 839 890 883; x_wconf 89' lang='lat' dir='ltr'><strong>ct</strong></span> <span class='ocrx_word' id='word_1_48' title='bbox 927 839 1169 882; x_wconf 89' lang='lat' dir='ltr'><strong>mortuos</strong></span> <span class='ocrx_word' id='word_1_49' title='bbox 1197 828 1219 880; x_wconf 87' lang='lat'><strong>?</strong></span> <span class='ocrx_word' id='word_1_50' title='bbox 1246 826 1528 892; x_wconf 86' lang='lat' dir='ltr'><strong>Quomodo</strong></span> <span class='ocrx_word' id='word_1_51' title='bbox 1551 826 1700 879; x_wconf 88' lang='lat' dir='ltr'><strong>illum</strong></span> <span class='ocrx_word' id='word_1_52' title='bbox 1736 838 1902 892; x_wconf 87' lang='lat' dir='ltr'><strong>negas</strong></span> <span class='ocrx_word' id='word_1_53' title='bbox 1955 821 2102 875; x_wconf 83' lang='lat' dir='ltr'><strong>Patri</strong></span> <span class='ocrx_word' id='word_1_54' title='bbox 2157 820 2280 889; x_wconf 72' lang='lat' dir='ltr'><strong>esse</strong></span> 
     </span>
    </p>
   </div>
   <div class='ocr_carea' id='block_1_10' title="bbox 703 915 2280 983">
    <p class='ocr_par' dir='ltr' id='par_1_10' title="bbox 703 915 2280 983">
     <span class='ocr_line' id='line_1_10' title="bbox 703 915 2280 983; baseline -0.007 -9"><span class='ocrx_word' id='word_1_55' title='bbox 703 921 1244 983; x_wconf 73' lang='lat' dir='ltr'><strong>consubstantialem,</strong></span> <span class='ocrx_word' id='word_1_56' title='bbox 1275 930 1326 972; x_wconf 89' lang='lat' dir='ltr'><strong>et</strong></span> <span class='ocrx_word' id='word_1_57' title='bbox 1355 932 1696 972; x_wconf 84' lang='lat' dir='ltr'><strong>communem</strong></span> <span class='ocrx_word' id='word_1_58' title='bbox 1738 915 1810 968; x_wconf 90' lang='lat' dir='ltr'><strong>illi</strong></span> <span class='ocrx_word' id='word_1_59' title='bbox 1863 915 2098 982; x_wconf 80' lang='lat' dir='ltr'><strong>denegas</strong></span> <span class='ocrx_word' id='word_1_60' title='bbox 2158 926 2280 964; x_wconf 86' lang='lat' dir='ltr'><strong>cum</strong></span> 
     </span>
    </p>
   </div>
   <div class='ocr_carea' id='block_1_11' title="bbox 703 1007 2282 1079">
    <p class='ocr_par' dir='ltr' id='par_1_11' title="bbox 703 1007 2282 1079">
     <span class='ocr_line' id='line_1_11' title="bbox 703 1007 2282 1079; baseline -0.008 -13"><span class='ocrx_word' id='word_1_61' title='bbox 703 1012 864 1066; x_wconf 82' lang='lat' dir='ltr'><strong>Patre</strong></span> <span class='ocrx_word' id='word_1_62' title='bbox 892 1012 1249 1079; x_wconf 85' lang='lat' dir='ltr'><strong>majestatem,</strong></span> <span class='ocrx_word' id='word_1_63' title='bbox 1278 1021 1328 1064; x_wconf 89' lang='lat' dir='ltr'><strong>et</strong></span> <span class='ocrx_word' id='word_1_64' title='bbox 1355 1011 1608 1063; x_wconf 79' lang='lat' dir='ltr'><strong>virtutem</strong></span> <span class='ocrx_word' id='word_1_65' title='bbox 1645 1023 1658 1070; x_wconf 90' lang='lat'><strong>;</strong></span> <span class='ocrx_word' id='word_1_66' title='bbox 1690 1017 1744 1061; x_wconf 89' lang='lat' dir='ltr'><strong>et</strong></span> <span class='ocrx_word' id='word_1_67' title='bbox 1795 1007 1950 1060; x_wconf 91' lang='lat' dir='ltr'><strong>initio</strong></span> <span class='ocrx_word' id='word_1_68' title='bbox 2002 1011 2282 1058; x_wconf 78' lang='lat' dir='ltr'><strong>carentem</strong></span> 
     </span>
    </p>
   </div>
   <div class='ocr_carea' id='block_1_12' title="bbox 700 1096 2282 1170">
    <p class='ocr_par' dir='ltr' id='par_1_12' title="bbox 700 1096 2282 1170">
     <span class='ocr_line' id='line_1_12' title="bbox 700 1096 2282 1170; baseline -0.007 -13"><span class='ocrx_word' id='word_1_69' title='bbox 700 1109 1056 1157; x_wconf 73' lang='lat' dir='ltr'><strong>:eternltatem</strong></span> <span class='ocrx_word' id='word_1_70' title='bbox 1091 1103 1115 1155; x_wconf 80' lang='lat'><strong>?</strong></span> <span class='ocrx_word' id='word_1_71' title='bbox 1144 1102 1401 1170; x_wconf 79' lang='lat' dir='ltr'><strong>quodque</strong></span> <span class='ocrx_word' id='word_1_72' title='bbox 1430 1101 1614 1152; x_wconf 88' lang='lat' dir='ltr'><strong>omnia</strong></span> <span class='ocrx_word' id='word_1_73' title='bbox 1642 1114 1762 1168; x_wconf 72' lang='lat' dir='ltr'><strong>qua!</strong></span> <span class='ocrx_word' id='word_1_74' title='bbox 1794 1107 1922 1153; x_wconf 89' lang='lat' dir='ltr'><strong>sunt</strong></span> <span class='ocrx_word' id='word_1_75' title='bbox 1951 1096 2148 1161; x_wconf 83' lang='lat' dir='ltr'><strong>Patris,</strong></span> <span class='ocrx_word' id='word_1_76' title='bbox 2185 1097 2282 1148; x_wconf 79' lang='lat' dir='ltr'><strong>lia-</strong></span> 
     </span>
    </p>
   </div>
   <div class='ocr_carea' id='block_1_13' title="bbox 703 1189 2281 1264">
    <p class='ocr_par' dir='ltr' id='par_1_13' title="bbox 703 1189 2281 1264">
     <span class='ocr_line' id='line_1_13' title="bbox 703 1189 2281 1264; baseline -0.006 -15"><span class='ocrx_word' id='word_1_77' title='bbox 703 1196 826 1249; x_wconf 86' lang='lat' dir='ltr'><strong>beat</strong></span> <span class='ocrx_word' id='word_1_78' title='bbox 856 1207 1047 1264; x_wconf 66' lang='lat' dir='ltr'><strong>praeter</strong></span> <span class='ocrx_word' id='word_1_79' title='bbox 1077 1211 1243 1248; x_wconf 90' lang='lat' dir='ltr'><strong>unum</strong></span> <span class='ocrx_word' id='word_1_80' title='bbox 1279 1193 1403 1257; x_wconf 88' lang='lat' dir='ltr'><strong>hoc,</strong></span> <span class='ocrx_word' id='word_1_81' title='bbox 1438 1209 1559 1246; x_wconf 83' lang='lat' dir='ltr'><strong>esse</strong></span> <span class='ocrx_word' id='word_1_82' title='bbox 1608 1191 1820 1246; x_wconf 85' lang='lat' dir='ltr'><strong>Patrem</strong></span> <span class='ocrx_word' id='word_1_83' title='bbox 1853 1190 1876 1242; x_wconf 83' lang='lat'><strong>?</strong></span> <span class='ocrx_word' id='word_1_84' title='bbox 1904 1190 2022 1258; x_wconf 86' lang='lat' dir='ltr'><strong>Ipse</strong></span> <span class='ocrx_word' id='word_1_85' title='bbox 2080 1189 2281 1243; x_wconf 85' lang='lat' dir='ltr'><strong>etenim</strong></span> 
     </span>
    </p>
   </div>
   <div class='ocr_carea' id='block_1_14' title="bbox 705 1283 2284 1356">
    <p class='ocr_par' dir='ltr' id='par_1_14' title="bbox 705 1283 2284 1356">
     <span class='ocr_line' id='line_1_14' title="bbox 705 1283 2284 1356; baseline -0.003 -17"><span class='ocrx_word' id='word_1_86' title='bbox 705 1288 839 1340; x_wconf 87' lang='lat' dir='ltr'><strong>dicit</strong></span> <span class='ocrx_word' id='word_1_87' title='bbox 876 1304 890 1340; x_wconf 89' lang='lat'><strong>:</strong></span> <span class='ocrx_word' id='word_1_88' title='bbox 929 1287 1123 1340; x_wconf 81' lang='lat' dir='ltr'><strong>Omnia</strong></span> <span class='ocrx_word' id='word_1_89' title='bbox 1149 1302 1468 1356; x_wconf 66' lang='lat' dir='ltr'><strong>quacunque</strong></span> <span class='ocrx_word' id='word_1_90' title='bbox 1496 1285 1650 1338; x_wconf 82' lang='lat' dir='ltr'><strong>habet</strong></span> <span class='ocrx_word' id='word_1_91' title='bbox 1682 1284 1862 1345; x_wconf 82' lang='lat' dir='ltr'><strong>Pater,</strong></span> <span class='ocrx_word' id='word_1_92' title='bbox 1892 1299 2008 1336; x_wconf 83' lang='lat' dir='ltr'><strong>mea</strong></span> <span class='ocrx_word' id='word_1_93' title='bbox 2051 1293 2169 1335; x_wconf 81' lang='lat' dir='ltr'><strong>sunt</strong></span> <span class='ocrx_word' id='word_1_94' title='bbox 2199 1283 2284 1345; x_wconf 85' lang='lat'><strong>&quot;;</strong></span> 
     </span>
    </p>
   </div>
   <div class='ocr_carea' id='block_1_15' title="bbox 702 1372 2287 1445">
    <p class='ocr_par' dir='ltr' id='par_1_15' title="bbox 702 1372 2287 1445">
     <span class='ocr_line' id='line_1_15' title="bbox 702 1372 2287 1445; baseline -0.004 -14"><span class='ocrx_word' id='word_1_95' title='bbox 702 1388 756 1431; x_wconf 85' lang='lat' dir='ltr'><strong>et</strong></span> <span class='ocrx_word' id='word_1_96' title='bbox 791 1394 1020 1432; x_wconf 86' lang='lat' dir='ltr'><strong>rursus:</strong></span> <span class='ocrx_word' id='word_1_97' title='bbox 1052 1377 1152 1442; x_wconf 79' lang='lat' dir='ltr'><strong>Tu,</strong></span> <span class='ocrx_word' id='word_1_98' title='bbox 1185 1377 1363 1440; x_wconf 84' lang='lat' dir='ltr'><strong>Pater,</strong></span> <span class='ocrx_word' id='word_1_99' title='bbox 1397 1379 1450 1430; x_wconf 81' lang='lat' dir='ltr'><strong>in</strong></span> <span class='ocrx_word' id='word_1_100' title='bbox 1485 1394 1584 1438; x_wconf 85' lang='lat' dir='ltr'><strong>me,</strong></span> <span class='ocrx_word' id='word_1_101' title='bbox 1609 1386 1658 1430; x_wconf 81' lang='lat' dir='ltr'><strong>et</strong></span> <span class='ocrx_word' id='word_1_102' title='bbox 1688 1393 1781 1445; x_wconf 85' lang='lat' dir='ltr'><strong>ego</strong></span> <span class='ocrx_word' id='word_1_103' title='bbox 1810 1375 1934 1428; x_wconf 85' lang='lat' dir='ltr'><strong>inte</strong></span> <span class='ocrx_word' id='word_1_104' title='bbox 1967 1375 2032 1437; x_wconf 69' lang='lat'><strong>&#39;7;</strong></span> <span class='ocrx_word' id='word_1_105' title='bbox 2059 1389 2133 1436; x_wconf 90' lang='lat' dir='ltr'><strong>et,</strong></span> <span class='ocrx_word' id='word_1_106' title='bbox 2162 1372 2287 1427; x_wconf 87' lang='lat' dir='ltr'><strong>Om-</strong></span> 
     </span>
    </p>
   </div>
   <div class='ocr_carea' id='block_1_16' title="bbox 703 1464 2284 1531">
    <p class='ocr_par' dir='ltr' id='par_1_16' title="bbox 703 1464 2284 1531">
     <span class='ocr_line' id='line_1_16' title="bbox 703 1464 2284 1531; baseline -0.003 -10"><span class='ocrx_word' id='word_1_107' title='bbox 703 1472 792 1521; x_wconf 83' lang='lat' dir='ltr'><strong>m&#39;a</strong></span> <span class='ocrx_word' id='word_1_108' title='bbox 814 1486 925 1522; x_wconf 83' lang='lat' dir='ltr'><strong>mea</strong></span> <span class='ocrx_word' id='word_1_109' title='bbox 949 1480 1036 1521; x_wconf 86' lang='lat' dir='ltr'><strong>tua</strong></span> <span class='ocrx_word' id='word_1_110' title='bbox 1054 1480 1196 1530; x_wconf 82' lang='lat' dir='ltr'><strong>sunt,</strong></span> <span class='ocrx_word' id='word_1_111' title='bbox 1215 1479 1262 1522; x_wconf 84' lang='lat' dir='ltr'><strong>et</strong></span> <span class='ocrx_word' id='word_1_112' title='bbox 1287 1478 1376 1520; x_wconf 80' lang='lat' dir='ltr'><strong>tua</strong></span> <span class='ocrx_word' id='word_1_113' title='bbox 1405 1483 1516 1519; x_wconf 84' lang='lat' dir='ltr'><strong>mea</strong></span> <span class='ocrx_word' id='word_1_114' title='bbox 1537 1468 1602 1531; x_wconf 85' lang='grc'><strong>¹¹¹;</strong></span> <span class='ocrx_word' id='word_1_115' title='bbox 1622 1475 1672 1521; x_wconf 72' lang='lat' dir='ltr'><strong>et</strong></span> <span class='ocrx_word' id='word_1_116' title='bbox 1694 1466 1745 1518; x_wconf 93' lang='lat' dir='ltr'><strong>in</strong></span> <span class='ocrx_word' id='word_1_117' title='bbox 1770 1466 2033 1527; x_wconf 89' lang='lat' dir='ltr'><strong>oratione,</strong></span> <span class='ocrx_word' id='word_1_118' title='bbox 2057 1464 2136 1517; x_wconf 88' lang='lat' dir='ltr'><strong>Da</strong></span> <span class='ocrx_word' id='word_1_119' title='bbox 2159 1465 2284 1527; x_wconf 88' lang='lat' dir='ltr'><strong>illis,</strong></span> 
     </span>
    </p>
   </div>
   <div class='ocr_carea' id='block_1_17' title="bbox 703 1555 2284 1629">
    <p class='ocr_par' dir='ltr' id='par_1_17' title="bbox 703 1555 2284 1629">
     <span class='ocr_line' id='line_1_17' title="bbox 703 1555 2284 1629; baseline -0.006 -15"><span class='ocrx_word' id='word_1_120' title='bbox 703 1561 900 1629; x_wconf 85' lang='lat' dir='ltr'><strong>inquit,</strong></span> <span class='ocrx_word' id='word_1_121' title='bbox 929 1561 1159 1629; x_wconf 79' lang='lat' dir='ltr'><strong>loquens</strong></span> <span class='ocrx_word' id='word_1_122' title='bbox 1191 1561 1256 1612; x_wconf 88' lang='lat' dir='ltr'><strong>de</strong></span> <span class='ocrx_word' id='word_1_123' title='bbox 1286 1557 1590 1626; x_wconf 82' lang='lat' dir='ltr'><strong>discipulis,</strong></span> <span class='ocrx_word' id='word_1_124' title='bbox 1635 1568 1688 1608; x_wconf 84' lang='lat' dir='ltr'><strong>ut</strong></span> <span class='ocrx_word' id='word_1_125' title='bbox 1741 1571 1902 1609; x_wconf 79' lang='lat' dir='ltr'><strong>unum</strong></span> <span class='ocrx_word' id='word_1_126' title='bbox 1955 1555 2083 1618; x_wconf 84' lang='lat' dir='ltr'><strong>sint,</strong></span> <span class='ocrx_word' id='word_1_127' title='bbox 2148 1555 2284 1607; x_wconf 80' lang='lat' dir='ltr'><strong>sicut</strong></span> 
     </span>
    </p>
   </div>
   <div class='ocr_carea' id='block_1_18' title="bbox 706 1630 2285 1719">
    <p class='ocr_par' dir='ltr' id='par_1_18' title="bbox 706 1630 2285 1719">
     <span class='ocr_line' id='line_1_18' title="bbox 706 1630 2285 1719; baseline -0.004 -14"><span class='ocrx_word' id='word_1_128' title='bbox 706 1669 797 1705; x_wconf 86' lang='lat' dir='ltr'><strong>nos</strong></span> <span class='ocrx_word' id='word_1_129' title='bbox 828 1669 984 1704; x_wconf 76' lang='lat' dir='ltr'><strong>unum</strong></span> <span class='ocrx_word' id='word_1_130' title='bbox 1016 1665 1196 1705; x_wconf 68' lang='lat' dir='ltr'><strong>sumas</strong></span> <span class='ocrx_word' id='word_1_131' title='bbox 1229 1652 1292 1703; x_wconf 88' lang='lat'><strong>&quot;.</strong></span> <span class='ocrx_word' id='word_1_132' title='bbox 1324 1649 1380 1702; x_wconf 90' lang='lat' dir='ltr'><strong>Si</strong></span> <span class='ocrx_word' id='word_1_133' title='bbox 1412 1630 1542 1719; x_wconf 73' lang='lat' dir='ltr'><strong>ergo</strong></span> <span class='ocrx_word' id='word_1_134' title='bbox 1567 1647 1737 1702; x_wconf 87' lang='lat' dir='ltr'><strong>Filius</strong></span> <span class='ocrx_word' id='word_1_135' title='bbox 1795 1663 1962 1701; x_wconf 90' lang='lat' dir='ltr'><strong>unum</strong></span> <span class='ocrx_word' id='word_1_136' title='bbox 2033 1657 2116 1701; x_wconf 87' lang='lat' dir='ltr'><strong>est</strong></span> <span class='ocrx_word' id='word_1_137' title='bbox 2159 1661 2285 1700; x_wconf 88' lang='lat' dir='ltr'><strong>eum</strong></span> 
     </span>
    </p>
   </div>
   <div class='ocr_carea' id='block_1_19' title="bbox 706 1739 2274 1812">
    <p class='ocr_par' dir='ltr' id='par_1_19' title="bbox 706 1739 2274 1812">
     <span class='ocr_line' id='line_1_19' title="bbox 706 1739 2274 1812; baseline -0.003 -16"><span class='ocrx_word' id='word_1_138' title='bbox 706 1744 882 1806; x_wconf 83' lang='lat' dir='ltr'><strong>l&#39;atre,</strong></span> <span class='ocrx_word' id='word_1_139' title='bbox 911 1745 1188 1812; x_wconf 79' lang='lat' dir='ltr'><strong>quomodo</strong></span> <span class='ocrx_word' id='word_1_140' title='bbox 1222 1742 1457 1810; x_wconf 89' lang='lat' dir='ltr'><strong>Spiritus</strong></span> <span class='ocrx_word' id='word_1_141' title='bbox 1485 1757 1548 1795; x_wconf 78' lang='lat' dir='ltr'><strong>ex</strong></span> <span class='ocrx_word' id='word_1_142' title='bbox 1605 1741 1722 1795; x_wconf 89' lang='lat' dir='ltr'><strong>solo</strong></span> <span class='ocrx_word' id='word_1_143' title='bbox 1769 1739 1927 1794; x_wconf 85' lang='lat' dir='ltr'><strong>Patre</strong></span> <span class='ocrx_word' id='word_1_144' title='bbox 1982 1739 2226 1809; x_wconf 87' lang='lat' dir='ltr'><strong>procedit</strong></span> <span class='ocrx_word' id='word_1_145' title='bbox 2258 1780 2274 1804; x_wconf 93' lang='lat'><strong>,</strong></span> 
     </span>
    </p>
   </div>
   <div class='ocr_carea' id='block_1_20' title="bbox 2382 540 3964 618">
    <p class='ocr_par' dir='ltr' id='par_1_20' title="bbox 2382 540 3964 618">
     <span class='ocr_line' id='line_1_20' title="bbox 2382 540 3964 618; baseline -0.003 -21"><span class='ocrx_word' id='word_1_146' title='bbox 2382 540 2462 614; x_wconf 71' lang='grc' dir='ltr'><strong>τῇ</strong></span> <span class='ocrx_word' id='word_1_147' title='bbox 2486 547 2608 616; x_wconf 77' lang='grc' dir='ltr'><strong>ἱερᾷ</strong></span> <span class='ocrx_word' id='word_1_148' title='bbox 2655 547 2879 618; x_wconf 78' lang='grc' dir='ltr'><strong>Γραφῇ;</strong></span> <span class='ocrx_word' id='word_1_149' title='bbox 2923 546 3104 610; x_wconf 76' lang='grc' dir='ltr'><strong>Δεῖξον</strong></span> <span class='ocrx_word' id='word_1_150' title='bbox 3139 549 3292 615; x_wconf 75' lang='grc' dir='ltr'><strong>ἡμῖν,</strong></span> <span class='ocrx_word' id='word_1_151' title='bbox 3325 546 3408 606; x_wconf 74' lang='grc' dir='ltr'><strong>τίς</strong></span> <span class='ocrx_word' id='word_1_152' title='bbox 3461 545 3568 596; x_wconf 83' lang='grc' dir='ltr'><strong>τῶν</strong></span> <span class='ocrx_word' id='word_1_153' title='bbox 3600 544 3964 596; x_wconf 63' lang='grc' dir='ltr'><strong>διδασκάλων</strong></span> 
     </span>
    </p>
   </div>
   <div class='ocr_carea' id='block_1_21' title="bbox 2382 636 3970 707">
    <p class='ocr_par' dir='ltr' id='par_1_21' title="bbox 2382 636 3970 707">
     <span class='ocr_line' id='line_1_21' title="bbox 2382 636 3970 707; baseline -0.002 -18"><span class='ocrx_word' id='word_1_154' title='bbox 2382 638 2444 689; x_wconf 83' lang='grc' dir='ltr'><strong>τὸ</strong></span> <span class='ocrx_word' id='word_1_155' title='bbox 2473 641 2535 690; x_wconf 82' lang='grc' dir='ltr'><strong>ἐκ</strong></span> <span class='ocrx_word' id='word_1_156' title='bbox 2568 639 2730 706; x_wconf 84' lang='grc' dir='ltr'><strong>μόνου</strong></span> <span class='ocrx_word' id='word_1_157' title='bbox 2770 637 2943 707; x_wconf 86' lang='grc' dir='ltr'><strong>φησί;</strong></span> <span class='ocrx_word' id='word_1_158' title='bbox 2994 639 3076 699; x_wconf 88' lang='grc' dir='ltr'><strong>τίς</strong></span> <span class='ocrx_word' id='word_1_159' title='bbox 3114 639 3224 688; x_wconf 83' lang='grc' dir='ltr'><strong>τῶν</strong></span> <span class='ocrx_word' id='word_1_160' title='bbox 3260 637 3459 703; x_wconf 74' lang='grc' dir='ltr'><strong>ἀγίωνς</strong></span> <span class='ocrx_word' id='word_1_161' title='bbox 3495 637 3622 688; x_wconf 72' lang='grc' dir='ltr'><strong>ποία</strong></span> <span class='ocrx_word' id='word_1_162' title='bbox 3661 636 3772 687; x_wconf 85' lang='grc' dir='ltr'><strong>τῶν</strong></span> <span class='ocrx_word' id='word_1_163' title='bbox 3809 636 3970 687; x_wconf 77' lang='grc' dir='ltr'><strong>συνόο</strong></span> 
     </span>
    </p>
   </div>
   <div class='ocr_carea' id='block_1_22' title="bbox 2383 729 3972 800">
    <p class='ocr_par' dir='ltr' id='par_1_22' title="bbox 2383 729 3972 800">
     <span class='ocr_line' id='line_1_22' title="bbox 2383 729 3972 800; baseline -0.005 -16"><span class='ocrx_word' id='word_1_164' title='bbox 2383 736 2491 785; x_wconf 85' lang='grc' dir='ltr'><strong>δων</strong></span> <span class='ocrx_word' id='word_1_165' title='bbox 2521 731 2670 784; x_wconf 77' lang='grc' dir='ltr'><strong>τοῦτ’</strong></span> <span class='ocrx_word' id='word_1_166' title='bbox 2697 734 2866 800; x_wconf 77' lang='grc' dir='ltr'><strong>ἔφησε</strong></span> <span class='ocrx_word' id='word_1_167' title='bbox 2892 749 2907 794; x_wconf 90' lang='lat'><strong>;</strong></span> <span class='ocrx_word' id='word_1_168' title='bbox 2941 731 2994 783; x_wconf 85' lang='grc' dir='ltr'><strong>τί</strong></span> <span class='ocrx_word' id='word_1_169' title='bbox 3024 734 3104 783; x_wconf 76' lang='grc' dir='ltr'><strong>ὅτι</strong></span> <span class='ocrx_word' id='word_1_170' title='bbox 3153 729 3510 798; x_wconf 78' lang='grc' dir='ltr'><strong>ἐματαιώθης</strong></span> <span class='ocrx_word' id='word_1_171' title='bbox 3543 731 3634 792; x_wconf 70' lang='grc' dir='ltr'><strong>σὺ,</strong></span> <span class='ocrx_word' id='word_1_172' title='bbox 3661 730 3759 780; x_wconf 77' lang='grc' dir='ltr'><strong>καὶ</strong></span> <span class='ocrx_word' id='word_1_173' title='bbox 3801 745 3972 779; x_wconf 54' lang='grc' dir='ltr'><strong>σπου-</strong></span> 
     </span>
    </p>
   </div>
   <div class='ocr_carea' id='block_1_23' title="bbox 2383 817 3970 888">
    <p class='ocr_par' dir='ltr' id='par_1_23' title="bbox 2383 817 3970 888">
     <span class='ocr_line' id='line_1_23' title="bbox 2383 817 3970 888; baseline -0.007 -10"><span class='ocrx_word' id='word_1_174' title='bbox 2383 823 2567 887; x_wconf 76' lang='grc' dir='ltr'><strong>δάζεις</strong></span> <span class='ocrx_word' id='word_1_175' title='bbox 2613 825 2708 877; x_wconf 76' lang='grc' dir='ltr'><strong>καὶ</strong></span> <span class='ocrx_word' id='word_1_176' title='bbox 2760 823 2888 884; x_wconf 72' lang='grc' dir='ltr'><strong>τοὺς</strong></span> <span class='ocrx_word' id='word_1_177' title='bbox 2920 823 3110 883; x_wconf 78' lang='grc' dir='ltr'><strong>ἄλλους</strong></span> <span class='ocrx_word' id='word_1_178' title='bbox 3157 821 3546 887; x_wconf 72' lang='grc' dir='ltr'><strong>ἐξαπατῆσαι;</strong></span> <span class='ocrx_word' id='word_1_179' title='bbox 3579 820 3693 872; x_wconf 81' lang='grc' dir='ltr'><strong>Οὐκ</strong></span> <span class='ocrx_word' id='word_1_180' title='bbox 3727 817 3970 888; x_wconf 77' lang='grc' dir='ltr'><strong>ᾐδέσθης</strong></span> 
     </span>
    </p>
   </div>
   <div class='ocr_carea' id='block_1_24' title="bbox 2384 909 3967 983">
    <p class='ocr_par' dir='ltr' id='par_1_24' title="bbox 2384 909 3967 983">
     <span class='ocr_line' id='line_1_24' title="bbox 2384 909 3967 983; baseline -0.006 -16"><span class='ocrx_word' id='word_1_181' title='bbox 2384 918 2475 967; x_wconf 71' lang='grc' dir='ltr'><strong>τὸν</strong></span> <span class='ocrx_word' id='word_1_182' title='bbox 2519 916 2744 983; x_wconf 80' lang='grc' dir='ltr'><strong>Κύριον,</strong></span> <span class='ocrx_word' id='word_1_183' title='bbox 2782 915 2840 974; x_wconf 84' lang='grc' dir='ltr'><strong>δς</strong></span> <span class='ocrx_word' id='word_1_184' title='bbox 2887 917 3069 981; x_wconf 77' lang='grc' dir='ltr'><strong>κρινεῖ</strong></span> <span class='ocrx_word' id='word_1_185' title='bbox 3110 913 3324 977; x_wconf 79' lang='grc' dir='ltr'><strong>ζῶντας</strong></span> <span class='ocrx_word' id='word_1_186' title='bbox 3376 916 3468 965; x_wconf 72' lang='grc' dir='ltr'><strong>καὶ</strong></span> <span class='ocrx_word' id='word_1_187' title='bbox 3520 912 3784 980; x_wconf 72' lang='grc' dir='ltr'><strong>νεκρούςς</strong></span> <span class='ocrx_word' id='word_1_188' title='bbox 3845 909 3967 966; x_wconf 71' lang='grc' dir='ltr'><strong>Πῶς</strong></span> 
     </span>
    </p>
   </div>
   <div class='ocr_carea' id='block_1_25' title="bbox 2384 1002 3967 1076">
    <p class='ocr_par' dir='ltr' id='par_1_25' title="bbox 2384 1002 3967 1076">
     <span class='ocr_line' id='line_1_25' title="bbox 2384 1002 3967 1076; baseline -0.005 -19"><span class='ocrx_word' id='word_1_189' title='bbox 2384 1009 2609 1076; x_wconf 74' lang='grc' dir='ltr'><strong>ἠρνήσω</strong></span> <span class='ocrx_word' id='word_1_190' title='bbox 2658 1009 2822 1059; x_wconf 83' lang='grc' dir='ltr'><strong>αὑτὸν</strong></span> <span class='ocrx_word' id='word_1_191' title='bbox 2869 1007 2943 1075; x_wconf 85' lang='grc' dir='ltr'><strong>μὴ</strong></span> <span class='ocrx_word' id='word_1_192' title='bbox 2989 1002 3132 1058; x_wconf 70' lang='grc' dir='ltr'><strong>εἶναι</strong></span> <span class='ocrx_word' id='word_1_193' title='bbox 3185 1007 3473 1073; x_wconf 76' lang='grc' dir='ltr'><strong>όμοούτιον</strong></span> <span class='ocrx_word' id='word_1_194' title='bbox 3532 1004 3626 1055; x_wconf 77' lang='grc' dir='ltr'><strong>καὶ</strong></span> <span class='ocrx_word' id='word_1_195' title='bbox 3661 1003 3967 1072; x_wconf 77' lang='grc' dir='ltr'><strong>όμόθρονον</strong></span> 
     </span>
    </p>
   </div>
   <div class='ocr_carea' id='block_1_26' title="bbox 2387 1093 3968 1167">
    <p class='ocr_par' dir='ltr' id='par_1_26' title="bbox 2387 1093 3968 1167">
     <span class='ocr_line' id='line_1_26' title="bbox 2387 1093 3968 1167; baseline -0.005 -16"><span class='ocrx_word' id='word_1_196' title='bbox 2387 1101 2482 1151; x_wconf 76' lang='grc' dir='ltr'><strong>καὶ</strong></span> <span class='ocrx_word' id='word_1_197' title='bbox 2529 1098 2871 1167; x_wconf 85' lang='grc' dir='ltr'><strong>όμοδύναμον</strong></span> <span class='ocrx_word' id='word_1_198' title='bbox 2919 1097 2996 1166; x_wconf 80' lang='grc' dir='ltr'><strong>τῷ</strong></span> <span class='ocrx_word' id='word_1_199' title='bbox 3053 1098 3228 1166; x_wconf 66' lang='lat' dir='ltr'><strong>[lupi</strong></span> <span class='ocrx_word' id='word_1_200' title='bbox 3278 1101 3370 1152; x_wconf 71' lang='grc' dir='ltr'><strong>καὶ</strong></span> <span class='ocrx_word' id='word_1_201' title='bbox 3432 1095 3813 1163; x_wconf 83' lang='grc' dir='ltr'><strong>συνάναρχον,</strong></span> <span class='ocrx_word' id='word_1_202' title='bbox 3875 1093 3968 1144; x_wconf 76' lang='grc' dir='ltr'><strong>καὶ</strong></span> 
     </span>
    </p>
   </div>
   <div class='ocr_carea' id='block_1_27' title="bbox 2387 1185 3967 1260">
    <p class='ocr_par' dir='ltr' id='par_1_27' title="bbox 2387 1185 3967 1260">
     <span class='ocr_line' id='line_1_27' title="bbox 2387 1185 3967 1260; baseline -0.005 -16"><span class='ocrx_word' id='word_1_203' title='bbox 2387 1197 2567 1246; x_wconf 78' lang='grc' dir='ltr'><strong>πάντα</strong></span> <span class='ocrx_word' id='word_1_204' title='bbox 2619 1190 2812 1260; x_wconf 78' lang='grc' dir='ltr'><strong>ἔχοντα</strong></span> <span class='ocrx_word' id='word_1_205' title='bbox 2860 1191 2961 1242; x_wconf 82' lang='grc' dir='ltr'><strong>ὅσα</strong></span> <span class='ocrx_word' id='word_1_206' title='bbox 3012 1191 3106 1243; x_wconf 81' lang='grc' dir='ltr'><strong>καὶ</strong></span> <span class='ocrx_word' id='word_1_207' title='bbox 3151 1192 3180 1242; x_wconf 84' lang='grc' dir='ltr'><strong>ὁ</strong></span> <span class='ocrx_word' id='word_1_208' title='bbox 3227 1191 3440 1258; x_wconf 81' lang='grc' dir='ltr'><strong>Πατὴρ,</strong></span> <span class='ocrx_word' id='word_1_209' title='bbox 3472 1191 3594 1257; x_wconf 82' lang='grc' dir='ltr'><strong>δίχα</strong></span> <span class='ocrx_word' id='word_1_210' title='bbox 3645 1189 3818 1257; x_wconf 66' lang='grc' dir='ltr'><strong>μόνου</strong></span> <span class='ocrx_word' id='word_1_211' title='bbox 3875 1185 3967 1237; x_wconf 68' lang='grc' dir='ltr'><strong>τοῦ</strong></span> 
     </span>
    </p>
   </div>
   <div class='ocr_carea' id='block_1_28' title="bbox 2387 1276 3968 1350">
    <p class='ocr_par' dir='ltr' id='par_1_28' title="bbox 2387 1276 3968 1350">
     <span class='ocr_line' id='line_1_28' title="bbox 2387 1276 3968 1350; baseline -0.006 -15"><span class='ocrx_word' id='word_1_212' title='bbox 2387 1277 2528 1335; x_wconf 77' lang='grc' dir='ltr'><strong>εἶναι</strong></span> <span class='ocrx_word' id='word_1_213' title='bbox 2563 1281 2824 1350; x_wconf 73' lang='grc' dir='ltr'><strong>Πατέρας</strong></span> <span class='ocrx_word' id='word_1_214' title='bbox 2861 1280 3033 1342; x_wconf 76' lang='grc' dir='ltr'><strong>Αὐτὸς</strong></span> <span class='ocrx_word' id='word_1_215' title='bbox 3089 1281 3197 1347; x_wconf 80' lang='grc' dir='ltr'><strong>γάρ</strong></span> <span class='ocrx_word' id='word_1_216' title='bbox 3243 1294 3374 1347; x_wconf 76' lang='grc' dir='ltr'><strong>φησι</strong></span> <span class='ocrx_word' id='word_1_217' title='bbox 3403 1296 3416 1309; x_wconf 79' lang='grc' dir='ltr'><strong>ο</strong></span> <span class='ocrx_word' id='word_1_218' title='bbox 3453 1278 3654 1333; x_wconf 81' lang='grc' dir='ltr'><strong>Πάντα</strong></span> <span class='ocrx_word' id='word_1_219' title='bbox 3691 1278 3815 1330; x_wconf 78' lang='grc' dir='ltr'><strong>ὅσα</strong></span> <span class='ocrx_word' id='word_1_220' title='bbox 3848 1276 3968 1342; x_wconf 81' lang='grc' dir='ltr'><strong>ἔχει</strong></span> 
     </span>
    </p>
   </div>
   <div class='ocr_carea' id='block_1_29' title="bbox 2387 1369 3966 1442">
    <p class='ocr_par' dir='ltr' id='par_1_29' title="bbox 2387 1369 3966 1442">
     <span class='ocr_line' id='line_1_29' title="bbox 2387 1369 3966 1442; baseline -0.002 -14"><span class='ocrx_word' id='word_1_221' title='bbox 2387 1378 2420 1428; x_wconf 86' lang='grc' dir='ltr'><strong>ό</strong></span> <span class='ocrx_word' id='word_1_222' title='bbox 2455 1372 2676 1442; x_wconf 75' lang='grc' dir='ltr'><strong>Πατὴρ,</strong></span> <span class='ocrx_word' id='word_1_223' title='bbox 2709 1373 2821 1442; x_wconf 81' lang='grc' dir='ltr'><strong>ἐμὰ</strong></span> <span class='ocrx_word' id='word_1_224' title='bbox 2853 1375 2973 1426; x_wconf 84' lang='grc' dir='ltr'><strong>εισι</strong></span> <span class='ocrx_word' id='word_1_225' title='bbox 2999 1388 3014 1402; x_wconf 88' lang='grc'><strong>·</strong></span> <span class='ocrx_word' id='word_1_226' title='bbox 3052 1373 3147 1425; x_wconf 59' lang='grc' dir='ltr'><strong>καὶ⁵</strong></span> <span class='ocrx_word' id='word_1_227' title='bbox 3174 1371 3240 1425; x_wconf 83' lang='grc' dir='ltr'><strong>αὖ</strong></span> <span class='ocrx_word' id='word_1_228' title='bbox 3266 1388 3284 1402; x_wconf 79' lang='grc'><strong><em>⁸</em></strong></span> <span class='ocrx_word' id='word_1_229' title='bbox 3325 1373 3430 1436; x_wconf 83' lang='grc' dir='ltr'><strong>Σὺ,</strong></span> <span class='ocrx_word' id='word_1_230' title='bbox 3467 1372 3677 1438; x_wconf 81' lang='grc' dir='ltr'><strong>Πάτερ,</strong></span> <span class='ocrx_word' id='word_1_231' title='bbox 3711 1371 3786 1422; x_wconf 77' lang='grc' dir='ltr'><strong>ἐν</strong></span> <span class='ocrx_word' id='word_1_232' title='bbox 3818 1369 3966 1436; x_wconf 77' lang='grc' dir='ltr'><strong>ἐμοὶ.</strong></span> 
     </span>
    </p>
   </div>
   <div class='ocr_carea' id='block_1_30' title="bbox 2387 1463 3973 1534">
    <p class='ocr_par' dir='ltr' id='par_1_30' title="bbox 2387 1463 3973 1534">
     <span class='ocr_line' id='line_1_30' title="bbox 2387 1463 3973 1534; baseline -0.004 -15"><span class='ocrx_word' id='word_1_233' title='bbox 2387 1467 2550 1534; x_wconf 76' lang='grc' dir='ltr'><strong>κάγὼ</strong></span> <span class='ocrx_word' id='word_1_234' title='bbox 2575 1467 2645 1518; x_wconf 80' lang='grc' dir='ltr'><strong>ὲν</strong></span> <span class='ocrx_word' id='word_1_235' title='bbox 2667 1467 2769 1519; x_wconf 79' lang='grc' dir='ltr'><strong>σοι</strong></span> <span class='ocrx_word' id='word_1_236' title='bbox 2797 1480 2814 1496; x_wconf 79' lang='grc' dir='ltr'><strong>ο</strong></span> <span class='ocrx_word' id='word_1_237' title='bbox 2848 1465 2941 1517; x_wconf 74' lang='grc' dir='ltr'><strong>καί</strong></span> <span class='ocrx_word' id='word_1_238' title='bbox 2969 1481 2982 1493; x_wconf 79' lang='grc'><strong><em>⁸</em></strong></span> <span class='ocrx_word' id='word_1_239' title='bbox 3014 1463 3216 1518; x_wconf 76' lang='grc' dir='ltr'><strong>Πάντα</strong></span> <span class='ocrx_word' id='word_1_240' title='bbox 3273 1464 3426 1533; x_wconf 77' lang='grc' dir='ltr'><strong>τάμὰ</strong></span> <span class='ocrx_word' id='word_1_241' title='bbox 3471 1464 3550 1516; x_wconf 80' lang='grc' dir='ltr'><strong>σά</strong></span> <span class='ocrx_word' id='word_1_242' title='bbox 3581 1466 3734 1529; x_wconf 80' lang='grc' dir='ltr'><strong>ἐστι,</strong></span> <span class='ocrx_word' id='word_1_243' title='bbox 3764 1463 3871 1517; x_wconf 77' lang='grc' dir='ltr'><strong>καὶ</strong></span> <span class='ocrx_word' id='word_1_244' title='bbox 3904 1464 3973 1513; x_wconf 81' lang='grc' dir='ltr'><strong>τὰ</strong></span> 
     </span>
    </p>
   </div>
   <div class='ocr_carea' id='block_1_31' title="bbox 2386 1555 3968 1626">
    <p class='ocr_par' dir='ltr' id='par_1_31' title="bbox 2386 1555 3968 1626">
     <span class='ocr_line' id='line_1_31' title="bbox 2386 1555 3968 1626; baseline -0.005 -15"><span class='ocrx_word' id='word_1_245' title='bbox 2386 1559 2470 1612; x_wconf 85' lang='grc' dir='ltr'><strong>σὰ</strong></span> <span class='ocrx_word' id='word_1_246' title='bbox 2493 1557 2608 1626; x_wconf 83' lang='grc' dir='ltr'><strong>ἐμά</strong></span> <span class='ocrx_word' id='word_1_247' title='bbox 2633 1577 2647 1591; x_wconf 76' lang='grc' dir='ltr'><strong>ο</strong></span> <span class='ocrx_word' id='word_1_248' title='bbox 2705 1560 2800 1611; x_wconf 86' lang='grc' dir='ltr'><strong>καὶ</strong></span> <span class='ocrx_word' id='word_1_249' title='bbox 2855 1561 2913 1610; x_wconf 81' lang='grc' dir='ltr'><strong>ἐν</strong></span> <span class='ocrx_word' id='word_1_250' title='bbox 2950 1559 3018 1626; x_wconf 78' lang='grc' dir='ltr'><strong>τῇ</strong></span> <span class='ocrx_word' id='word_1_251' title='bbox 3050 1557 3184 1626; x_wconf 80' lang='grc' dir='ltr'><strong>εὐχῇ</strong></span> <span class='ocrx_word' id='word_1_252' title='bbox 3207 1573 3223 1588; x_wconf 81' lang='grc' dir='ltr'><strong>ο</strong></span> <span class='ocrx_word' id='word_1_253' title='bbox 3261 1557 3373 1621; x_wconf 80' lang='grc' dir='ltr'><strong>Δὸς</strong></span> <span class='ocrx_word' id='word_1_254' title='bbox 3429 1555 3657 1620; x_wconf 82' lang='grc' dir='ltr'><strong>αὐτοῖς,</strong></span> <span class='ocrx_word' id='word_1_255' title='bbox 3687 1557 3827 1624; x_wconf 75' lang='grc' dir='ltr'><strong>περὶ</strong></span> <span class='ocrx_word' id='word_1_256' title='bbox 3863 1555 3968 1604; x_wconf 73' lang='grc' dir='ltr'><strong>τῶν</strong></span> 
     </span>
    </p>
   </div>
   <div class='ocr_carea' id='block_1_32' title="bbox 2392 1641 3970 1714">
    <p class='ocr_par' dir='ltr' id='par_1_32' title="bbox 2392 1641 3970 1714">
     <span class='ocr_line' id='line_1_32' title="bbox 2392 1641 3970 1714; baseline 0.001 -18"><span class='ocrx_word' id='word_1_257' title='bbox 2392 1644 2651 1714; x_wconf 83' lang='grc' dir='ltr'><strong>μαθητῶν</strong></span> <span class='ocrx_word' id='word_1_258' title='bbox 2695 1646 2886 1712; x_wconf 79' lang='grc' dir='ltr'><strong>λέγων,</strong></span> <span class='ocrx_word' id='word_1_259' title='bbox 2943 1647 3046 1698; x_wconf 76' lang='grc' dir='ltr'><strong>ἵνα</strong></span> <span class='ocrx_word' id='word_1_260' title='bbox 3093 1641 3248 1698; x_wconf 80' lang='grc' dir='ltr'><strong>ὦσιν</strong></span> <span class='ocrx_word' id='word_1_261' title='bbox 3289 1645 3392 1708; x_wconf 82' lang='grc' dir='ltr'><strong>ἐν,</strong></span> <span class='ocrx_word' id='word_1_262' title='bbox 3442 1645 3634 1710; x_wconf 73' lang='grc' dir='ltr'><strong>καθὼς</strong></span> <span class='ocrx_word' id='word_1_263' title='bbox 3677 1645 3858 1712; x_wconf 80' lang='grc' dir='ltr'><strong>ἡμεῖς</strong></span> <span class='ocrx_word' id='word_1_264' title='bbox 3906 1645 3970 1698; x_wconf 80' lang='grc' dir='ltr'><strong>ἓν</strong></span> 
     </span>
    </p>
   </div>
   <div class='ocr_carea' id='block_1_33' title="bbox 2387 1737 3967 1807">
    <p class='ocr_par' dir='ltr' id='par_1_33' title="bbox 2387 1737 3967 1807">
     <span class='ocr_line' id='line_1_33' title="bbox 2387 1737 3967 1807; baseline -0.001 -17"><span class='ocrx_word' id='word_1_265' title='bbox 2387 1739 2594 1803; x_wconf 77' lang='grc' dir='ltr'><strong>ἐσμεν.</strong></span> <span class='ocrx_word' id='word_1_266' title='bbox 2629 1737 2688 1788; x_wconf 84' lang='lat' dir='ltr'><strong>Ei</strong></span> <span class='ocrx_word' id='word_1_267' title='bbox 2735 1737 2828 1789; x_wconf 78' lang='grc' dir='ltr'><strong>οὖν</strong></span> <span class='ocrx_word' id='word_1_268' title='bbox 2874 1738 2935 1790; x_wconf 77' lang='grc' dir='ltr'><strong>ἐν</strong></span> <span class='ocrx_word' id='word_1_269' title='bbox 2981 1739 3098 1790; x_wconf 80' lang='grc' dir='ltr'><strong>ἐστι</strong></span> <span class='ocrx_word' id='word_1_270' title='bbox 3155 1739 3293 1806; x_wconf 69' lang='grc' dir='ltr'><strong>μετὰ</strong></span> <span class='ocrx_word' id='word_1_271' title='bbox 3348 1741 3440 1790; x_wconf 83' lang='grc' dir='ltr'><strong>τού</strong></span> <span class='ocrx_word' id='word_1_272' title='bbox 3480 1738 3691 1807; x_wconf 72' lang='grc' dir='ltr'><strong>Πατρδς</strong></span> <span class='ocrx_word' id='word_1_273' title='bbox 3748 1741 3778 1789; x_wconf 87' lang='grc' dir='ltr'><strong>ό</strong></span> <span class='ocrx_word' id='word_1_274' title='bbox 3817 1738 3967 1798; x_wconf 77' lang='grc' dir='ltr'><strong>Υἱὸς,</strong></span> 
     </span>
    </p>
   </div>
   <div class='ocr_carea' id='block_1_34' title="bbox 705 1807 2294 1902">
    <p class='ocr_par' dir='ltr' id='par_1_34' title="bbox 705 1829 2281 1902">
     <span class='ocr_line' id='line_1_34' title="bbox 705 1829 2281 1902; baseline 0 -18"><span class='ocrx_word' id='word_1_275' title='bbox 705 1835 885 1902; x_wconf 77' lang='lat' dir='ltr'><strong>quiex</strong></span> <span class='ocrx_word' id='word_1_276' title='bbox 938 1834 1098 1888; x_wconf 85' lang='lat' dir='ltr'><strong>Patre</strong></span> <span class='ocrx_word' id='word_1_277' title='bbox 1148 1847 1200 1888; x_wconf 86' lang='lat' dir='ltr'><strong>et</strong></span> <span class='ocrx_word' id='word_1_278' title='bbox 1245 1833 1383 1887; x_wconf 84' lang='lat' dir='ltr'><strong>l-‘ilio</strong></span> <span class='ocrx_word' id='word_1_279' title='bbox 1440 1832 1671 1886; x_wconf 63' lang='lat' dir='ltr'><strong>Indixise</strong></span> <span class='ocrx_word' id='word_1_280' title='bbox 1724 1829 2170 1902; x_wconf 71' lang='lat' dir='ltr'><strong>procedit?ll:ec</strong></span> <span class='ocrx_word' id='word_1_281' title='bbox 2230 1842 2281 1884; x_wconf 91' lang='lat' dir='ltr'><strong>te</strong></span> 
     </span>
    </p>
   </div>
   <div class='ocr_carea' id='block_1_35' title="bbox 2395 1807 3968 1902">
    <p class='ocr_par' dir='ltr' id='par_1_35' title="bbox 2395 1827 3968 1901">
     <span class='ocr_line' id='line_1_35' title="bbox 2395 1827 3968 1901; baseline 0.001 -21"><span class='ocrx_word' id='word_1_282' title='bbox 2395 1828 2502 1890; x_wconf 66' lang='grc' dir='ltr'><strong>πῶς</strong></span> <span class='ocrx_word' id='word_1_283' title='bbox 2539 1830 2599 1881; x_wconf 72' lang='grc' dir='ltr'><strong>τὸ</strong></span> <span class='ocrx_word' id='word_1_284' title='bbox 2626 1827 2851 1896; x_wconf 71' lang='grc' dir='ltr'><strong>Πνεῦμα</strong></span> <span class='ocrx_word' id='word_1_285' title='bbox 2895 1829 3260 1898; x_wconf 71' lang='grc' dir='ltr'><strong>ἐκπορεύεται</strong></span> <span class='ocrx_word' id='word_1_286' title='bbox 3291 1833 3353 1884; x_wconf 86' lang='grc' dir='ltr'><strong>ἐκ</strong></span> <span class='ocrx_word' id='word_1_287' title='bbox 3401 1833 3565 1898; x_wconf 86' lang='grc' dir='ltr'><strong>μόνου</strong></span> <span class='ocrx_word' id='word_1_288' title='bbox 3596 1831 3690 1884; x_wconf 78' lang='grc' dir='ltr'><strong>τοῦ</strong></span> <span class='ocrx_word' id='word_1_289' title='bbox 3725 1832 3968 1901; x_wconf 57' lang='lat' dir='ltr'><strong>Harp-5;,</strong></span> 
     </span>
    </p>
   </div>
   <div class='ocr_carea' id='block_1_36' title="bbox 704 1923 2276 1995">
    <p class='ocr_par' dir='ltr' id='par_1_36' title="bbox 704 1923 2276 1995">
     <span class='ocr_line' id='line_1_36' title="bbox 704 1923 2276 1995; baseline 0.001 -19"><span class='ocrx_word' id='word_1_290' title='bbox 704 1929 986 1994; x_wconf 74' lang='lat' dir='ltr'><strong>oportebat</strong></span> <span class='ocrx_word' id='word_1_291' title='bbox 1020 1927 1310 1995; x_wconf 74' lang='lat' dir='ltr'><strong>inspicere,</strong></span> <span class='ocrx_word' id='word_1_292' title='bbox 1331 1936 1383 1978; x_wconf 87' lang='lat' dir='ltr'><strong>et</strong></span> <span class='ocrx_word' id='word_1_293' title='bbox 1415 1939 1520 1978; x_wconf 89' lang='lat' dir='ltr'><strong>non</strong></span> <span class='ocrx_word' id='word_1_294' title='bbox 1553 1927 1754 1994; x_wconf 86' lang='lat' dir='ltr'><strong>scripta</strong></span> <span class='ocrx_word' id='word_1_295' title='bbox 1775 1924 2064 1989; x_wconf 69' lang='lat' dir='ltr'><strong>Cabasibe,</strong></span> <span class='ocrx_word' id='word_1_296' title='bbox 2095 1933 2149 1980; x_wconf 92' lang='lat' dir='ltr'><strong>et</strong></span> <span class='ocrx_word' id='word_1_297' title='bbox 2176 1923 2276 1977; x_wconf 86' lang='lat' dir='ltr'><strong>Pa—</strong></span> 
     </span>
    </p>
   </div>
   <div class='ocr_carea' id='block_1_37' title="bbox 707 2016 2284 2087">
    <p class='ocr_par' dir='ltr' id='par_1_37' title="bbox 707 2016 2284 2087">
     <span class='ocr_line' id='line_1_37' title="bbox 707 2016 2284 2087; baseline 0.001 -17"><span class='ocrx_word' id='word_1_298' title='bbox 707 2018 883 2081; x_wconf 60' lang='lat' dir='ltr'><strong>lmum,</strong></span> <span class='ocrx_word' id='word_1_299' title='bbox 920 2018 1166 2081; x_wconf 78' lang='lat' dir='ltr'><strong>Pliurnii,</strong></span> <span class='ocrx_word' id='word_1_300' title='bbox 1200 2017 1494 2083; x_wconf 84' lang='lat' dir='ltr'><strong>Camateri,</strong></span> <span class='ocrx_word' id='word_1_301' title='bbox 1537 2016 1981 2087; x_wconf 79' lang='lat' dir='ltr'><strong>Moschamparis.</strong></span> <span class='ocrx_word' id='word_1_302' title='bbox 2023 2027 2079 2072; x_wconf 89' lang='lat' dir='ltr'><strong>et</strong></span> <span class='ocrx_word' id='word_1_303' title='bbox 2149 2017 2284 2073; x_wconf 90' lang='lat' dir='ltr'><strong>alio-</strong></span> 
     </span>
    </p>
   </div>
   <div class='ocr_carea' id='block_1_38' title="bbox 705 2108 2280 2179">
    <p class='ocr_par' dir='ltr' id='par_1_38' title="bbox 705 2108 2280 2179">
     <span class='ocr_line' id='line_1_38' title="bbox 705 2108 2280 2179; baseline 0.001 -18"><span class='ocrx_word' id='word_1_304' title='bbox 705 2122 850 2172; x_wconf 84' lang='lat' dir='ltr'><strong>rum,</strong></span> <span class='ocrx_word' id='word_1_305' title='bbox 894 2123 958 2162; x_wconf 90' lang='lat' dir='ltr'><strong>ne</strong></span> <span class='ocrx_word' id='word_1_306' title='bbox 991 2108 1232 2176; x_wconf 81' lang='lat' dir='ltr'><strong>singulos</strong></span> <span class='ocrx_word' id='word_1_307' title='bbox 1262 2124 1630 2179; x_wconf 83' lang='lat' dir='ltr'><strong>percenseam,</strong></span> <span class='ocrx_word' id='word_1_308' title='bbox 1656 2124 1794 2179; x_wconf 92' lang='lat' dir='ltr'><strong>quos</strong></span> <span class='ocrx_word' id='word_1_309' title='bbox 1817 2117 1871 2163; x_wconf 86' lang='lat' dir='ltr'><strong>tu</strong></span> <span class='ocrx_word' id='word_1_310' title='bbox 1900 2109 2130 2164; x_wconf 88' lang='lat' dir='ltr'><strong>audiens</strong></span> <span class='ocrx_word' id='word_1_311' title='bbox 2146 2125 2280 2163; x_wconf 83' lang='lat' dir='ltr'><strong>eva-</strong></span> 
     </span>
    </p>
   </div>
   <div class='ocr_carea' id='block_1_39' title="bbox 705 2201 2279 2270">
    <p class='ocr_par' dir='ltr' id='par_1_39' title="bbox 705 2201 2279 2270">
     <span class='ocr_line' id='line_1_39' title="bbox 705 2201 2279 2270; baseline 0 -15"><span class='ocrx_word' id='word_1_312' title='bbox 705 2202 826 2255; x_wconf 87' lang='lat' dir='ltr'><strong>si&#39;sti</strong></span> <span class='ocrx_word' id='word_1_313' title='bbox 859 2201 1242 2254; x_wconf 81' lang='lat' dir='ltr'><strong>schismaticus</strong></span> <span class='ocrx_word' id='word_1_314' title='bbox 1275 2211 1329 2255; x_wconf 89' lang='lat' dir='ltr'><strong>et</strong></span> <span class='ocrx_word' id='word_1_315' title='bbox 1364 2202 1571 2255; x_wconf 70' lang='lat' dir='ltr'><strong>veritati</strong></span> <span class='ocrx_word' id='word_1_316' title='bbox 1612 2201 1870 2256; x_wconf 91' lang='lat' dir='ltr'><strong>inimicus</strong></span> <span class='ocrx_word' id='word_1_317' title='bbox 1904 2219 1918 2268; x_wconf 91' lang='lat'><strong>;</strong></span> <span class='ocrx_word' id='word_1_318' title='bbox 1947 2216 2185 2270; x_wconf 83' lang='lat' dir='ltr'><strong>cumque</strong></span> <span class='ocrx_word' id='word_1_319' title='bbox 2224 2202 2279 2255; x_wconf 93' lang='lat' dir='ltr'><strong>in</strong></span> 
     </span>
    </p>
   </div>
   <div class='ocr_carea' id='block_1_40' title="bbox 698 2293 2278 2363">
    <p class='ocr_par' dir='ltr' id='par_1_40' title="bbox 698 2293 2278 2363">
     <span class='ocr_line' id='line_1_40' title="bbox 698 2293 2278 2363; baseline 0.001 -17"><span class='ocrx_word' id='word_1_320' title='bbox 698 2294 918 2363; x_wconf 74' lang='lat' dir='ltr'><strong>synodo</strong></span> <span class='ocrx_word' id='word_1_321' title='bbox 960 2293 1306 2347; x_wconf 75' lang='lat' dir='ltr'><strong>adhibuisses</strong></span> <span class='ocrx_word' id='word_1_322' title='bbox 1347 2308 1454 2347; x_wconf 91' lang='lat' dir='ltr'><strong>non</strong></span> <span class='ocrx_word' id='word_1_323' title='bbox 1513 2302 1856 2358; x_wconf 88' lang='lat' dir='ltr'><strong>sanctorum,</strong></span> <span class='ocrx_word' id='word_1_324' title='bbox 1911 2296 2004 2348; x_wconf 87' lang='lat' dir='ltr'><strong>sed</strong></span> <span class='ocrx_word' id='word_1_325' title='bbox 2061 2295 2278 2348; x_wconf 85' lang='lat' dir='ltr'><strong>illorum</strong></span> 
     </span>
    </p>
   </div>
   <div class='ocr_carea' id='block_1_41' title="bbox 707 2383 2287 2454">
    <p class='ocr_par' dir='ltr' id='par_1_41' title="bbox 707 2383 2287 2454">
     <span class='ocr_line' id='line_1_41' title="bbox 707 2383 2287 2454; baseline 0.003 -17"><span class='ocrx_word' id='word_1_326' title='bbox 707 2384 874 2447; x_wconf 77' lang='lat' dir='ltr'><strong>dicta,</strong></span> <span class='ocrx_word' id='word_1_327' title='bbox 911 2384 1261 2452; x_wconf 74' lang='lat' dir='ltr'><strong>ignominiam</strong></span> <span class='ocrx_word' id='word_1_328' title='bbox 1285 2385 1594 2453; x_wconf 87' lang='lat' dir='ltr'><strong>reportasti,</strong></span> <span class='ocrx_word' id='word_1_329' title='bbox 1628 2386 1845 2454; x_wconf 90' lang='lat' dir='ltr'><strong>quando</strong></span> <span class='ocrx_word' id='word_1_330' title='bbox 1875 2387 1971 2440; x_wconf 86' lang='lat' dir='ltr'><strong>tibi</strong></span> <span class='ocrx_word' id='word_1_331' title='bbox 2029 2383 2287 2441; x_wconf 69' lang='lat' dir='ltr'><strong>Ecclesiae</strong></span> 
     </span>
    </p>
   </div>
   <div class='ocr_carea' id='block_1_42' title="bbox 709 2473 2286 2543">
    <p class='ocr_par' dir='ltr' id='par_1_42' title="bbox 709 2473 2286 2543">
     <span class='ocr_line' id='line_1_42' title="bbox 709 2473 2286 2543; baseline 0.002 -17"><span class='ocrx_word' id='word_1_332' title='bbox 709 2473 960 2527; x_wconf 80' lang='lat' dir='ltr'><strong>doctores</strong></span> <span class='ocrx_word' id='word_1_333' title='bbox 993 2474 1064 2526; x_wconf 93' lang='lat' dir='ltr'><strong>illi</strong></span> <span class='ocrx_word' id='word_1_334' title='bbox 1132 2473 1714 2543; x_wconf 79' lang='lat' dir='ltr'><strong>protulerunt:quare</strong></span> <span class='ocrx_word' id='word_1_335' title='bbox 1768 2489 1891 2528; x_wconf 90' lang='lat' dir='ltr'><strong>cum</strong></span> <span class='ocrx_word' id='word_1_336' title='bbox 1955 2475 2140 2529; x_wconf 92' lang='lat' dir='ltr'><strong>oculos</strong></span> <span class='ocrx_word' id='word_1_337' title='bbox 2202 2486 2286 2529; x_wconf 82' lang='lat' dir='ltr'><strong>at-</strong></span> 
     </span>
    </p>
   </div>
   <div class='ocr_carea' id='block_1_43' title="bbox 716 2564 2286 2635">
    <p class='ocr_par' dir='ltr' id='par_1_43' title="bbox 716 2564 2286 2635">
     <span class='ocr_line' id='line_1_43' title="bbox 716 2564 2286 2635; baseline 0 -17"><span class='ocrx_word' id='word_1_338' title='bbox 716 2565 906 2618; x_wconf 84' lang='lat' dir='ltr'><strong>tollere</strong></span> <span class='ocrx_word' id='word_1_339' title='bbox 926 2578 1032 2618; x_wconf 91' lang='lat' dir='ltr'><strong>non</strong></span> <span class='ocrx_word' id='word_1_340' title='bbox 1063 2580 1271 2632; x_wconf 84' lang='lat' dir='ltr'><strong>posses,</strong></span> <span class='ocrx_word' id='word_1_341' title='bbox 1306 2566 1360 2620; x_wconf 93' lang='lat' dir='ltr'><strong>in</strong></span> <span class='ocrx_word' id='word_1_342' title='bbox 1395 2565 1573 2635; x_wconf 76' lang='lat' dir='ltr'><strong>fugam</strong></span> <span class='ocrx_word' id='word_1_343' title='bbox 1601 2576 1651 2617; x_wconf 87' lang='lat' dir='ltr'><strong>te</strong></span> <span class='ocrx_word' id='word_1_344' title='bbox 1669 2564 2030 2632; x_wconf 81' lang='lat' dir='ltr'><strong>ignominiose</strong></span> <span class='ocrx_word' id='word_1_345' title='bbox 2053 2565 2286 2632; x_wconf 83' lang='lat' dir='ltr'><strong>dedisti;</strong></span> 
     </span>
    </p>
   </div>
   <div class='ocr_carea' id='block_1_44' title="bbox 713 2657 2274 2727">
    <p class='ocr_par' dir='ltr' id='par_1_44' title="bbox 713 2657 2274 2727">
     <span class='ocr_line' id='line_1_44' title="bbox 713 2657 2274 2727; baseline 0.002 -17"><span class='ocrx_word' id='word_1_346' title='bbox 713 2666 766 2710; x_wconf 91' lang='lat' dir='ltr'><strong>ct</strong></span> <span class='ocrx_word' id='word_1_347' title='bbox 793 2657 903 2724; x_wconf 88' lang='lat' dir='ltr'><strong>jam</strong></span> <span class='ocrx_word' id='word_1_348' title='bbox 937 2665 988 2710; x_wconf 90' lang='lat' dir='ltr'><strong>te</strong></span> <span class='ocrx_word' id='word_1_349' title='bbox 1013 2657 1190 2711; x_wconf 86' lang='lat' dir='ltr'><strong>dicere</strong></span> <span class='ocrx_word' id='word_1_350' title='bbox 1213 2673 1320 2712; x_wconf 90' lang='lat' dir='ltr'><strong>non</strong></span> <span class='ocrx_word' id='word_1_351' title='bbox 1353 2658 1537 2727; x_wconf 82' lang='lat' dir='ltr'><strong>pudet,</strong></span> <span class='ocrx_word' id='word_1_352' title='bbox 1581 2657 1848 2727; x_wconf 87' lang='lat' dir='ltr'><strong>Spiritum</strong></span> <span class='ocrx_word' id='word_1_353' title='bbox 1897 2669 2152 2712; x_wconf 86' lang='lat' dir='ltr'><strong>sanctum</strong></span> <span class='ocrx_word' id='word_1_354' title='bbox 2209 2674 2274 2713; x_wconf 79' lang='lat' dir='ltr'><strong>ex</strong></span> 
     </span>
    </p>
   </div>
   <div class='ocr_carea' id='block_1_45' title="bbox 718 2750 2281 2819">
    <p class='ocr_par' dir='ltr' id='par_1_45' title="bbox 718 2750 2281 2819">
     <span class='ocr_line' id='line_1_45' title="bbox 718 2750 2281 2819; baseline 0 -15"><span class='ocrx_word' id='word_1_355' title='bbox 718 2751 836 2804; x_wconf 89' lang='lat' dir='ltr'><strong>solo</strong></span> <span class='ocrx_word' id='word_1_356' title='bbox 868 2751 1025 2803; x_wconf 80' lang='lat' dir='ltr'><strong>Patre</strong></span> <span class='ocrx_word' id='word_1_357' title='bbox 1057 2751 1128 2804; x_wconf 86' lang='lat' dir='ltr'><strong>ibi</strong></span> <span class='ocrx_word' id='word_1_358' title='bbox 1155 2765 1278 2804; x_wconf 90' lang='lat' dir='ltr'><strong>esse</strong></span> <span class='ocrx_word' id='word_1_359' title='bbox 1304 2752 1403 2804; x_wconf 91' lang='lat' dir='ltr'><strong>abs</strong></span> <span class='ocrx_word' id='word_1_360' title='bbox 1455 2760 1505 2804; x_wconf 87' lang='lat' dir='ltr'><strong>te</strong></span> <span class='ocrx_word' id='word_1_361' title='bbox 1561 2750 1998 2804; x_wconf 85' lang='lat' dir='ltr'><strong>demonstratum</strong></span> <span class='ocrx_word' id='word_1_362' title='bbox 2027 2751 2048 2803; x_wconf 71' lang='grc' dir='ltr'><strong><em>ΐ</em></strong></span> <span class='ocrx_word' id='word_1_363' title='bbox 2075 2751 2281 2819; x_wconf 82' lang='lat' dir='ltr'><strong>Propo—</strong></span> 
     </span>
    </p>
   </div>
   <div class='ocr_carea' id='block_1_46' title="bbox 713 2841 2289 2909">
    <p class='ocr_par' dir='ltr' id='par_1_46' title="bbox 713 2841 2289 2909">
     <span class='ocr_line' id='line_1_46' title="bbox 713 2841 2289 2909; baseline 0.001 -15"><span class='ocrx_word' id='word_1_364' title='bbox 713 2841 864 2895; x_wconf 88' lang='lat' dir='ltr'><strong>suisti</strong></span> <span class='ocrx_word' id='word_1_365' title='bbox 899 2853 955 2895; x_wconf 90' lang='lat' dir='ltr'><strong>tu</strong></span> <span class='ocrx_word' id='word_1_366' title='bbox 991 2842 1208 2908; x_wconf 87' lang='lat' dir='ltr'><strong>quidem</strong></span> <span class='ocrx_word' id='word_1_367' title='bbox 1251 2841 1380 2895; x_wconf 88' lang='lat' dir='ltr'><strong>illud</strong></span> <span class='ocrx_word' id='word_1_368' title='bbox 1451 2841 1814 2909; x_wconf 90' lang='lat' dir='ltr'><strong>probandum,</strong></span> <span class='ocrx_word' id='word_1_369' title='bbox 1859 2855 1984 2894; x_wconf 92' lang='lat' dir='ltr'><strong>cum</strong></span> <span class='ocrx_word' id='word_1_370' title='bbox 2045 2849 2098 2894; x_wconf 89' lang='lat' dir='ltr'><strong>te</strong></span> <span class='ocrx_word' id='word_1_371' title='bbox 2150 2841 2289 2895; x_wconf 87' lang='lat' dir='ltr'><strong>ulte-</strong></span> 
     </span>
    </p>
   </div>
   <div class='ocr_carea' id='block_1_47' title="bbox 716 2933 2286 3002">
    <p class='ocr_par' dir='ltr' id='par_1_47' title="bbox 716 2933 2286 3002">
     <span class='ocr_line' id='line_1_47' title="bbox 716 2933 2286 3002; baseline -0.001 -14"><span class='ocrx_word' id='word_1_372' title='bbox 716 2934 879 2988; x_wconf 88' lang='lat' dir='ltr'><strong>rioris</strong></span> <span class='ocrx_word' id='word_1_373' title='bbox 914 2933 1158 2987; x_wconf 63' lang='lat' dir='ltr'><strong>Francia:</strong></span> <span class='ocrx_word' id='word_1_374' title='bbox 1183 2933 1452 2988; x_wconf 82' lang='lat' dir='ltr'><strong>antistites</strong></span> <span class='ocrx_word' id='word_1_375' title='bbox 1481 2944 1531 2987; x_wconf 88' lang='lat' dir='ltr'><strong>et</strong></span> <span class='ocrx_word' id='word_1_376' title='bbox 1568 2936 1763 3002; x_wconf 77' lang='lat' dir='ltr'><strong>pedum</strong></span> <span class='ocrx_word' id='word_1_377' title='bbox 1789 2935 2016 3002; x_wconf 89' lang='lat' dir='ltr'><strong>strepitu</strong></span> <span class='ocrx_word' id='word_1_378' title='bbox 2051 2943 2104 2986; x_wconf 89' lang='lat' dir='ltr'><strong>et</strong></span> <span class='ocrx_word' id='word_1_379' title='bbox 2139 2935 2286 2987; x_wconf 85' lang='lat' dir='ltr'><strong>voci—</strong></span> 
     </span>
    </p>
   </div>
   <div class='ocr_carea' id='block_1_48' title="bbox 725 3024 2288 3088">
    <p class='ocr_par' dir='ltr' id='par_1_48' title="bbox 725 3024 2288 3088">
     <span class='ocr_line' id='line_1_48' title="bbox 725 3024 2288 3088; baseline -0.001 -9"><span class='ocrx_word' id='word_1_380' title='bbox 725 3031 824 3079; x_wconf 88' lang='lat' dir='ltr'><strong>bus</strong></span> <span class='ocrx_word' id='word_1_381' title='bbox 866 3025 1249 3088; x_wconf 81' lang='lat' dir='ltr'><strong>cxsibilaruut,</strong></span> <span class='ocrx_word' id='word_1_382' title='bbox 1295 3024 1438 3079; x_wconf 89' lang='lat' dir='ltr'><strong>clara</strong></span> <span class='ocrx_word' id='word_1_383' title='bbox 1473 3040 1603 3078; x_wconf 77' lang='lat' dir='ltr'><strong>voce</strong></span> <span class='ocrx_word' id='word_1_384' title='bbox 1632 3026 1944 3079; x_wconf 64' lang='lat' dir='ltr'><strong>liwreticuni</strong></span> <span class='ocrx_word' id='word_1_385' title='bbox 1976 3034 2030 3078; x_wconf 81' lang='lat' dir='ltr'><strong>et</strong></span> <span class='ocrx_word' id='word_1_386' title='bbox 2060 3025 2288 3079; x_wconf 81' lang='lat' dir='ltr'><strong>maledi-</strong></span> 
     </span>
    </p>
   </div>
   <div class='ocr_carea' id='block_1_49' title="bbox 2384 1921 3968 1993">
    <p class='ocr_par' dir='ltr' id='par_1_49' title="bbox 2384 1921 3968 1993">
     <span class='ocr_line' id='line_1_49' title="bbox 2384 1921 3968 1993; baseline 0.001 -20"><span class='ocrx_word' id='word_1_387' title='bbox 2384 1921 2520 1989; x_wconf 83' lang='grc' dir='ltr'><strong>ὅπερ</strong></span> <span class='ocrx_word' id='word_1_388' title='bbox 2537 1921 2852 1990; x_wconf 79' lang='grc' dir='ltr'><strong>ἀχωρίστως</strong></span> <span class='ocrx_word' id='word_1_389' title='bbox 2884 1923 3130 1992; x_wconf 76' lang='grc' dir='ltr'><strong>πρόεισιν</strong></span> <span class='ocrx_word' id='word_1_390' title='bbox 3153 1923 3215 1976; x_wconf 87' lang='grc' dir='ltr'><strong>ἐκ</strong></span> <span class='ocrx_word' id='word_1_391' title='bbox 3238 1925 3448 1993; x_wconf 58' lang='grc' dir='ltr'><strong>Πατρός</strong></span> <span class='ocrx_word' id='word_1_392' title='bbox 3471 1925 3562 1976; x_wconf 78' lang='grc' dir='ltr'><strong>καὶ</strong></span> <span class='ocrx_word' id='word_1_393' title='bbox 3583 1923 3712 1978; x_wconf 79' lang='grc' dir='ltr'><strong>Υἱοῦ</strong></span> <span class='ocrx_word' id='word_1_394' title='bbox 3736 1943 3752 1990; x_wconf 89' lang='lat'><strong>;</strong></span> <span class='ocrx_word' id='word_1_395' title='bbox 3780 1924 3968 1977; x_wconf 75' lang='grc' dir='ltr'><strong>Ταῦτα</strong></span> 
     </span>
    </p>
   </div>
   <div class='ocr_carea' id='block_1_50' title="bbox 2389 2011 3967 2083">
    <p class='ocr_par' dir='ltr' id='par_1_50' title="bbox 2389 2011 3967 2083">
     <span class='ocr_line' id='line_1_50' title="bbox 2389 2011 3967 2083; baseline -0.001 -19"><span class='ocrx_word' id='word_1_396' title='bbox 2389 2013 2486 2082; x_wconf 84' lang='grc' dir='ltr'><strong>μὲν</strong></span> <span class='ocrx_word' id='word_1_397' title='bbox 2508 2012 2614 2064; x_wconf 80' lang='grc' dir='ltr'><strong>ἔδει</strong></span> <span class='ocrx_word' id='word_1_398' title='bbox 2638 2029 2696 2063; x_wconf 87' lang='grc' dir='ltr'><strong>σε</strong></span> <span class='ocrx_word' id='word_1_399' title='bbox 2717 2011 2960 2081; x_wconf 83' lang='grc' dir='ltr'><strong>βλέπειν,</strong></span> <span class='ocrx_word' id='word_1_400' title='bbox 2984 2013 3077 2066; x_wconf 74' lang='grc' dir='ltr'><strong>καὶ</strong></span> <span class='ocrx_word' id='word_1_401' title='bbox 3102 2013 3178 2083; x_wconf 82' lang='grc' dir='ltr'><strong>μὴ</strong></span> <span class='ocrx_word' id='word_1_402' title='bbox 3208 2013 3274 2065; x_wconf 77' lang='grc' dir='ltr'><strong>τΞι</strong></span> <span class='ocrx_word' id='word_1_403' title='bbox 3303 2013 3586 2066; x_wconf 74' lang='grc' dir='ltr'><strong>Κισασιλᾶ</strong></span> <span class='ocrx_word' id='word_1_404' title='bbox 3615 2014 3863 2080; x_wconf 71' lang='grc' dir='ltr'><strong>Παλαμᾶ</strong></span> <span class='ocrx_word' id='word_1_405' title='bbox 3894 2029 3967 2076; x_wconf 82' lang='grc' dir='ltr'><strong>τε,</strong></span> 
     </span>
    </p>
   </div>
   <div class='ocr_carea' id='block_1_51' title="bbox 2385 2103 3968 2174">
    <p class='ocr_par' dir='ltr' id='par_1_51' title="bbox 2385 2103 3968 2174">
     <span class='ocr_line' id='line_1_51' title="bbox 2385 2103 3968 2174; baseline -0.001 -18"><span class='ocrx_word' id='word_1_406' title='bbox 2385 2106 2477 2157; x_wconf 71' lang='grc' dir='ltr'><strong>καὶ</strong></span> <span class='ocrx_word' id='word_1_407' title='bbox 2528 2103 2623 2157; x_wconf 79' lang='grc' dir='ltr'><strong>τοῦ</strong></span> <span class='ocrx_word' id='word_1_408' title='bbox 2681 2104 2922 2174; x_wconf 70' lang='grc' dir='ltr'><strong>Φουρνῆ,</strong></span> <span class='ocrx_word' id='word_1_409' title='bbox 2980 2104 3322 2173; x_wconf 82' lang='grc' dir='ltr'><strong>Καματηροῦ</strong></span> <span class='ocrx_word' id='word_1_410' title='bbox 3382 2105 3478 2157; x_wconf 78' lang='grc' dir='ltr'><strong>καὶ</strong></span> <span class='ocrx_word' id='word_1_411' title='bbox 3537 2107 3968 2174; x_wconf 79' lang='grc' dir='ltr'><strong>Μοσχὰμπαρος</strong></span> 
     </span>
    </p>
   </div>
   <div class='ocr_carea' id='block_1_52' title="bbox 2386 2191 3970 2265">
    <p class='ocr_par' dir='ltr' id='par_1_52' title="bbox 2386 2191 3970 2265">
     <span class='ocr_line' id='line_1_52' title="bbox 2386 2191 3970 2265; baseline -0.001 -17"><span class='ocrx_word' id='word_1_412' title='bbox 2386 2197 2481 2250; x_wconf 80' lang='grc' dir='ltr'><strong>καὶ</strong></span> <span class='ocrx_word' id='word_1_413' title='bbox 2519 2196 2628 2248; x_wconf 86' lang='grc' dir='ltr'><strong>τῶν</strong></span> <span class='ocrx_word' id='word_1_414' title='bbox 2692 2195 2892 2257; x_wconf 76' lang='grc' dir='ltr'><strong>ἄλλων,</strong></span> <span class='ocrx_word' id='word_1_415' title='bbox 2927 2195 3014 2247; x_wconf 79' lang='grc' dir='ltr'><strong>ἶνα</strong></span> <span class='ocrx_word' id='word_1_416' title='bbox 3078 2196 3154 2265; x_wconf 79' lang='grc' dir='ltr'><strong>μὴ</strong></span> <span class='ocrx_word' id='word_1_417' title='bbox 3192 2195 3340 2250; x_wconf 85' lang='grc' dir='ltr'><strong>οκαθ’</strong></span> <span class='ocrx_word' id='word_1_418' title='bbox 3391 2197 3623 2249; x_wconf 71' lang='grc' dir='ltr'><strong>ἕκαστον</strong></span> <span class='ocrx_word' id='word_1_419' title='bbox 3685 2197 3859 2264; x_wconf 79' lang='grc' dir='ltr'><strong>λέγω,</strong></span> <span class='ocrx_word' id='word_1_420' title='bbox 3901 2191 3970 2250; x_wconf 72' lang='grc' dir='ltr'><strong>ὧν</strong></span> 
     </span>
    </p>
   </div>
   <div class='ocr_carea' id='block_1_53' title="bbox 2387 2288 3973 2360">
    <p class='ocr_par' dir='ltr' id='par_1_53' title="bbox 2387 2288 3973 2360">
     <span class='ocr_line' id='line_1_53' title="bbox 2387 2288 3973 2360; baseline 0.001 -20"><span class='ocrx_word' id='word_1_421' title='bbox 2387 2288 2720 2352; x_wconf 87' lang='grc' dir='ltr'><strong>ἐπακούσας,</strong></span> <span class='ocrx_word' id='word_1_422' title='bbox 2749 2289 3110 2358; x_wconf 71' lang='grc' dir='ltr'><strong>σχισματικδς</strong></span> <span class='ocrx_word' id='word_1_423' title='bbox 3160 2291 3253 2343; x_wconf 74' lang='grc' dir='ltr'><strong>καὶ</strong></span> <span class='ocrx_word' id='word_1_424' title='bbox 3303 2290 3497 2360; x_wconf 74' lang='grc' dir='ltr'><strong>ἐχθρὸς</strong></span> <span class='ocrx_word' id='word_1_425' title='bbox 3556 2291 3656 2358; x_wconf 76' lang='grc' dir='ltr'><strong>τῆς</strong></span> <span class='ocrx_word' id='word_1_426' title='bbox 3703 2292 3973 2360; x_wconf 74' lang='grc' dir='ltr'><strong>ἀληθείας</strong></span> 
     </span>
    </p>
   </div>
   <div class='ocr_carea' id='block_1_54' title="bbox 2387 2379 3974 2451">
    <p class='ocr_par' dir='ltr' id='par_1_54' title="bbox 2387 2379 3974 2451">
     <span class='ocr_line' id='line_1_54' title="bbox 2387 2379 3974 2451; baseline 0.001 -18"><span class='ocrx_word' id='word_1_427' title='bbox 2387 2379 2572 2448; x_wconf 82' lang='grc' dir='ltr'><strong>ἐγένου</strong></span> <span class='ocrx_word' id='word_1_428' title='bbox 2603 2394 2618 2410; x_wconf 86' lang='grc'>⁶</span> <span class='ocrx_word' id='word_1_429' title='bbox 2655 2381 2748 2433; x_wconf 73' lang='grc' dir='ltr'><strong>καὶ</strong></span> <span class='ocrx_word' id='word_1_430' title='bbox 2799 2382 2858 2433; x_wconf 90' lang='grc' dir='ltr'><strong>ἐν</strong></span> <span class='ocrx_word' id='word_1_431' title='bbox 2887 2385 2952 2450; x_wconf 78' lang='grc' dir='ltr'><strong>τῇ</strong></span> <span class='ocrx_word' id='word_1_432' title='bbox 2997 2382 3203 2451; x_wconf 75' lang='grc' dir='ltr'><strong>συνόδῳ</strong></span> <span class='ocrx_word' id='word_1_433' title='bbox 3245 2382 3307 2435; x_wconf 75' lang='grc' dir='ltr'><strong>οὐ</strong></span> <span class='ocrx_word' id='word_1_434' title='bbox 3355 2382 3425 2434; x_wconf 72' lang='grc' dir='ltr'><strong>τὰ</strong></span> <span class='ocrx_word' id='word_1_435' title='bbox 3456 2381 3566 2435; x_wconf 83' lang='grc' dir='ltr'><strong>τῶν</strong></span> <span class='ocrx_word' id='word_1_436' title='bbox 3599 2384 3803 2451; x_wconf 81' lang='grc' dir='ltr'><strong>ἁγίων,</strong></span> <span class='ocrx_word' id='word_1_437' title='bbox 3839 2385 3974 2437; x_wconf 67' lang='grc' dir='ltr'><strong>ἀλλὰ</strong></span> 
     </span>
    </p>
   </div>
   <div class='ocr_carea' id='block_1_55' title="bbox 2386 2473 3972 2546">
    <p class='ocr_par' dir='ltr' id='par_1_55' title="bbox 2386 2473 3972 2546">
     <span class='ocr_line' id='line_1_55' title="bbox 2386 2473 3972 2546; baseline -0.001 -19"><span class='ocrx_word' id='word_1_438' title='bbox 2386 2474 2652 2527; x_wconf 78' lang='grc' dir='ltr'><strong>τάκείνων</strong></span> <span class='ocrx_word' id='word_1_439' title='bbox 2678 2473 2846 2526; x_wconf 83' lang='grc' dir='ltr'><strong>είπὼν</strong></span> <span class='ocrx_word' id='word_1_440' title='bbox 2872 2475 3170 2546; x_wconf 70' lang='grc' dir='ltr'><strong>ᾐσχύνθης,</strong></span> <span class='ocrx_word' id='word_1_441' title='bbox 3202 2477 3294 2529; x_wconf 80' lang='grc' dir='ltr'><strong>ὅτε</strong></span> <span class='ocrx_word' id='word_1_442' title='bbox 3326 2492 3410 2529; x_wconf 70' lang='grc' dir='ltr'><strong>σοι</strong></span> <span class='ocrx_word' id='word_1_443' title='bbox 3440 2476 3568 2537; x_wconf 72' lang='grc' dir='ltr'><strong>τοὺς</strong></span> <span class='ocrx_word' id='word_1_444' title='bbox 3600 2475 3972 2536; x_wconf 72' lang='grc' dir='ltr'><strong>διδασκάλους</strong></span> 
     </span>
    </p>
   </div>
   <div class='ocr_carea' id='block_1_56' title="bbox 2387 2567 3974 2640">
    <p class='ocr_par' dir='ltr' id='par_1_56' title="bbox 2387 2567 3974 2640">
     <span class='ocr_line' id='line_1_56' title="bbox 2387 2567 3974 2640; baseline 0.002 -21"><span class='ocrx_word' id='word_1_445' title='bbox 2387 2567 2862 2635; x_wconf 73' lang='grc' dir='ltr'><strong>τῆς,Ἐκκλησίας</strong></span> <span class='ocrx_word' id='word_1_446' title='bbox 2907 2571 3106 2622; x_wconf 84' lang='grc' dir='ltr'><strong>ἐκεῖνοι</strong></span> <span class='ocrx_word' id='word_1_447' title='bbox 3155 2570 3532 2638; x_wconf 85' lang='grc' dir='ltr'><strong>προήνεγκαν,</strong></span> <span class='ocrx_word' id='word_1_448' title='bbox 3564 2573 3658 2623; x_wconf 73' lang='grc' dir='ltr'><strong>καὶ</strong></span> <span class='ocrx_word' id='word_1_449' title='bbox 3695 2570 3776 2640; x_wconf 74' lang='grc' dir='ltr'><strong>μὴ</strong></span> <span class='ocrx_word' id='word_1_450' title='bbox 3813 2570 3974 2623; x_wconf 67' lang='lat' dir='ltr'><strong>swa-</strong></span> 
     </span>
    </p>
   </div>
   <div class='ocr_carea' id='block_1_57' title="bbox 2393 2657 3960 2730">
    <p class='ocr_par' dir='ltr' id='par_1_57' title="bbox 2393 2657 3960 2730">
     <span class='ocr_line' id='line_1_57' title="bbox 2393 2657 3960 2730; baseline 0.003 -22"><span class='ocrx_word' id='word_1_451' title='bbox 2393 2674 2552 2726; x_wconf 86' lang='grc' dir='ltr'><strong>μενος</strong></span> <span class='ocrx_word' id='word_1_452' title='bbox 2582 2657 2884 2727; x_wconf 79' lang='grc' dir='ltr'><strong>ἀναδλέψαι</strong></span> <span class='ocrx_word' id='word_1_453' title='bbox 2912 2660 3156 2729; x_wconf 83' lang='grc' dir='ltr'><strong>ἀπέδρας</strong></span> <span class='ocrx_word' id='word_1_454' title='bbox 3204 2661 3520 2730; x_wconf 80' lang='grc' dir='ltr'><strong>αἰσχυνθείς</strong></span> <span class='ocrx_word' id='word_1_455' title='bbox 3546 2677 3561 2691; x_wconf 89' lang='grc'><strong>·</strong></span> <span class='ocrx_word' id='word_1_456' title='bbox 3593 2664 3689 2714; x_wconf 83' lang='grc' dir='ltr'><strong>καὶ</strong></span> <span class='ocrx_word' id='word_1_457' title='bbox 3725 2665 3827 2716; x_wconf 70' lang='grc' dir='ltr'><strong>νῦν</strong></span> <span class='ocrx_word' id='word_1_458' title='bbox 3863 2664 3960 2715; x_wconf 70' lang='grc' dir='ltr'><strong>οὒκ</strong></span> 
     </span>
    </p>
   </div>
   <div class='ocr_carea' id='block_1_58' title="bbox 2390 2751 3965 2825">
    <p class='ocr_par' dir='ltr' id='par_1_58' title="bbox 2390 2751 3965 2825">
     <span class='ocr_line' id='line_1_58' title="bbox 2390 2751 3965 2825; baseline 0.003 -22"><span class='ocrx_word' id='word_1_459' title='bbox 2390 2751 2620 2821; x_wconf 75' lang='grc' dir='ltr'><strong>αἰσχύνῃ</strong></span> <span class='ocrx_word' id='word_1_460' title='bbox 2667 2752 2865 2818; x_wconf 85' lang='grc' dir='ltr'><strong>λέγων,</strong></span> <span class='ocrx_word' id='word_1_461' title='bbox 2897 2753 2978 2806; x_wconf 79' lang='grc' dir='ltr'><strong>ὅτι</strong></span> <span class='ocrx_word' id='word_1_462' title='bbox 3013 2754 3222 2818; x_wconf 74' lang='grc' dir='ltr'><strong>ἔδειξας</strong></span> <span class='ocrx_word' id='word_1_463' title='bbox 3264 2757 3380 2809; x_wconf 79' lang='grc' dir='ltr'><strong>ἐκεῐ</strong></span> <span class='ocrx_word' id='word_1_464' title='bbox 3415 2757 3476 2809; x_wconf 85' lang='grc' dir='ltr'><strong>ἐκ</strong></span> <span class='ocrx_word' id='word_1_465' title='bbox 3508 2758 3671 2825; x_wconf 83' lang='grc' dir='ltr'><strong>μόνου</strong></span> <span class='ocrx_word' id='word_1_466' title='bbox 3716 2755 3817 2809; x_wconf 69' lang='grc' dir='ltr'><strong>τοῦ</strong></span> <span class='ocrx_word' id='word_1_467' title='bbox 3859 2759 3965 2810; x_wconf 73' lang='grc' dir='ltr'><strong>Πι-</strong></span> 
     </span>
    </p>
   </div>
   <div class='ocr_carea' id='block_1_59' title="bbox 2389 2840 3976 2915">
    <p class='ocr_par' dir='ltr' id='par_1_59' title="bbox 2389 2840 3976 2915">
     <span class='ocr_line' id='line_1_59' title="bbox 2389 2840 3976 2915; baseline 0.004 -22"><span class='ocrx_word' id='word_1_468' title='bbox 2389 2840 2515 2910; x_wconf 74' lang='grc' dir='ltr'><strong>τρὸς</strong></span> <span class='ocrx_word' id='word_1_469' title='bbox 2541 2842 2603 2893; x_wconf 76' lang='grc' dir='ltr'><strong>τὸ</strong></span> <span class='ocrx_word' id='word_1_470' title='bbox 2647 2842 2913 2911; x_wconf 77' lang='grc' dir='ltr'><strong>Πνεῦμας</strong></span> <span class='ocrx_word' id='word_1_471' title='bbox 2964 2845 3207 2914; x_wconf 78' lang='grc' dir='ltr'><strong>Προέθου</strong></span> <span class='ocrx_word' id='word_1_472' title='bbox 3263 2847 3364 2915; x_wconf 86' lang='grc' dir='ltr'><strong>μὲν</strong></span> <span class='ocrx_word' id='word_1_473' title='bbox 3414 2847 3603 2911; x_wconf 82' lang='grc' dir='ltr'><strong>δεῖξαι,</strong></span> <span class='ocrx_word' id='word_1_474' title='bbox 3631 2847 3722 2900; x_wconf 78' lang='grc' dir='ltr'><strong>ὅτε</strong></span> <span class='ocrx_word' id='word_1_475' title='bbox 3756 2865 3846 2902; x_wconf 81' lang='grc' dir='ltr'><strong>σοι</strong></span> <span class='ocrx_word' id='word_1_476' title='bbox 3889 2853 3976 2900; x_wconf 68' lang='grc' dir='ltr'><strong>καὶ</strong></span> 
     </span>
    </p>
   </div>
   <div class='ocr_carea' id='block_1_60' title="bbox 2392 2933 3973 3008">
    <p class='ocr_par' dir='ltr' id='par_1_60' title="bbox 2392 2933 3973 3008">
     <span class='ocr_line' id='line_1_60' title="bbox 2392 2933 3973 3008; baseline 0.003 -22"><span class='ocrx_word' id='word_1_477' title='bbox 2392 2933 2618 3002; x_wconf 81' lang='grc' dir='ltr'><strong>κρότους</strong></span> <span class='ocrx_word' id='word_1_478' title='bbox 2664 2935 2843 2987; x_wconf 85' lang='grc' dir='ltr'><strong>ποδῶν</strong></span> <span class='ocrx_word' id='word_1_479' title='bbox 2893 2937 2988 2988; x_wconf 82' lang='grc' dir='ltr'><strong>καὶ</strong></span> <span class='ocrx_word' id='word_1_480' title='bbox 3025 2936 3212 3005; x_wconf 80' lang='grc' dir='ltr'><strong>φωνῆς</strong></span> <span class='ocrx_word' id='word_1_481' title='bbox 3272 2937 3536 3006; x_wconf 86' lang='grc' dir='ltr'><strong>ἐποίησαν</strong></span> <span class='ocrx_word' id='word_1_482' title='bbox 3589 2939 3637 2991; x_wconf 83' lang='lat' dir='ltr'><strong>oi</strong></span> <span class='ocrx_word' id='word_1_483' title='bbox 3684 2940 3788 3008; x_wconf 75' lang='grc' dir='ltr'><strong>τῆς</strong></span> <span class='ocrx_word' id='word_1_484' title='bbox 3831 2941 3973 2992; x_wconf 71' lang='grc' dir='ltr'><strong>ἐνδο-</strong></span> 
     </span>
    </p>
   </div>
   <div class='ocr_carea' id='block_1_61' title="bbox 2390 3027 3967 3102">
    <p class='ocr_par' dir='ltr' id='par_1_61' title="bbox 2390 3027 3967 3102">
     <span class='ocr_line' id='line_1_61' title="bbox 2390 3027 3967 3102; baseline 0.003 -23"><span class='ocrx_word' id='word_1_485' title='bbox 2390 3027 2557 3094; x_wconf 78' lang='grc' dir='ltr'><strong>τέρας</strong></span> <span class='ocrx_word' id='word_1_486' title='bbox 2583 3028 2864 3095; x_wconf 76' lang='grc' dir='ltr'><strong>Φραγκέας</strong></span> <span class='ocrx_word' id='word_1_487' title='bbox 2896 3028 3216 3097; x_wconf 84' lang='grc' dir='ltr'><strong>ἡγούμενοι,</strong></span> <span class='ocrx_word' id='word_1_488' title='bbox 3250 3032 3464 3101; x_wconf 78' lang='grc' dir='ltr'><strong>μεγάλῃ</strong></span> <span class='ocrx_word' id='word_1_489' title='bbox 3497 3035 3644 3100; x_wconf 83' lang='grc' dir='ltr'><strong>φωνῇ</strong></span> <span class='ocrx_word' id='word_1_490' title='bbox 3678 3035 3967 3102; x_wconf 71' lang='grc' dir='ltr'><strong>αἱρετικὶν</strong></span> 
     </span>
    </p>
   </div>
   <div class='ocr_carea' id='block_1_62' title="bbox 714 3116 2294 3200">
    <p class='ocr_par' dir='ltr' id='par_1_62' title="bbox 714 3116 2286 3186">
     <span class='ocr_line' id='line_1_62' title="bbox 714 3116 2286 3186; baseline -0.001 -14"><span class='ocrx_word' id='word_1_491' title='bbox 714 3130 861 3172; x_wconf 84' lang='lat' dir='ltr'><strong>ctum</strong></span> <span class='ocrx_word' id='word_1_492' title='bbox 887 3117 1220 3186; x_wconf 80' lang='lat' dir='ltr'><strong>appellantes</strong></span> <span class='ocrx_word' id='word_1_493' title='bbox 1254 3134 1270 3181; x_wconf 83' lang='lat'><strong>;</strong></span> <span class='ocrx_word' id='word_1_494' title='bbox 1306 3123 1360 3169; x_wconf 91' lang='lat' dir='ltr'><strong>at</strong></span> <span class='ocrx_word' id='word_1_495' title='bbox 1409 3117 1558 3169; x_wconf 91' lang='lat' dir='ltr'><strong>nullo</strong></span> <span class='ocrx_word' id='word_1_496' title='bbox 1607 3117 1764 3169; x_wconf 83' lang='lat' dir='ltr'><strong>modo</strong></span> <span class='ocrx_word' id='word_1_497' title='bbox 1812 3116 2073 3183; x_wconf 81' lang='lat' dir='ltr'><strong>probasti,</strong></span> <span class='ocrx_word' id='word_1_498' title='bbox 2145 3118 2286 3170; x_wconf 84' lang='lat' dir='ltr'><strong>nuda</strong></span> 
     </span>
    </p>
   </div>
   <div class='ocr_carea' id='block_1_63' title="bbox 2395 3116 3974 3200">
    <p class='ocr_par' dir='ltr' id='par_1_63' title="bbox 2395 3121 3974 3189">
     <span class='ocr_line' id='line_1_63' title="bbox 2395 3121 3974 3189; baseline 0.003 -16"><span class='ocrx_word' id='word_1_499' title='bbox 2395 3125 2486 3173; x_wconf 81' lang='grc' dir='ltr'><strong>καὶ</strong></span> <span class='ocrx_word' id='word_1_500' title='bbox 2528 3121 2918 3189; x_wconf 73' lang='grc' dir='ltr'><strong>κατηραμένον</strong></span> <span class='ocrx_word' id='word_1_501' title='bbox 2956 3121 3365 3185; x_wconf 70' lang='grc' dir='ltr'><strong>ἀποκαλοῦντες</strong></span> <span class='ocrx_word' id='word_1_502' title='bbox 3419 3140 3501 3184; x_wconf 84' lang='grc' dir='ltr'><strong>σε,</strong></span> <span class='ocrx_word' id='word_1_503' title='bbox 3533 3123 3692 3176; x_wconf 76' lang='grc' dir='ltr'><strong>οὔπω</strong></span> <span class='ocrx_word' id='word_1_504' title='bbox 3745 3125 3808 3178; x_wconf 74' lang='grc' dir='ltr'><strong>δὲ</strong></span> <span class='ocrx_word' id='word_1_505' title='bbox 3843 3127 3974 3178; x_wconf 73' lang='grc' dir='ltr'><strong>ἀπέ-</strong></span> 
     </span>
    </p>
   </div>
   <div class='ocr_carea' id='block_1_64' title="bbox 716 3205 2289 3278">
    <p class='ocr_par' dir='ltr' id='par_1_64' title="bbox 716 3205 2289 3278">
     <span class='ocr_line' id='line_1_64' title="bbox 716 3205 2289 3278; baseline -0.001 -14"><span class='ocrx_word' id='word_1_506' title='bbox 716 3221 923 3264; x_wconf 79' lang='lat' dir='ltr'><strong>tantuni</strong></span> <span class='ocrx_word' id='word_1_507' title='bbox 950 3211 1090 3262; x_wconf 72' lang='lat' dir='ltr'><strong>dicta</strong></span> <span class='ocrx_word' id='word_1_508' title='bbox 1129 3209 1396 3278; x_wconf 88' lang='lat' dir='ltr'><strong>protulisti</strong></span> <span class='ocrx_word' id='word_1_509' title='bbox 1432 3227 1444 3261; x_wconf 90' lang='lat'><strong>:</strong></span> <span class='ocrx_word' id='word_1_510' title='bbox 1477 3209 1580 3273; x_wconf 84' lang='lat' dir='ltr'><strong>Qui</strong></span> <span class='ocrx_word' id='word_1_511' title='bbox 1612 3225 1644 3261; x_wconf 90' lang='lat' dir='ltr'><strong><em>a</em></strong></span> <span class='ocrx_word' id='word_1_512' title='bbox 1705 3205 1872 3261; x_wconf 82' lang='lat' dir='ltr'><strong>Patre</strong></span> <span class='ocrx_word' id='word_1_513' title='bbox 1924 3209 2180 3276; x_wconf 66' lang='lat' dir='ltr'><strong>procedit,</strong></span> <span class='ocrx_word' id='word_1_514' title='bbox 2235 3218 2289 3263; x_wconf 91' lang='lat' dir='ltr'><strong>et</strong></span> 
     </span>
    </p>
   </div>
   <div class='ocr_carea' id='block_1_65' title="bbox 716 3299 2288 3371">
    <p class='ocr_par' dir='ltr' id='par_1_65' title="bbox 716 3299 2288 3371">
     <span class='ocr_line' id='line_1_65' title="bbox 716 3299 2288 3371; baseline -0.003 -16"><span class='ocrx_word' id='word_1_515' title='bbox 716 3303 910 3355; x_wconf 86' lang='lat' dir='ltr'><strong>similia</strong></span> <span class='ocrx_word' id='word_1_516' title='bbox 942 3319 958 3367; x_wconf 87' lang='lat'><strong>;</strong></span> <span class='ocrx_word' id='word_1_517' title='bbox 989 3303 1054 3354; x_wconf 87' lang='lat' dir='ltr'><strong>ad</strong></span> <span class='ocrx_word' id='word_1_518' title='bbox 1085 3318 1204 3371; x_wconf 76' lang='lat' dir='ltr'><strong>qua:</strong></span> <span class='ocrx_word' id='word_1_519' title='bbox 1232 3300 1344 3370; x_wconf 85' lang='lat' dir='ltr'><strong>jam</strong></span> <span class='ocrx_word' id='word_1_520' title='bbox 1377 3299 1778 3369; x_wconf 88' lang='lat' dir='ltr'><strong>respondimus,</strong></span> <span class='ocrx_word' id='word_1_521' title='bbox 1815 3313 1915 3353; x_wconf 89' lang='lat' dir='ltr'><strong>nec</strong></span> <span class='ocrx_word' id='word_1_522' title='bbox 1936 3307 2019 3353; x_wconf 89' lang='lat' dir='ltr'><strong>est</strong></span> <span class='ocrx_word' id='word_1_523' title='bbox 2042 3313 2140 3353; x_wconf 85' lang='lat' dir='ltr'><strong>cur</strong></span> <span class='ocrx_word' id='word_1_524' title='bbox 2168 3314 2288 3352; x_wconf 60' lang='lat' dir='ltr'><strong>am~</strong></span> 
     </span>
    </p>
   </div>
   <div class='ocr_carea' id='block_1_66' title="bbox 719 3393 1159 3464">
    <p class='ocr_par' dir='ltr' id='par_1_66' title="bbox 719 3393 1159 3464">
     <span class='ocr_line' id='line_1_66' title="bbox 719 3393 1159 3464; baseline 0.002 -17"><span class='ocrx_word' id='word_1_525' title='bbox 719 3395 861 3464; x_wconf 89' lang='lat' dir='ltr'><strong>plius</strong></span> <span class='ocrx_word' id='word_1_526' title='bbox 892 3393 1159 3448; x_wconf 84' lang='lat' dir='ltr'><strong>dicamus.</strong></span> 
     </span>
    </p>
   </div>
   <div class='ocr_carea' id='block_1_67' title="bbox 1390 3485 1629 3540">
    <p class='ocr_par' dir='ltr' id='par_1_67' title="bbox 1390 3485 1629 3540">
     <span class='ocr_line' id='line_1_67' title="bbox 1390 3485 1629 3540; baseline -0.004 -2"><span class='ocrx_word' id='word_1_527' title='bbox 1390 3485 1629 3540; x_wconf 74' lang='lat' dir='ltr'><strong>EPHES.</strong></span> 
     </span>
    </p>
   </div>
   <div class='ocr_carea' id='block_1_68' title="bbox 791 3577 2298 3650">
    <p class='ocr_par' dir='ltr' id='par_1_68' title="bbox 791 3577 2298 3650">
     <span class='ocr_line' id='line_1_68' title="bbox 791 3577 2298 3650; baseline 0.002 -19"><span class='ocrx_word' id='word_1_528' title='bbox 791 3581 870 3631; x_wconf 76' lang='lat' dir='ltr'><strong>Ab</strong></span> <span class='ocrx_word' id='word_1_529' title='bbox 892 3578 1218 3647; x_wconf 76' lang='lat' dir='ltr'><strong>evangelicis</strong></span> <span class='ocrx_word' id='word_1_530' title='bbox 1239 3577 1452 3647; x_wconf 89' lang='lat' dir='ltr'><strong>quidem</strong></span> <span class='ocrx_word' id='word_1_531' title='bbox 1484 3577 1644 3632; x_wconf 87' lang='lat' dir='ltr'><strong>dictis</strong></span> <span class='ocrx_word' id='word_1_532' title='bbox 1672 3593 1920 3643; x_wconf 82' lang='lat' dir='ltr'><strong>exorsus,</strong></span> <span class='ocrx_word' id='word_1_533' title='bbox 1944 3595 2038 3649; x_wconf 86' lang='lat' dir='ltr'><strong>per</strong></span> <span class='ocrx_word' id='word_1_534' title='bbox 2077 3591 2298 3650; x_wconf 80' lang='lat' dir='ltr'><strong>aposto-</strong></span> 
     </span>
    </p>
   </div>
   <div class='ocr_carea' id='block_1_69' title="bbox 718 3671 2301 3740">
    <p class='ocr_par' dir='ltr' id='par_1_69' title="bbox 718 3671 2301 3740">
     <span class='ocr_line' id='line_1_69' title="bbox 718 3671 2301 3740; baseline 0.002 -17"><span class='ocrx_word' id='word_1_535' title='bbox 718 3671 804 3724; x_wconf 85' lang='lat' dir='ltr'><strong>los</strong></span> <span class='ocrx_word' id='word_1_536' title='bbox 826 3685 950 3725; x_wconf 70' lang='lat' dir='ltr'><strong>\&#39;ero</strong></span> <span class='ocrx_word' id='word_1_537' title='bbox 978 3682 1031 3723; x_wconf 89' lang='lat' dir='ltr'><strong>et</strong></span> <span class='ocrx_word' id='word_1_538' title='bbox 1059 3685 1404 3726; x_wconf 75' lang='lat' dir='ltr'><strong>successores</strong></span> <span class='ocrx_word' id='word_1_539' title='bbox 1423 3685 1610 3722; x_wconf 88' lang='lat' dir='ltr'><strong>eorum</strong></span> <span class='ocrx_word' id='word_1_540' title='bbox 1639 3685 1958 3738; x_wconf 74' lang='lat' dir='ltr'><strong>pmgressus</strong></span> <span class='ocrx_word' id='word_1_541' title='bbox 1986 3687 2102 3726; x_wconf 85' lang='lat' dir='ltr'><strong>smn</strong></span> <span class='ocrx_word' id='word_1_542' title='bbox 2131 3687 2301 3740; x_wconf 88' lang='lat' dir='ltr'><strong>usque</strong></span> 
     </span>
    </p>
   </div>
   <div class='ocr_carea' id='block_1_70' title="bbox 721 3762 2298 3832">
    <p class='ocr_par' dir='ltr' id='par_1_70' title="bbox 721 3762 2298 3832">
     <span class='ocr_line' id='line_1_70' title="bbox 721 3762 2298 3832; baseline 0.001 -17"><span class='ocrx_word' id='word_1_543' title='bbox 721 3763 788 3815; x_wconf 91' lang='lat' dir='ltr'><strong>ad</strong></span> <span class='ocrx_word' id='word_1_544' title='bbox 833 3763 1046 3816; x_wconf 76' lang='lat' dir='ltr'><strong>tertiam</strong></span> <span class='ocrx_word' id='word_1_545' title='bbox 1086 3762 1350 3831; x_wconf 85' lang='lat' dir='ltr'><strong>synodum</strong></span> <span class='ocrx_word' id='word_1_546' title='bbox 1418 3767 1837 3825; x_wconf 70' lang='lat' dir='ltr'><strong>meumenicam,</strong></span> <span class='ocrx_word' id='word_1_547' title='bbox 1899 3763 2046 3817; x_wconf 89' lang='lat' dir='ltr'><strong>dicta</strong></span> <span class='ocrx_word' id='word_1_548' title='bbox 2084 3764 2298 3832; x_wconf 81' lang='lat' dir='ltr'><strong>singula</strong></span> 
     </span>
    </p>
   </div>
   <div class='ocr_carea' id='block_1_71' title="bbox 708 3853 2308 3923">
    <p class='ocr_par' dir='ltr' id='par_1_71' title="bbox 708 3853 2308 3923">
     <span class='ocr_line' id='line_1_71' title="bbox 708 3853 2308 3923; baseline 0.001 -18"><span class='ocrx_word' id='word_1_549' title='bbox 708 3855 1013 3922; x_wconf 66' lang='grc' dir='ltr'><strong>ιΙίΙίεειιιει·</strong></span> <span class='ocrx_word' id='word_1_550' title='bbox 1057 3854 1383 3921; x_wconf 72' lang='lat' dir='ltr'><strong>expcndens,</strong></span> <span class='ocrx_word' id='word_1_551' title='bbox 1408 3863 1462 3906; x_wconf 88' lang='lat' dir='ltr'><strong>et</strong></span> <span class='ocrx_word' id='word_1_552' title='bbox 1493 3853 1834 3922; x_wconf 77' lang='lat' dir='ltr'><strong>syllogismos</strong></span> <span class='ocrx_word' id='word_1_553' title='bbox 1864 3855 1929 3907; x_wconf 88' lang='lat' dir='ltr'><strong>ad</strong></span> <span class='ocrx_word' id='word_1_554' title='bbox 1963 3854 2308 3923; x_wconf 88' lang='lat' dir='ltr'><strong>unumquod-</strong></span> 
     </span>
    </p>
   </div>
   <div class='ocr_carea' id='block_1_72' title="bbox 724 3946 2300 4016">
    <p class='ocr_par' dir='ltr' id='par_1_72' title="bbox 724 3946 2300 4016">
     <span class='ocr_line' id='line_1_72' title="bbox 724 3946 2300 4016; baseline 0.003 -20"><span class='ocrx_word' id='word_1_555' title='bbox 724 3961 830 4014; x_wconf 88' lang='lat' dir='ltr'><strong>que</strong></span> <span class='ocrx_word' id='word_1_556' title='bbox 864 3947 1148 4007; x_wconf 79' lang='lat' dir='ltr'><strong>adhibens.</strong></span> <span class='ocrx_word' id='word_1_557' title='bbox 1181 3955 1342 4014; x_wconf 66' lang='lat' dir='ltr'><strong>atque</strong></span> <span class='ocrx_word' id='word_1_558' title='bbox 1395 3946 1445 3998; x_wconf 91' lang='lat' dir='ltr'><strong>id</strong></span> <span class='ocrx_word' id='word_1_559' title='bbox 1477 3946 1619 4013; x_wconf 88' lang='lat' dir='ltr'><strong>quod</strong></span> <span class='ocrx_word' id='word_1_560' title='bbox 1652 3948 1783 3999; x_wconf 86' lang='lat' dir='ltr'><strong>mihi</strong></span> <span class='ocrx_word' id='word_1_561' title='bbox 1814 3948 2155 4016; x_wconf 84' lang='lat' dir='ltr'><strong>propositum</strong></span> <span class='ocrx_word' id='word_1_562' title='bbox 2181 3956 2300 4000; x_wconf 88' lang='lat' dir='ltr'><strong>erat</strong></span> 
     </span>
    </p>
   </div>
   <div class='ocr_carea' id='block_1_73' title="bbox 725 4038 2301 4110">
    <p class='ocr_par' dir='ltr' id='par_1_73' title="bbox 725 4038 2301 4110">
     <span class='ocr_line' id='line_1_73' title="bbox 725 4038 2301 4110; baseline 0.006 -21"><span class='ocrx_word' id='word_1_563' title='bbox 725 4038 1095 4091; x_wconf 72' lang='lat' dir='ltr'><strong>concludens:</strong></span> <span class='ocrx_word' id='word_1_564' title='bbox 1133 4053 1331 4091; x_wconf 84' lang='lat' dir='ltr'><strong>novum</strong></span> <span class='ocrx_word' id='word_1_565' title='bbox 1370 4039 1575 4093; x_wconf 85' lang='lat' dir='ltr'><strong>scilicet</strong></span> <span class='ocrx_word' id='word_1_566' title='bbox 1605 4039 1920 4094; x_wconf 86' lang='lat' dir='ltr'><strong>Latinorum</strong></span> <span class='ocrx_word' id='word_1_567' title='bbox 1956 4041 2149 4110; x_wconf 86' lang='lat' dir='ltr'><strong>dogma</strong></span> <span class='ocrx_word' id='word_1_568' title='bbox 2177 4056 2301 4098; x_wconf 85' lang='lat' dir='ltr'><strong>esse</strong></span> 
     </span>
    </p>
   </div>
   <div class='ocr_carea' id='block_1_74' title="bbox 727 4129 1298 4184">
    <p class='ocr_par' dir='ltr' id='par_1_74' title="bbox 727 4129 1298 4184">
     <span class='ocr_line' id='line_1_74' title="bbox 727 4129 1298 4184; baseline 0.004 -2"><span class='ocrx_word' id='word_1_569' title='bbox 727 4133 929 4184; x_wconf 66' lang='lat' dir='ltr'><strong>ubique</strong></span> <span class='ocrx_word' id='word_1_570' title='bbox 959 4129 1298 4184; x_wconf 83' lang='lat' dir='ltr'><strong>damnatum.</strong></span> 
     </span>
    </p>
   </div>
   <div class='ocr_carea' id='block_1_75' title="bbox 1421 4312 1614 4368">
    <p class='ocr_par' dir='ltr' id='par_1_75' title="bbox 1421 4312 1614 4368">
     <span class='ocr_line' id='line_1_75' title="bbox 1421 4312 1614 4368; baseline 0.021 -4"><span class='ocrx_word' id='word_1_571' title='bbox 1421 4312 1614 4368; x_wconf 78' lang='lat' dir='ltr'><strong>RESP.</strong></span> 
     </span>
    </p>
   </div>
   <div class='ocr_carea' id='block_1_76' title="bbox 804 4402 2306 4475">
    <p class='ocr_par' dir='ltr' id='par_1_76' title="bbox 804 4402 2306 4475">
     <span class='ocr_line' id='line_1_76' title="bbox 804 4402 2306 4475; baseline 0.003 -18"><span class='ocrx_word' id='word_1_572' title='bbox 804 4405 1045 4457; x_wconf 76' lang='lat' dir='ltr'><strong>Exorsus</strong></span> <span class='ocrx_word' id='word_1_573' title='bbox 1075 4402 1292 4472; x_wconf 82' lang='lat' dir='ltr'><strong>quidem</strong></span> <span class='ocrx_word' id='word_1_574' title='bbox 1324 4418 1404 4469; x_wconf 89' lang='lat' dir='ltr'><strong>es,</strong></span> <span class='ocrx_word' id='word_1_575' title='bbox 1442 4406 1633 4475; x_wconf 83' lang='lat' dir='ltr'><strong>utjam</strong></span> <span class='ocrx_word' id='word_1_576' title='bbox 1667 4405 1804 4465; x_wconf 79' lang='lat' dir='ltr'><strong>dixi.</strong></span> <span class='ocrx_word' id='word_1_577' title='bbox 1836 4422 1867 4460; x_wconf 91' lang='lat' dir='ltr'><strong>a</strong></span> <span class='ocrx_word' id='word_1_578' title='bbox 1893 4408 2114 4463; x_wconf 80' lang='lat' dir='ltr'><strong>vocibus</strong></span> <span class='ocrx_word' id='word_1_579' title='bbox 2142 4424 2306 4463; x_wconf 81' lang='lat' dir='ltr'><strong>evan-</strong></span> 
     </span>
    </p>
   </div>
   <div class='ocr_carea' id='block_1_77' title="bbox 735 4495 2306 4570">
    <p class='ocr_par' dir='ltr' id='par_1_77' title="bbox 735 4495 2306 4570">
     <span class='ocr_line' id='line_1_77' title="bbox 735 4495 2306 4570; baseline 0.005 -23"><span class='ocrx_word' id='word_1_580' title='bbox 735 4495 923 4566; x_wconf 67' lang='lat' dir='ltr'><strong>gelicis</strong></span> <span class='ocrx_word' id='word_1_581' title='bbox 950 4496 1015 4548; x_wconf 88' lang='lat' dir='ltr'><strong>ad</strong></span> <span class='ocrx_word' id='word_1_582' title='bbox 1077 4505 1181 4549; x_wconf 82' lang='lat' dir='ltr'><strong>tua:</strong></span> <span class='ocrx_word' id='word_1_583' title='bbox 1234 4495 1604 4562; x_wconf 84' lang='lat' dir='ltr'><strong>probationem</strong></span> <span class='ocrx_word' id='word_1_584' title='bbox 1660 4495 1971 4566; x_wconf 81' lang='lat' dir='ltr'><strong>Opinionis,</strong></span> <span class='ocrx_word' id='word_1_585' title='bbox 2022 4501 2117 4554; x_wconf 89' lang='lat' dir='ltr'><strong>sed</strong></span> <span class='ocrx_word' id='word_1_586' title='bbox 2165 4515 2306 4570; x_wconf 67' lang='lat' dir='ltr'><strong>pra:-</strong></span> 
     </span>
    </p>
   </div>
   <div class='ocr_carea' id='block_1_78' title="bbox 731 4570 2382 4654">
    <p class='ocr_par' dir='ltr' id='par_1_78' title="bbox 731 4570 2382 4654">
     <span class='ocr_line' id='line_1_78' title="bbox 731 4570 2382 4654; baseline 0.004 -14"><span class='ocrx_word' id='word_1_587' title='bbox 731 4587 994 4653; x_wconf 74' lang='lat' dir='ltr'><strong>scriptum</strong></span> <span class='ocrx_word' id='word_1_588' title='bbox 1031 4585 1417 4654; x_wconf 78' lang='lat' dir='ltr'><strong>disputationis</strong></span> <span class='ocrx_word' id='word_1_589' title='bbox 1443 4588 1689 4641; x_wconf 87' lang='lat' dir='ltr'><strong>ordinem</strong></span> <span class='ocrx_word' id='word_1_590' title='bbox 1723 4605 1831 4642; x_wconf 88' lang='lat' dir='ltr'><strong>non</strong></span> <span class='ocrx_word' id='word_1_591' title='bbox 1862 4591 2120 4645; x_wconf 85' lang='lat' dir='ltr'><strong>servasti.</strong></span> <span class='ocrx_word' id='word_1_592' title='bbox 2155 4592 2302 4646; x_wconf 89' lang='lat' dir='ltr'><strong>Cou—</strong></span> <span class='ocrx_word' id='word_1_593' title='bbox 2335 4570 2382 4627; x_wconf 71' lang='grc' dir='ltr'><strong>θ</strong></span> 
     </span>
    </p>
   </div>
   <div class='ocr_carea' id='block_1_79' title="bbox 737 4677 2308 4750">
    <p class='ocr_par' dir='ltr' id='par_1_79' title="bbox 737 4677 2308 4750">
     <span class='ocr_line' id='line_1_79' title="bbox 737 4677 2308 4750; baseline 0.003 -20"><span class='ocrx_word' id='word_1_594' title='bbox 737 4677 1032 4731; x_wconf 78' lang='lat' dir='ltr'><strong>stitueratis</strong></span> <span class='ocrx_word' id='word_1_595' title='bbox 1061 4679 1230 4742; x_wconf 88' lang='lat' dir='ltr'><strong>enim,</strong></span> <span class='ocrx_word' id='word_1_596' title='bbox 1269 4689 1326 4731; x_wconf 94' lang='lat' dir='ltr'><strong>ut</strong></span> <span class='ocrx_word' id='word_1_597' title='bbox 1361 4693 1388 4731; x_wconf 90' lang='lat' dir='ltr'><strong>a</strong></span> <span class='ocrx_word' id='word_1_598' title='bbox 1425 4679 1602 4748; x_wconf 82' lang='lat' dir='ltr'><strong>capite</strong></span> <span class='ocrx_word' id='word_1_599' title='bbox 1632 4682 1698 4733; x_wconf 89' lang='lat' dir='ltr'><strong>ad</strong></span> <span class='ocrx_word' id='word_1_600' title='bbox 1727 4694 1911 4750; x_wconf 84' lang='lat' dir='ltr'><strong>caput,</strong></span> <span class='ocrx_word' id='word_1_601' title='bbox 1961 4694 2016 4736; x_wconf 91' lang='lat' dir='ltr'><strong>et</strong></span> <span class='ocrx_word' id='word_1_602' title='bbox 2052 4684 2120 4735; x_wconf 90' lang='lat' dir='ltr'><strong>ab</strong></span> <span class='ocrx_word' id='word_1_603' title='bbox 2146 4699 2308 4750; x_wconf 84' lang='lat' dir='ltr'><strong>argu-</strong></span> 
     </span>
    </p>
   </div>
   <div class='ocr_carea' id='block_1_80' title="bbox 727 4767 2311 4840">
    <p class='ocr_par' dir='ltr' id='par_1_80' title="bbox 727 4767 2311 4840">
     <span class='ocr_line' id='line_1_80' title="bbox 727 4767 2311 4840; baseline 0.006 -20"><span class='ocrx_word' id='word_1_604' title='bbox 727 4778 919 4821; x_wconf 87' lang='lat' dir='ltr'><strong>mento</strong></span> <span class='ocrx_word' id='word_1_605' title='bbox 944 4767 1009 4822; x_wconf 88' lang='lat' dir='ltr'><strong>ad</strong></span> <span class='ocrx_word' id='word_1_606' title='bbox 1041 4781 1422 4837; x_wconf 77' lang='lat' dir='ltr'><strong>argumentum</strong></span> <span class='ocrx_word' id='word_1_607' title='bbox 1455 4771 1942 4840; x_wconf 76' lang='lat' dir='ltr'><strong>progrederemini,</strong></span> <span class='ocrx_word' id='word_1_608' title='bbox 1974 4784 2031 4826; x_wconf 91' lang='lat' dir='ltr'><strong>ut</strong></span> <span class='ocrx_word' id='word_1_609' title='bbox 2061 4774 2311 4829; x_wconf 66' lang='lat' dir='ltr'><strong>dilucide</strong></span> 
     </span>
    </p>
   </div>
   <div class='ocr_carea' id='block_1_81' title="bbox 741 4859 2309 4934">
    <p class='ocr_par' dir='ltr' id='par_1_81' title="bbox 741 4859 2309 4934">
     <span class='ocr_line' id='line_1_81' title="bbox 741 4859 2309 4934; baseline 0.007 -23"><span class='ocrx_word' id='word_1_610' title='bbox 741 4869 791 4911; x_wconf 86' lang='lat' dir='ltr'><strong>et</strong></span> <span class='ocrx_word' id='word_1_611' title='bbox 818 4860 978 4913; x_wconf 74' lang='lat' dir='ltr'><strong>clarae</strong></span> <span class='ocrx_word' id='word_1_612' title='bbox 1027 4859 1216 4914; x_wconf 82' lang='lat' dir='ltr'><strong>tierent</strong></span> <span class='ocrx_word' id='word_1_613' title='bbox 1271 4861 1732 4932; x_wconf 81' lang='lat' dir='ltr'><strong>interrogationes</strong></span> <span class='ocrx_word' id='word_1_614' title='bbox 1782 4878 1847 4918; x_wconf 87' lang='lat' dir='ltr'><strong>ac</strong></span> <span class='ocrx_word' id='word_1_615' title='bbox 1903 4867 2309 4934; x_wconf 85' lang='lat' dir='ltr'><strong>responsiones.</strong></span> 
     </span>
    </p>
   </div>
   <div class='ocr_carea' id='block_1_82' title="bbox 741 4951 2313 5030">
    <p class='ocr_par' dir='ltr' id='par_1_82' title="bbox 741 4951 2313 5030">
     <span class='ocr_line' id='line_1_82' title="bbox 741 4951 2313 5030; baseline 0.006 -26"><span class='ocrx_word' id='word_1_616' title='bbox 741 4953 873 5004; x_wconf 74' lang='lat' dir='ltr'><strong>Cum</strong></span> <span class='ocrx_word' id='word_1_617' title='bbox 904 4968 1031 5004; x_wconf 75' lang='lat' dir='ltr'><strong>vero</strong></span> <span class='ocrx_word' id='word_1_618' title='bbox 1059 4951 1169 5020; x_wconf 86' lang='lat' dir='ltr'><strong>jam</strong></span> <span class='ocrx_word' id='word_1_619' title='bbox 1203 4954 1579 5022; x_wconf 81' lang='lat' dir='ltr'><strong>diseeptaretis</strong></span> <span class='ocrx_word' id='word_1_620' title='bbox 1610 4968 1664 5008; x_wconf 89' lang='lat' dir='ltr'><strong>et</strong></span> <span class='ocrx_word' id='word_1_621' title='bbox 1697 4958 1902 5011; x_wconf 90' lang='lat' dir='ltr'><strong>dictum</strong></span> <span class='ocrx_word' id='word_1_622' title='bbox 1934 4957 2079 5011; x_wconf 87' lang='lat' dir='ltr'><strong>dicto</strong></span> <span class='ocrx_word' id='word_1_623' title='bbox 2107 4959 2313 5030; x_wconf 71' lang='lat' dir='ltr'><strong>olijiee-</strong></span> 
     </span>
    </p>
   </div>
   <div class='ocr_carea' id='block_1_83' title="bbox 741 5044 2313 5118">
    <p class='ocr_par' dir='ltr' id='par_1_83' title="bbox 741 5044 2313 5118">
     <span class='ocr_line' id='line_1_83' title="bbox 741 5044 2313 5118; baseline 0.007 -23"><span class='ocrx_word' id='word_1_624' title='bbox 741 5044 890 5107; x_wconf 82' lang='lat' dir='ltr'><strong>retis,</strong></span> <span class='ocrx_word' id='word_1_625' title='bbox 939 5053 993 5096; x_wconf 86' lang='lat' dir='ltr'><strong>et</strong></span> <span class='ocrx_word' id='word_1_626' title='bbox 1028 5045 1377 5114; x_wconf 77' lang='lat' dir='ltr'><strong>syllogismus</strong></span> <span class='ocrx_word' id='word_1_627' title='bbox 1427 5047 1876 5116; x_wconf 88' lang='lat' dir='ltr'><strong>subsequeretur,</strong></span> <span class='ocrx_word' id='word_1_628' title='bbox 1931 5052 2313 5118; x_wconf 80' lang='lat' dir='ltr'><strong>compendiose</strong></span> 
     </span>
    </p>
   </div>
   <div class='ocr_carea' id='block_1_84' title="bbox 742 5137 2311 5204">
    <p class='ocr_par' dir='ltr' id='par_1_84' title="bbox 742 5137 2311 5204">
     <span class='ocr_line' id='line_1_84' title="bbox 742 5137 2311 5204; baseline 0.006 -16"><span class='ocrx_word' id='word_1_629' title='bbox 742 5145 793 5188; x_wconf 79' lang='lat' dir='ltr'><strong>et</strong></span> <span class='ocrx_word' id='word_1_630' title='bbox 821 5137 1032 5204; x_wconf 77' lang='lat' dir='ltr'><strong>egregie</strong></span> <span class='ocrx_word' id='word_1_631' title='bbox 1065 5152 1094 5190; x_wconf 92' lang='lat' dir='ltr'><strong>a</strong></span> <span class='ocrx_word' id='word_1_632' title='bbox 1145 5137 1313 5192; x_wconf 91' lang='lat' dir='ltr'><strong>lratre</strong></span> <span class='ocrx_word' id='word_1_633' title='bbox 1371 5137 1585 5192; x_wconf 86' lang='lat' dir='ltr'><strong>Joanne</strong></span> <span class='ocrx_word' id='word_1_634' title='bbox 1614 5139 1903 5204; x_wconf 79' lang='lat' dir='ltr'><strong>formatus,</strong></span> <span class='ocrx_word' id='word_1_635' title='bbox 1954 5150 2065 5194; x_wconf 88' lang='lat' dir='ltr'><strong>tum</strong></span> <span class='ocrx_word' id='word_1_636' title='bbox 2097 5157 2228 5196; x_wconf 89' lang='lat' dir='ltr'><strong>sane</strong></span> <span class='ocrx_word' id='word_1_637' title='bbox 2256 5153 2311 5197; x_wconf 92' lang='lat' dir='ltr'><strong>tu</strong></span> 
     </span>
    </p>
   </div>
   <div class='ocr_carea' id='block_1_85' title="bbox 745 5229 2312 5301">
    <p class='ocr_par' dir='ltr' id='par_1_85' title="bbox 745 5229 2312 5301">
     <span class='ocr_line' id='line_1_85' title="bbox 745 5229 2312 5301; baseline 0.006 -23"><span class='ocrx_word' id='word_1_638' title='bbox 745 5237 1068 5288; x_wconf 76' lang='lat' dir='ltr'><strong>eoarctatus,</strong></span> <span class='ocrx_word' id='word_1_639' title='bbox 1123 5229 1250 5296; x_wconf 89' lang='lat' dir='ltr'><strong>quid</strong></span> <span class='ocrx_word' id='word_1_640' title='bbox 1290 5229 1646 5297; x_wconf 85' lang='lat' dir='ltr'><strong>responderes</strong></span> <span class='ocrx_word' id='word_1_641' title='bbox 1674 5246 1782 5284; x_wconf 91' lang='lat' dir='ltr'><strong>non</strong></span> <span class='ocrx_word' id='word_1_642' title='bbox 1837 5230 2118 5294; x_wconf 83' lang='lat' dir='ltr'><strong>habebas;</strong></span> <span class='ocrx_word' id='word_1_643' title='bbox 2153 5242 2312 5301; x_wconf 89' lang='lat' dir='ltr'><strong>atque</strong></span> 
     </span>
    </p>
   </div>
   <div class='ocr_carea' id='block_1_86' title="bbox 747 5317 2314 5387">
    <p class='ocr_par' dir='ltr' id='par_1_86' title="bbox 747 5317 2314 5387">
     <span class='ocr_line' id='line_1_86' title="bbox 747 5317 2314 5387; baseline 0.006 -21"><span class='ocrx_word' id='word_1_644' title='bbox 747 5327 802 5368; x_wconf 90' lang='lat' dir='ltr'><strong>ut</strong></span> <span class='ocrx_word' id='word_1_645' title='bbox 837 5317 1158 5383; x_wconf 71' lang='lat' dir='ltr'><strong>elabereris,</strong></span> <span class='ocrx_word' id='word_1_646' title='bbox 1197 5321 1416 5387; x_wconf 80' lang='lat' dir='ltr'><strong>longum</strong></span> <span class='ocrx_word' id='word_1_647' title='bbox 1464 5335 1775 5374; x_wconf 83' lang='lat' dir='ltr'><strong>sermonem</strong></span> <span class='ocrx_word' id='word_1_648' title='bbox 1834 5324 2116 5377; x_wconf 82' lang='lat' dir='ltr'><strong>instituisti</strong></span> <span class='ocrx_word' id='word_1_649' title='bbox 2166 5324 2314 5377; x_wconf 90' lang='lat' dir='ltr'><strong>nullo</strong></span> 
     </span>
    </p>
   </div>
   <div class='ocr_carea' id='block_1_87' title="bbox 746 5409 2313 5481">
    <p class='ocr_par' dir='ltr' id='par_1_87' title="bbox 746 5409 2313 5481">
     <span class='ocr_line' id='line_1_87' title="bbox 746 5409 2313 5481; baseline 0.006 -21"><span class='ocrx_word' id='word_1_650' title='bbox 746 5409 991 5463; x_wconf 66' lang='lat' dir='ltr'><strong>\‘crllsttis</strong></span> <span class='ocrx_word' id='word_1_651' title='bbox 1048 5410 1228 5463; x_wconf 73' lang='grc' dir='ltr'><strong>ίιίιριιι</strong></span> <span class='ocrx_word' id='word_1_652' title='bbox 1293 5420 1383 5464; x_wconf 89' lang='lat' dir='ltr'><strong>aut</strong></span> <span class='ocrx_word' id='word_1_653' title='bbox 1431 5411 1818 5481; x_wconf 80' lang='lat' dir='ltr'><strong>disputationis</strong></span> <span class='ocrx_word' id='word_1_654' title='bbox 1875 5428 2043 5467; x_wconf 85' lang='lat' dir='ltr'><strong>more.</strong></span> <span class='ocrx_word' id='word_1_655' title='bbox 2084 5416 2313 5479; x_wconf 82' lang='lat' dir='ltr'><strong>Quando</strong></span> 
     </span>
    </p>
   </div>
   <div class='ocr_carea' id='block_1_88' title="bbox 746 5493 2314 5574">
    <p class='ocr_par' dir='ltr' id='par_1_88' title="bbox 746 5493 2314 5574">
     <span class='ocr_line' id='line_1_88' title="bbox 746 5493 2314 5574; baseline 0.007 -27"><span class='ocrx_word' id='word_1_656' title='bbox 746 5493 981 5552; x_wconf 75' lang='lat' dir='ltr'><strong>ioannes</strong></span> <span class='ocrx_word' id='word_1_657' title='bbox 1037 5501 1128 5569; x_wconf 90' lang='lat' dir='ltr'><strong>qui</strong></span> <span class='ocrx_word' id='word_1_658' title='bbox 1181 5514 1354 5552; x_wconf 86' lang='lat' dir='ltr'><strong>n-cum</strong></span> <span class='ocrx_word' id='word_1_659' title='bbox 1408 5501 1743 5572; x_wconf 80' lang='lat' dir='ltr'><strong>disputabat,</strong></span> <span class='ocrx_word' id='word_1_660' title='bbox 1803 5504 2026 5558; x_wconf 88' lang='lat' dir='ltr'><strong>Domine</strong></span> <span class='ocrx_word' id='word_1_661' title='bbox 2059 5505 2314 5574; x_wconf 76' lang='lat' dir='ltr'><strong>Ephesio,</strong></span> 
     </span>
    </p>
   </div>
   <div class='ocr_carea' id='block_1_89' title="bbox 746 5591 2327 5663">
    <p class='ocr_par' dir='ltr' id='par_1_89' title="bbox 746 5591 2327 5663">
     <span class='ocr_line' id='line_1_89' title="bbox 746 5591 2327 5663; baseline 0.006 -21"><span class='ocrx_word' id='word_1_662' title='bbox 746 5591 904 5655; x_wconf 80' lang='lat' dir='ltr'><strong>dixit,</strong></span> <span class='ocrx_word' id='word_1_663' title='bbox 947 5593 1146 5648; x_wconf 81' lang='lat' dir='ltr'><strong>videris</strong></span> <span class='ocrx_word' id='word_1_664' title='bbox 1190 5595 1471 5663; x_wconf 63' lang='lat' dir='ltr'><strong>praeterire</strong></span> <span class='ocrx_word' id='word_1_665' title='bbox 1494 5598 1739 5651; x_wconf 87' lang='lat' dir='ltr'><strong>ordinem</strong></span> <span class='ocrx_word' id='word_1_666' title='bbox 1769 5617 1783 5663; x_wconf 91' lang='lat'>;</span> <span class='ocrx_word' id='word_1_667' title='bbox 1813 5599 1972 5651; x_wconf 85' lang='lat' dir='ltr'><strong>aliter</strong></span> <span class='ocrx_word' id='word_1_668' title='bbox 2002 5599 2145 5651; x_wconf 91' lang='lat' dir='ltr'><strong>enim</strong></span> <span class='ocrx_word' id='word_1_669' title='bbox 2178 5599 2327 5652; x_wconf 84' lang='lat' dir='ltr'><strong>inter</strong></span> 
     </span>
    </p>
   </div>
   <div class='ocr_carea' id='block_1_90' title="bbox 824 5773 1923 5846">
    <p class='ocr_par' dir='ltr' id='par_1_90' title="bbox 824 5773 1923 5846">
     <span class='ocr_line' id='line_1_90' title="bbox 824 5773 1923 5846; baseline 0.005 -17"><span class='ocrx_word' id='word_1_670' title='bbox 824 5774 867 5804; x_wconf 82' lang='lat'>”</span> <span class='ocrx_word' id='word_1_671' title='bbox 899 5773 1054 5830; x_wconf 84' lang='lat' dir='ltr'><strong>Joan.</strong></span> <span class='ocrx_word' id='word_1_672' title='bbox 1082 5793 1189 5843; x_wconf 73' lang='lat' dir='ltr'><strong>xw,</strong></span> <span class='ocrx_word' id='word_1_673' title='bbox 1221 5778 1310 5835; x_wconf 65' lang='lat' dir='ltr'><strong>lii.</strong></span> <span class='ocrx_word' id='word_1_674' title='bbox 1398 5783 1440 5814; x_wconf 80' lang='grc'><strong>⁸⁷</strong></span> <span class='ocrx_word' id='word_1_675' title='bbox 1466 5780 1625 5838; x_wconf 83' lang='lat' dir='ltr'><strong>Joan.</strong></span> <span class='ocrx_word' id='word_1_676' title='bbox 1663 5799 1795 5846; x_wconf 70' lang='grc' dir='ltr'><strong>ιιι-ιι,</strong></span> <span class='ocrx_word' id='word_1_677' title='bbox 1833 5783 1923 5836; x_wconf 68' lang='lat'><strong>“2|.</strong></span> 
     </span>
    </p>
   </div>
   <div class='ocr_carea' id='block_1_91' title="bbox 2004 5785 2329 5840">
    <p class='ocr_par' dir='ltr' id='par_1_91' title="bbox 2004 5785 2329 5840">
     <span class='ocr_line' id='line_1_91' title="bbox 2004 5785 2329 5840; baseline 0.006 -2"><span class='ocrx_word' id='word_1_678' title='bbox 2004 5785 2046 5816; x_wconf 85' lang='grc'><strong>¹⁸</strong></span> <span class='ocrx_word' id='word_1_679' title='bbox 2080 5785 2212 5839; x_wconf 87' lang='lat' dir='ltr'><strong>ibid.</strong></span> <span class='ocrx_word' id='word_1_680' title='bbox 2246 5785 2329 5840; x_wconf 82' lang='grc'><strong>10.</strong></span> 
     </span>
    </p>
   </div>
   <div class='ocr_carea' id='block_1_92' title="bbox 2394 3212 3973 3287">
    <p class='ocr_par' dir='ltr' id='par_1_92' title="bbox 2394 3212 3973 3287">
     <span class='ocr_line' id='line_1_92' title="bbox 2394 3212 3973 3287; baseline 0.003 -19"><span class='ocrx_word' id='word_1_681' title='bbox 2394 3216 2573 3280; x_wconf 74' lang='grc' dir='ltr'><strong>δειξας</strong></span> <span class='ocrx_word' id='word_1_682' title='bbox 2602 3213 2781 3282; x_wconf 77' lang='grc' dir='ltr'><strong>ἀλλ’ἢ</strong></span> <span class='ocrx_word' id='word_1_683' title='bbox 2822 3214 2984 3280; x_wconf 88' lang='grc' dir='ltr'><strong>μόνον</strong></span> <span class='ocrx_word' id='word_1_684' title='bbox 3025 3215 3210 3277; x_wconf 82' lang='grc' dir='ltr'><strong>ἁπλῶς</strong></span> <span class='ocrx_word' id='word_1_685' title='bbox 3265 3217 3405 3285; x_wconf 79' lang='grc' dir='ltr'><strong>ῥητὰ</strong></span> <span class='ocrx_word' id='word_1_686' title='bbox 3454 3212 3607 3279; x_wconf 80' lang='grc' dir='ltr'><strong>εἶπες</strong></span> <span class='ocrx_word' id='word_1_687' title='bbox 3635 3234 3649 3248; x_wconf 89' lang='grc'>·</span> <span class='ocrx_word' id='word_1_688' title='bbox 3695 3219 3769 3270; x_wconf 84' lang='grc' dir='ltr'><strong>Ὀ</strong></span> <span class='ocrx_word' id='word_1_689' title='bbox 3817 3222 3973 3287; x_wconf 71' lang='grc' dir='ltr'><strong>παρὰ</strong></span> 
     </span>
    </p>
   </div>
   <div class='ocr_carea' id='block_1_93' title="bbox 2397 3307 3979 3381">
    <p class='ocr_par' dir='ltr' id='par_1_93' title="bbox 2397 3307 3979 3381">
     <span class='ocr_line' id='line_1_93' title="bbox 2397 3307 3979 3381; baseline 0.002 -18"><span class='ocrx_word' id='word_1_690' title='bbox 2397 3308 2504 3363; x_wconf 85' lang='grc' dir='ltr'><strong>τοῦ</strong></span> <span class='ocrx_word' id='word_1_691' title='bbox 2537 3309 2764 3375; x_wconf 77' lang='grc' dir='ltr'><strong>Πατρός</strong></span> <span class='ocrx_word' id='word_1_692' title='bbox 2811 3307 3217 3372; x_wconf 75' lang='grc' dir='ltr'><strong>ἐκπορεύεται,</strong></span> <span class='ocrx_word' id='word_1_693' title='bbox 3245 3310 3339 3362; x_wconf 77' lang='grc' dir='ltr'><strong>καὶ</strong></span> <span class='ocrx_word' id='word_1_694' title='bbox 3371 3309 3438 3362; x_wconf 80' lang='grc' dir='ltr'><strong>τὰ</strong></span> <span class='ocrx_word' id='word_1_695' title='bbox 3469 3310 3630 3379; x_wconf 86' lang='grc' dir='ltr'><strong>ὃμοια</strong></span> <span class='ocrx_word' id='word_1_696' title='bbox 3656 3324 3677 3343; x_wconf 85' lang='grc'>⁶</span> <span class='ocrx_word' id='word_1_697' title='bbox 3713 3313 3864 3381; x_wconf 74' lang='grc' dir='ltr'><strong>ἅπερ</strong></span> <span class='ocrx_word' id='word_1_698' title='bbox 3892 3317 3979 3366; x_wconf 68' lang='grc' dir='ltr'><strong>καὶ</strong></span> 
     </span>
    </p>
   </div>
   <div class='ocr_carea' id='block_1_94' title="bbox 2399 3395 3776 3469">
    <p class='ocr_par' dir='ltr' id='par_1_94' title="bbox 2399 3395 3776 3469">
     <span class='ocr_line' id='line_1_94' title="bbox 2399 3395 3776 3469; baseline 0.005 -22"><span class='ocrx_word' id='word_1_699' title='bbox 2399 3395 2724 3464; x_wconf 72' lang='grc' dir='ltr'><strong>διελύσαμεν</strong></span> <span class='ocrx_word' id='word_1_700' title='bbox 2760 3395 2884 3464; x_wconf 75' lang='grc' dir='ltr'><strong>ήδη,</strong></span> <span class='ocrx_word' id='word_1_701' title='bbox 2917 3395 3011 3450; x_wconf 81' lang='grc' dir='ltr'><strong>καὶ</strong></span> <span class='ocrx_word' id='word_1_702' title='bbox 3037 3398 3097 3450; x_wconf 86' lang='grc' dir='ltr'><strong>ού</strong></span> <span class='ocrx_word' id='word_1_703' title='bbox 3125 3398 3207 3450; x_wconf 80' lang='grc' dir='ltr'><strong>δεῖ</strong></span> <span class='ocrx_word' id='word_1_704' title='bbox 3230 3402 3534 3469; x_wconf 82' lang='grc' dir='ltr'><strong>περαιτέρω</strong></span> <span class='ocrx_word' id='word_1_705' title='bbox 3561 3401 3776 3466; x_wconf 78' lang='grc' dir='ltr'><strong>λέγειν.</strong></span> 
     </span>
    </p>
   </div>
   <div class='ocr_carea' id='block_1_95' title="bbox 3091 3492 3282 3544">
    <p class='ocr_par' dir='ltr' id='par_1_95' title="bbox 3091 3492 3282 3544">
     <span class='ocr_line' id='line_1_95' title="bbox 3091 3492 3282 3544; baseline 0 0"><span class='ocrx_word' id='word_1_706' title='bbox 3091 3492 3282 3544; x_wconf 79' lang='grc' dir='ltr'><strong>ΕΦΕΣ.</strong></span> 
     </span>
    </p>
   </div>
   <div class='ocr_carea' id='block_1_96' title="bbox 2474 3583 3980 3654">
    <p class='ocr_par' dir='ltr' id='par_1_96' title="bbox 2474 3583 3980 3654">
     <span class='ocr_line' id='line_1_96' title="bbox 2474 3583 3980 3654; baseline 0.003 -20"><span class='ocrx_word' id='word_1_707' title='bbox 2474 3583 2631 3652; x_wconf 75' lang='grc' dir='ltr'><strong>Παρὰ</strong></span> <span class='ocrx_word' id='word_1_708' title='bbox 2691 3584 2788 3653; x_wconf 81' lang='grc' dir='ltr'><strong>μὲν</strong></span> <span class='ocrx_word' id='word_1_709' title='bbox 2844 3584 2952 3636; x_wconf 84' lang='grc' dir='ltr'><strong>τῶν</strong></span> <span class='ocrx_word' id='word_1_710' title='bbox 2985 3583 3360 3651; x_wconf 84' lang='grc' dir='ltr'><strong>εύαγγελικῶν</strong></span> <span class='ocrx_word' id='word_1_711' title='bbox 3416 3584 3736 3654; x_wconf 76' lang='grc' dir='ltr'><strong>ἀρξάμενος</strong></span> <span class='ocrx_word' id='word_1_712' title='bbox 3785 3588 3980 3654; x_wconf 82' lang='grc' dir='ltr'><strong>λόγων,</strong></span> 
     </span>
    </p>
   </div>
   <div class='ocr_carea' id='block_1_97' title="bbox 2401 3675 3982 3747">
    <p class='ocr_par' dir='ltr' id='par_1_97' title="bbox 2401 3675 3982 3747">
     <span class='ocr_line' id='line_1_97' title="bbox 2401 3675 3982 3747; baseline 0.004 -21"><span class='ocrx_word' id='word_1_713' title='bbox 2401 3675 2489 3727; x_wconf 79' lang='grc' dir='ltr'><strong>διὰ</strong></span> <span class='ocrx_word' id='word_1_714' title='bbox 2521 3675 2578 3728; x_wconf 84' lang='grc' dir='ltr'><strong>δέ</strong></span> <span class='ocrx_word' id='word_1_715' title='bbox 2610 3675 2720 3728; x_wconf 85' lang='grc' dir='ltr'><strong>τῶν</strong></span> <span class='ocrx_word' id='word_1_716' title='bbox 2752 3676 3069 3729; x_wconf 81' lang='grc' dir='ltr'><strong>ἀποστόλων</strong></span> <span class='ocrx_word' id='word_1_717' title='bbox 3095 3675 3323 3729; x_wconf 73' lang='grc' dir='ltr'><strong>καὶτῶν</strong></span> <span class='ocrx_word' id='word_1_718' title='bbox 3346 3675 3761 3747; x_wconf 65' lang='grc' dir='ltr'><strong>διαδεξαμένων</strong></span> <span class='ocrx_word' id='word_1_719' title='bbox 3792 3683 3982 3743; x_wconf 67' lang='grc' dir='ltr'><strong>αὐτοὺς</strong></span> 
     </span>
    </p>
   </div>
   <div class='ocr_carea' id='block_1_98' title="bbox 2406 3767 3984 3839">
    <p class='ocr_par' dir='ltr' id='par_1_98' title="bbox 2406 3767 3984 3839">
     <span class='ocr_line' id='line_1_98' title="bbox 2406 3767 3984 3839; baseline 0.003 -19"><span class='ocrx_word' id='word_1_720' title='bbox 2406 3767 2682 3821; x_wconf 78' lang='grc' dir='ltr'><strong>κατελθὼν</strong></span> <span class='ocrx_word' id='word_1_721' title='bbox 2710 3769 2844 3838; x_wconf 77' lang='grc' dir='ltr'><strong>ἄχρι</strong></span> <span class='ocrx_word' id='word_1_722' title='bbox 2893 3771 2986 3822; x_wconf 77' lang='grc' dir='ltr'><strong>καὶ</strong></span> <span class='ocrx_word' id='word_1_723' title='bbox 3019 3768 3118 3838; x_wconf 82' lang='grc' dir='ltr'><strong>τῆς</strong></span> <span class='ocrx_word' id='word_1_724' title='bbox 3170 3769 3553 3837; x_wconf 81' lang='grc' dir='ltr'><strong>οἱκουμενικῆς</strong></span> <span class='ocrx_word' id='word_1_725' title='bbox 3587 3772 3787 3839; x_wconf 83' lang='grc' dir='ltr'><strong>τρίτης</strong></span> <span class='ocrx_word' id='word_1_726' title='bbox 3839 3776 3984 3826; x_wconf 65' lang='grc' dir='ltr'><strong>συνὸ-</strong></span> 
     </span>
    </p>
   </div>
   <div class='ocr_carea' id='block_1_99' title="bbox 2404 3857 3985 3933">
    <p class='ocr_par' dir='ltr' id='par_1_99' title="bbox 2404 3857 3985 3933">
     <span class='ocr_line' id='line_1_99' title="bbox 2404 3857 3985 3933; baseline 0.003 -23"><span class='ocrx_word' id='word_1_727' title='bbox 2404 3857 2519 3920; x_wconf 85' lang='grc' dir='ltr'><strong>δου,</strong></span> <span class='ocrx_word' id='word_1_728' title='bbox 2553 3861 2693 3910; x_wconf 80' lang='grc' dir='ltr'><strong>κατᾶ</strong></span> <span class='ocrx_word' id='word_1_729' title='bbox 2727 3858 2895 3928; x_wconf 84' lang='grc' dir='ltr'><strong>μέρος</strong></span> <span class='ocrx_word' id='word_1_730' title='bbox 2919 3875 2978 3910; x_wconf 82' lang='grc' dir='ltr'><strong>τε</strong></span> <span class='ocrx_word' id='word_1_731' title='bbox 3008 3858 3436 3928; x_wconf 70' lang='grc' dir='ltr'><strong>ἐξεργαζόμενος</strong></span> <span class='ocrx_word' id='word_1_732' title='bbox 3467 3859 3706 3913; x_wconf 77' lang='grc' dir='ltr'><strong>ἕκαστον</strong></span> <span class='ocrx_word' id='word_1_733' title='bbox 3742 3864 3856 3914; x_wconf 80' lang='grc' dir='ltr'><strong>τῶν</strong></span> <span class='ocrx_word' id='word_1_734' title='bbox 3897 3867 3985 3933; x_wconf 70' lang='grc' dir='ltr'><strong>ρη-</strong></span> 
     </span>
    </p>
   </div>
   <div class='ocr_carea' id='block_1_100' title="bbox 2403 3948 3985 4027">
    <p class='ocr_par' dir='ltr' id='par_1_100' title="bbox 2403 3948 3985 4027">
     <span class='ocr_line' id='line_1_100' title="bbox 2403 3948 3985 4027; baseline 0.005 -26"><span class='ocrx_word' id='word_1_735' title='bbox 2403 3948 2535 4012; x_wconf 80' lang='grc' dir='ltr'><strong>τῶν,</strong></span> <span class='ocrx_word' id='word_1_736' title='bbox 2563 3951 2657 4002; x_wconf 74' lang='grc' dir='ltr'><strong>καὶ</strong></span> <span class='ocrx_word' id='word_1_737' title='bbox 2685 3949 3136 4018; x_wconf 79' lang='grc' dir='ltr'><strong>συλλογιζόμενος</strong></span> <span class='ocrx_word' id='word_1_738' title='bbox 3163 3951 3249 4020; x_wconf 79' lang='grc' dir='ltr'><strong>ἐφ’</strong></span> <span class='ocrx_word' id='word_1_739' title='bbox 3280 3953 3512 4022; x_wconf 77' lang='grc' dir='ltr'><strong>ἑκάστῳ,</strong></span> <span class='ocrx_word' id='word_1_740' title='bbox 3543 3953 3641 4006; x_wconf 60' lang='grc' dir='ltr'><strong>καί⁵</strong></span> <span class='ocrx_word' id='word_1_741' title='bbox 3681 3960 3985 4027; x_wconf 76' lang='grc' dir='ltr'><strong>συμπεραί-</strong></span> 
     </span>
    </p>
   </div>
   <div class='ocr_carea' id='block_1_101' title="bbox 2403 4039 3985 4117">
    <p class='ocr_par' dir='ltr' id='par_1_101' title="bbox 2403 4039 3985 4117">
     <span class='ocr_line' id='line_1_101' title="bbox 2403 4039 3985 4117; baseline 0.005 -25"><span class='ocrx_word' id='word_1_742' title='bbox 2403 4057 2507 4092; x_wconf 86' lang='grc' dir='ltr'><strong>νων</strong></span> <span class='ocrx_word' id='word_1_743' title='bbox 2523 4042 2617 4094; x_wconf 79' lang='grc' dir='ltr'><strong>ὅπε</strong></span> <span class='ocrx_word' id='word_1_744' title='bbox 2627 4059 2658 4111; x_wconf 89' lang='grc' dir='ltr'><strong>ρ</strong></span> <span class='ocrx_word' id='word_1_745' title='bbox 2669 4041 3049 4095; x_wconf 72' lang='grc' dir='ltr'><strong>ἀποδεικνύναι</strong></span> <span class='ocrx_word' id='word_1_746' title='bbox 3067 4044 3424 4112; x_wconf 76' lang='grc' dir='ltr'><strong>προκείμενον</strong></span> <span class='ocrx_word' id='word_1_747' title='bbox 3439 4039 3604 4113; x_wconf 82' lang='grc' dir='ltr'><strong>εἶχον,</strong></span> <span class='ocrx_word' id='word_1_748' title='bbox 3614 4043 3694 4109; x_wconf 82' lang='grc' dir='ltr'><strong>ὡς</strong></span> <span class='ocrx_word' id='word_1_749' title='bbox 3710 4049 3985 4117; x_wconf 75' lang='grc' dir='ltr'><strong>πανταχοῦ</strong></span> 
     </span>
    </p>
   </div>
   <div class='ocr_carea' id='block_1_102' title="bbox 2361 4133 3989 4213">
    <p class='ocr_par' dir='ltr' id='par_1_102' title="bbox 2361 4133 3989 4213">
     <span class='ocr_line' id='line_1_102' title="bbox 2361 4133 3989 4213; baseline 0.008 -30"><span class='ocrx_word' id='word_1_750' title='bbox 2361 4143 2372 4152; x_wconf 69' lang='lat'><strong><em>&quot;</em></strong></span> <span class='ocrx_word' id='word_1_751' title='bbox 2402 4133 2497 4185; x_wconf 77' lang='grc' dir='ltr'><strong>τοῦ</strong></span> <span class='ocrx_word' id='word_1_752' title='bbox 2549 4133 2735 4188; x_wconf 83' lang='grc' dir='ltr'><strong>καινοῦ</strong></span> <span class='ocrx_word' id='word_1_753' title='bbox 2796 4135 2905 4188; x_wconf 84' lang='grc' dir='ltr'><strong>τῶν</strong></span> <span class='ocrx_word' id='word_1_754' title='bbox 2956 4137 3204 4189; x_wconf 82' lang='grc' dir='ltr'><strong>Λατίνων</strong></span> <span class='ocrx_word' id='word_1_755' title='bbox 3269 4141 3539 4208; x_wconf 85' lang='grc' dir='ltr'><strong>δόγματος</strong></span> <span class='ocrx_word' id='word_1_756' title='bbox 3597 4141 3989 4213; x_wconf 61' lang='grc' dir='ltr'><strong>ἀπηγορευμέ-</strong></span> 
     </span>
    </p>
   </div>
   <div class='ocr_carea' id='block_1_103' title="bbox 2403 4241 2518 4278">
    <p class='ocr_par' dir='ltr' id='par_1_103' title="bbox 2403 4241 2518 4278">
     <span class='ocr_line' id='line_1_103' title="bbox 2403 4241 2518 4278; baseline 0.009 -1"><span class='ocrx_word' id='word_1_757' title='bbox 2403 4241 2496 4277; x_wconf 87' lang='grc' dir='ltr'><strong>νου</strong></span> <span class='ocrx_word' id='word_1_758' title='bbox 2505 4263 2518 4278; x_wconf 75' lang='grc' dir='ltr'><strong>ο</strong></span> 
     </span>
    </p>
   </div>
   <div class='ocr_carea' id='block_1_104' title="bbox 3101 4322 3317 4377">
    <p class='ocr_par' dir='ltr' id='par_1_104' title="bbox 3101 4322 3317 4377">
     <span class='ocr_line' id='line_1_104' title="bbox 3101 4322 3317 4377; baseline 0.019 -4"><span class='ocrx_word' id='word_1_759' title='bbox 3101 4322 3284 4375; x_wconf 86' lang='grc' dir='ltr'><strong>ΛΠΟΛ</strong></span> <span class='ocrx_word' id='word_1_760' title='bbox 3303 4363 3317 4377; x_wconf 93' lang='grc'><strong>.</strong></span> 
     </span>
    </p>
   </div>
   <div class='ocr_carea' id='block_1_105' title="bbox 2488 4407 3989 4490">
    <p class='ocr_par' dir='ltr' id='par_1_105' title="bbox 2488 4407 3989 4490">
     <span class='ocr_line' id='line_1_105' title="bbox 2488 4407 3989 4490; baseline 0.011 -31"><span class='ocrx_word' id='word_1_761' title='bbox 2488 4407 2674 4478; x_wconf 80' lang='grc' dir='ltr'><strong>Ἤρξω</strong></span> <span class='ocrx_word' id='word_1_762' title='bbox 2701 4409 2823 4478; x_wconf 80' lang='grc' dir='ltr'><strong>μὲν,</strong></span> <span class='ocrx_word' id='word_1_763' title='bbox 2849 4409 2924 4472; x_wconf 85' lang='grc' dir='ltr'><strong>ὡς</strong></span> <span class='ocrx_word' id='word_1_764' title='bbox 2955 4411 3048 4463; x_wconf 80' lang='grc' dir='ltr'><strong>καὶ</strong></span> <span class='ocrx_word' id='word_1_765' title='bbox 3078 4413 3345 4482; x_wconf 83' lang='grc' dir='ltr'><strong>πρότερον</strong></span> <span class='ocrx_word' id='word_1_766' title='bbox 3374 4415 3532 4485; x_wconf 74' lang='grc' dir='ltr'><strong>ἔφην.</strong></span> <span class='ocrx_word' id='word_1_767' title='bbox 3580 4419 3643 4472; x_wconf 84' lang='grc' dir='ltr'><strong>ἐκ</strong></span> <span class='ocrx_word' id='word_1_768' title='bbox 3677 4420 3786 4472; x_wconf 82' lang='grc' dir='ltr'><strong>τῶν</strong></span> <span class='ocrx_word' id='word_1_769' title='bbox 3826 4425 3989 4490; x_wconf 50' lang='lat'><strong>5-3:?-</strong></span> 
     </span>
    </p>
   </div>
   <div class='ocr_carea' id='block_1_106' title="bbox 2411 4499 3990 4579">
    <p class='ocr_par' dir='ltr' id='par_1_106' title="bbox 2411 4499 3990 4579">
     <span class='ocr_line' id='line_1_106' title="bbox 2411 4499 3990 4579; baseline 0.009 -29"><span class='ocrx_word' id='word_1_770' title='bbox 2411 4499 2647 4568; x_wconf 88' lang='grc' dir='ltr'><strong>γελικῶν</strong></span> <span class='ocrx_word' id='word_1_771' title='bbox 2673 4501 2866 4567; x_wconf 84' lang='grc' dir='ltr'><strong>φωνῶν</strong></span> <span class='ocrx_word' id='word_1_772' title='bbox 2891 4502 2968 4564; x_wconf 83' lang='grc' dir='ltr'><strong>είς</strong></span> <span class='ocrx_word' id='word_1_773' title='bbox 3005 4501 3265 4557; x_wconf 81' lang='grc' dir='ltr'><strong>σύστασιν</strong></span> <span class='ocrx_word' id='word_1_774' title='bbox 3289 4506 3382 4559; x_wconf 76' lang='grc' dir='ltr'><strong>τοῦ</strong></span> <span class='ocrx_word' id='word_1_775' title='bbox 3410 4509 3502 4559; x_wconf 82' lang='grc' dir='ltr'><strong>σού</strong></span> <span class='ocrx_word' id='word_1_776' title='bbox 3530 4511 3904 4579; x_wconf 73' lang='grc' dir='ltr'><strong>φρονήματος,</strong></span> <span class='ocrx_word' id='word_1_777' title='bbox 3930 4516 3990 4564; x_wconf 67' lang='grc' dir='ltr'><strong>οὗ</strong></span> 
     </span>
    </p>
   </div>
   <div class='ocr_carea' id='block_1_107' title="bbox 2414 4591 3994 4669">
    <p class='ocr_par' dir='ltr' id='par_1_107' title="bbox 2414 4591 3994 4669">
     <span class='ocr_line' id='line_1_107' title="bbox 2414 4591 3994 4669; baseline 0.012 -28"><span class='ocrx_word' id='word_1_778' title='bbox 2414 4592 2519 4660; x_wconf 83' lang='grc' dir='ltr'><strong>μὴν</strong></span> <span class='ocrx_word' id='word_1_779' title='bbox 2555 4591 2612 4644; x_wconf 79' lang='grc' dir='ltr'><strong>δὲ</strong></span> <span class='ocrx_word' id='word_1_780' title='bbox 2648 4596 2713 4661; x_wconf 83' lang='grc' dir='ltr'><strong>τῇ</strong></span> <span class='ocrx_word' id='word_1_781' title='bbox 2773 4593 3108 4646; x_wconf 82' lang='grc' dir='ltr'><strong>καταστάσει</strong></span> <span class='ocrx_word' id='word_1_782' title='bbox 3169 4597 3619 4669; x_wconf 86' lang='grc' dir='ltr'><strong>ἐπηκολούθησας</strong></span> <span class='ocrx_word' id='word_1_783' title='bbox 3674 4603 3773 4669; x_wconf 74' lang='grc' dir='ltr'><strong>τῆς</strong></span> <span class='ocrx_word' id='word_1_784' title='bbox 3809 4605 3994 4659; x_wconf 77' lang='grc' dir='ltr'><strong>διαλέ-</strong></span> 
     </span>
    </p>
   </div>
   <div class='ocr_carea' id='block_1_108' title="bbox 2411 4683 3995 4764">
    <p class='ocr_par' dir='ltr' id='par_1_108' title="bbox 2411 4683 3995 4764">
     <span class='ocr_line' id='line_1_108' title="bbox 2411 4683 3995 4764; baseline 0.009 -30"><span class='ocrx_word' id='word_1_785' title='bbox 2411 4683 2566 4748; x_wconf 79' lang='grc' dir='ltr'><strong>ξεως,</strong></span> <span class='ocrx_word' id='word_1_786' title='bbox 2606 4684 2900 4750; x_wconf 80' lang='grc' dir='ltr'><strong>Ἐστήσατε</strong></span> <span class='ocrx_word' id='word_1_787' title='bbox 2959 4685 3089 4756; x_wconf 72' lang='grc' dir='ltr'><strong>γὰρ,</strong></span> <span class='ocrx_word' id='word_1_788' title='bbox 3127 4687 3216 4739; x_wconf 84' lang='grc' dir='ltr'><strong>ἴνα</strong></span> <span class='ocrx_word' id='word_1_789' title='bbox 3250 4689 3358 4742; x_wconf 77' lang='grc' dir='ltr'><strong>ἀπὸ</strong></span> <span class='ocrx_word' id='word_1_790' title='bbox 3381 4693 3678 4759; x_wconf 76' lang='grc' dir='ltr'><strong>κεφαλαίου</strong></span> <span class='ocrx_word' id='word_1_791' title='bbox 3710 4695 3789 4756; x_wconf 78' lang='grc' dir='ltr'><strong>είς</strong></span> <span class='ocrx_word' id='word_1_792' title='bbox 3817 4699 3995 4764; x_wconf 66' lang='grc' dir='ltr'><strong>κεφα-</strong></span> 
     </span>
    </p>
   </div>
   <div class='ocr_carea' id='block_1_109' title="bbox 2411 4775 3993 4856">
    <p class='ocr_par' dir='ltr' id='par_1_109' title="bbox 2411 4775 3993 4856">
     <span class='ocr_line' id='line_1_109' title="bbox 2411 4775 3993 4856; baseline 0.009 -30"><span class='ocrx_word' id='word_1_793' title='bbox 2411 4775 2583 4837; x_wconf 82' lang='grc' dir='ltr'><strong>λαιον,</strong></span> <span class='ocrx_word' id='word_1_794' title='bbox 2619 4776 2714 4828; x_wconf 80' lang='grc' dir='ltr'><strong>καὶ</strong></span> <span class='ocrx_word' id='word_1_795' title='bbox 2742 4776 2849 4827; x_wconf 80' lang='grc' dir='ltr'><strong>ἀπὸ</strong></span> <span class='ocrx_word' id='word_1_796' title='bbox 2877 4778 3311 4847; x_wconf 81' lang='grc' dir='ltr'><strong>ἐπιχειρήματος</strong></span> <span class='ocrx_word' id='word_1_797' title='bbox 3341 4781 3423 4844; x_wconf 73' lang='grc' dir='ltr'><strong>εἰς</strong></span> <span class='ocrx_word' id='word_1_798' title='bbox 3449 4783 3784 4853; x_wconf 83' lang='grc' dir='ltr'><strong>ἐπιχείρημα</strong></span> <span class='ocrx_word' id='word_1_799' title='bbox 3824 4805 3993 4856; x_wconf 81' lang='grc' dir='ltr'><strong>μετα-</strong></span> 
     </span>
    </p>
   </div>
   <div class='ocr_carea' id='block_1_110' title="bbox 2413 4864 3994 4948">
    <p class='ocr_par' dir='ltr' id='par_1_110' title="bbox 2413 4864 3994 4948">
     <span class='ocr_line' id='line_1_110' title="bbox 2413 4864 3994 4948; baseline 0.01 -32"><span class='ocrx_word' id='word_1_800' title='bbox 2413 4864 2658 4935; x_wconf 79' lang='grc' dir='ltr'><strong>δαίνητε,</strong></span> <span class='ocrx_word' id='word_1_801' title='bbox 2695 4866 2782 4920; x_wconf 84' lang='grc' dir='ltr'><strong>ἵνα</strong></span> <span class='ocrx_word' id='word_1_802' title='bbox 2805 4868 2899 4920; x_wconf 73' lang='grc' dir='ltr'><strong>καὶ</strong></span> <span class='ocrx_word' id='word_1_803' title='bbox 2930 4868 3254 4923; x_wconf 80' lang='grc' dir='ltr'><strong>εὐσύνοπτοι</strong></span> <span class='ocrx_word' id='word_1_804' title='bbox 3276 4873 3369 4924; x_wconf 82' lang='grc' dir='ltr'><strong>καὶ</strong></span> <span class='ocrx_word' id='word_1_805' title='bbox 3393 4877 3583 4943; x_wconf 84' lang='grc' dir='ltr'><strong>σαφεῖς</strong></span> <span class='ocrx_word' id='word_1_806' title='bbox 3612 4877 3664 4928; x_wconf 81' lang='grc' dir='ltr'><strong>αἱ</strong></span> <span class='ocrx_word' id='word_1_807' title='bbox 3688 4878 3994 4948; x_wconf 76' lang='grc' dir='ltr'><strong>ἐρωτήσεις</strong></span> 
     </span>
    </p>
   </div>
   <div class='ocr_carea' id='block_1_111' title="bbox 2415 4957 3994 5032">
    <p class='ocr_par' dir='ltr' id='par_1_111' title="bbox 2415 4957 3994 5032">
     <span class='ocr_line' id='line_1_111' title="bbox 2415 4957 3994 5032; baseline 0.008 -21"><span class='ocrx_word' id='word_1_808' title='bbox 2415 4957 2532 5027; x_wconf 75' lang='grc' dir='ltr'><strong>ἅμα</strong></span> <span class='ocrx_word' id='word_1_809' title='bbox 2566 4959 2659 5010; x_wconf 80' lang='grc' dir='ltr'><strong>καὶ</strong></span> <span class='ocrx_word' id='word_1_810' title='bbox 2713 4958 3035 5027; x_wconf 72' lang='grc' dir='ltr'><strong>ἀποκρίσεις</strong></span> <span class='ocrx_word' id='word_1_811' title='bbox 3082 4959 3362 5027; x_wconf 79' lang='grc' dir='ltr'><strong>γίνωνται.</strong></span> <span class='ocrx_word' id='word_1_812' title='bbox 3395 4965 3566 5018; x_wconf 82' lang='grc' dir='ltr'><strong>Ὅταν</strong></span> <span class='ocrx_word' id='word_1_813' title='bbox 3611 4966 3666 5020; x_wconf 83' lang='grc' dir='ltr'><strong>δὲ</strong></span> <span class='ocrx_word' id='word_1_814' title='bbox 3724 4972 3806 5032; x_wconf 81' lang='grc' dir='ltr'><strong>είς</strong></span> <span class='ocrx_word' id='word_1_815' title='bbox 3862 4974 3994 5024; x_wconf 66' lang='grc' dir='ltr'><strong>αὐτὸ</strong></span> 
     </span>
    </p>
   </div>
   <div class='ocr_carea' id='block_1_112' title="bbox 2418 5049 3995 5123">
    <p class='ocr_par' dir='ltr' id='par_1_112' title="bbox 2418 5049 3995 5123">
     <span class='ocr_line' id='line_1_112' title="bbox 2418 5049 3995 5123; baseline 0.01 -23"><span class='ocrx_word' id='word_1_816' title='bbox 2418 5049 2629 5116; x_wconf 68' lang='grc' dir='ltr'><strong>ἤλθετε,</strong></span> <span class='ocrx_word' id='word_1_817' title='bbox 2685 5051 2779 5102; x_wconf 70' lang='grc' dir='ltr'><strong>καὶ</strong></span> <span class='ocrx_word' id='word_1_818' title='bbox 2829 5051 2993 5120; x_wconf 78' lang='grc' dir='ltr'><strong>ῥητὸν</strong></span> <span class='ocrx_word' id='word_1_819' title='bbox 3041 5053 3106 5104; x_wconf 73' lang='grc' dir='ltr'><strong>τὸ</strong></span> <span class='ocrx_word' id='word_1_820' title='bbox 3155 5054 3319 5122; x_wconf 78' lang='grc' dir='ltr'><strong>ῥητὸν</strong></span> <span class='ocrx_word' id='word_1_821' title='bbox 3364 5056 3650 5123; x_wconf 82' lang='grc' dir='ltr'><strong>διεδέξατο,</strong></span> <span class='ocrx_word' id='word_1_822' title='bbox 3678 5063 3774 5114; x_wconf 82' lang='grc' dir='ltr'><strong>καὶ</strong></span> <span class='ocrx_word' id='word_1_823' title='bbox 3810 5066 3995 5116; x_wconf 73' lang='grc' dir='ltr'><strong>συλλο-</strong></span> 
     </span>
    </p>
   </div>
   <div class='ocr_carea' id='block_1_113' title="bbox 2418 5139 3994 5218">
    <p class='ocr_par' dir='ltr' id='par_1_113' title="bbox 2418 5139 3994 5218">
     <span class='ocr_line' id='line_1_113' title="bbox 2418 5139 3994 5218; baseline 0.011 -29"><span class='ocrx_word' id='word_1_824' title='bbox 2418 5140 2614 5208; x_wconf 80' lang='grc' dir='ltr'><strong>γισμὸς</strong></span> <span class='ocrx_word' id='word_1_825' title='bbox 2644 5139 2874 5192; x_wconf 78' lang='grc' dir='ltr'><strong>κατόπιν</strong></span> <span class='ocrx_word' id='word_1_826' title='bbox 2903 5142 2977 5203; x_wconf 83' lang='grc' dir='ltr'><strong>ὡς</strong></span> <span class='ocrx_word' id='word_1_827' title='bbox 3004 5145 3062 5195; x_wconf 84' lang='grc' dir='ltr'><strong>ὲν</strong></span> <span class='ocrx_word' id='word_1_828' title='bbox 3093 5144 3317 5212; x_wconf 75' lang='grc' dir='ltr'><strong>συνόψει</strong></span> <span class='ocrx_word' id='word_1_829' title='bbox 3341 5147 3693 5214; x_wconf 83' lang='grc' dir='ltr'><strong>ἐπηκολούθει</strong></span> <span class='ocrx_word' id='word_1_830' title='bbox 3727 5156 3994 5218; x_wconf 76' lang='grc' dir='ltr'><strong>γενναίως</strong></span> 
     </span>
    </p>
   </div>
   <div class='ocr_carea' id='block_1_114' title="bbox 2419 5227 3992 5311">
    <p class='ocr_par' dir='ltr' id='par_1_114' title="bbox 2419 5227 3992 5311">
     <span class='ocr_line' id='line_1_114' title="bbox 2419 5227 3992 5311; baseline 0.008 -33"><span class='ocrx_word' id='word_1_831' title='bbox 2419 5228 2570 5297; x_wconf 75' lang='grc' dir='ltr'><strong>παρὰ</strong></span> <span class='ocrx_word' id='word_1_832' title='bbox 2603 5227 2696 5281; x_wconf 84' lang='grc' dir='ltr'><strong>τοῦ</strong></span> <span class='ocrx_word' id='word_1_833' title='bbox 2730 5228 2842 5298; x_wconf 82' lang='grc' dir='ltr'><strong>φρὰ</strong></span> <span class='ocrx_word' id='word_1_834' title='bbox 2883 5229 3134 5283; x_wconf 81' lang='grc' dir='ltr'><strong>Ἰωάννου</strong></span> <span class='ocrx_word' id='word_1_835' title='bbox 3187 5236 3511 5303; x_wconf 74' lang='grc' dir='ltr'><strong>λεγόμενος,</strong></span> <span class='ocrx_word' id='word_1_836' title='bbox 3549 5238 3992 5311; x_wconf 49' lang='grc' dir='ltr'><strong>ἐστενοχωρήθτβ</strong></span> 
     </span>
    </p>
   </div>
   <div class='ocr_carea' id='block_1_115' title="bbox 2417 5320 3991 5396">
    <p class='ocr_par' dir='ltr' id='par_1_115' title="bbox 2417 5320 3991 5396">
     <span class='ocr_line' id='line_1_115' title="bbox 2417 5320 3991 5396; baseline 0.008 -27"><span class='ocrx_word' id='word_1_837' title='bbox 2417 5321 2485 5388; x_wconf 79' lang='grc' dir='ltr'><strong>τῇ</strong></span> <span class='ocrx_word' id='word_1_838' title='bbox 2511 5320 2817 5384; x_wconf 78' lang='grc' dir='ltr'><strong>ἀποκρίσει,</strong></span> <span class='ocrx_word' id='word_1_839' title='bbox 2881 5320 2976 5372; x_wconf 81' lang='grc' dir='ltr'><strong>καὶ</strong></span> <span class='ocrx_word' id='word_1_840' title='bbox 3036 5322 3321 5391; x_wconf 76' lang='grc' dir='ltr'><strong>ἐξέφυγες,</strong></span> <span class='ocrx_word' id='word_1_841' title='bbox 3368 5327 3460 5378; x_wconf 80' lang='grc' dir='ltr'><strong>τὸν</strong></span> <span class='ocrx_word' id='word_1_842' title='bbox 3516 5329 3727 5396; x_wconf 79' lang='grc' dir='ltr'><strong>μακρὸν</strong></span> <span class='ocrx_word' id='word_1_843' title='bbox 3782 5333 3991 5383; x_wconf 57' lang='grc' dir='ltr'><strong>ἐκεῖ-ιω</strong></span> 
     </span>
    </p>
   </div>
   <div class='ocr_carea' id='block_1_116' title="bbox 2423 5411 3991 5492">
    <p class='ocr_par' dir='ltr' id='par_1_116' title="bbox 2423 5411 3991 5492">
     <span class='ocr_line' id='line_1_116' title="bbox 2423 5411 3991 5492; baseline 0.008 -30"><span class='ocrx_word' id='word_1_844' title='bbox 2423 5412 2852 5478; x_wconf 73' lang='grc' dir='ltr'><strong>ἀποτεινὰμενος</strong></span> <span class='ocrx_word' id='word_1_845' title='bbox 2900 5411 3081 5479; x_wconf 77' lang='grc' dir='ltr'><strong>λόγον,</strong></span> <span class='ocrx_word' id='word_1_846' title='bbox 3143 5416 3343 5484; x_wconf 82' lang='grc' dir='ltr'><strong>μηδένα</strong></span> <span class='ocrx_word' id='word_1_847' title='bbox 3395 5420 3610 5487; x_wconf 84' lang='grc' dir='ltr'><strong>καρπὸν</strong></span> <span class='ocrx_word' id='word_1_848' title='bbox 3663 5421 3991 5492; x_wconf 75' lang='grc' dir='ltr'><strong>ἁληθείιςῆ</strong></span> 
     </span>
    </p>
   </div>
   <div class='ocr_carea' id='block_1_117' title="bbox 2425 5502 3992 5583">
    <p class='ocr_par' dir='ltr' id='par_1_117' title="bbox 2425 5502 3992 5583">
     <span class='ocr_line' id='line_1_117' title="bbox 2425 5502 3992 5583; baseline 0.009 -29"><span class='ocrx_word' id='word_1_849' title='bbox 2425 5502 2544 5563; x_wconf 79' lang='grc' dir='ltr'><strong>ἔθος</strong></span> <span class='ocrx_word' id='word_1_850' title='bbox 2572 5502 2764 5571; x_wconf 80' lang='grc' dir='ltr'><strong>ἔχοντα</strong></span> <span class='ocrx_word' id='word_1_851' title='bbox 2796 5503 3083 5569; x_wconf 77' lang='grc' dir='ltr'><strong>διαλέξεως</strong></span> <span class='ocrx_word' id='word_1_852' title='bbox 3106 5521 3120 5536; x_wconf 76' lang='grc' dir='ltr'><strong><em>ο</em></strong></span> <span class='ocrx_word' id='word_1_853' title='bbox 3152 5507 3240 5559; x_wconf 81' lang='grc' dir='ltr'><strong>ὅτε</strong></span> <span class='ocrx_word' id='word_1_854' title='bbox 3271 5525 3352 5562; x_wconf 90' lang='grc' dir='ltr'><strong>σοι</strong></span> <span class='ocrx_word' id='word_1_855' title='bbox 3387 5512 3415 5562; x_wconf 90' lang='grc' dir='ltr'><strong>ό</strong></span> <span class='ocrx_word' id='word_1_856' title='bbox 3465 5512 3992 5583; x_wconf 65' lang='grc' dir='ltr'><strong>προσδιαλεγόμενος</strong></span> 
     </span>
    </p>
   </div>
   <div class='ocr_carea' id='block_1_118' title="bbox 2439 5595 3990 5678">
    <p class='ocr_par' dir='ltr' id='par_1_118' title="bbox 2439 5595 3990 5678">
     <span class='ocr_line' id='line_1_118' title="bbox 2439 5595 3990 5678; baseline 0.007 -29"><span class='ocrx_word' id='word_1_857' title='bbox 2439 5595 2690 5664; x_wconf 73' lang='grc' dir='ltr'><strong>Ἰωάννης</strong></span> <span class='ocrx_word' id='word_1_858' title='bbox 2719 5595 2821 5665; x_wconf 73' lang='grc' dir='ltr'><strong>ἔφη</strong></span> <span class='ocrx_word' id='word_1_859' title='bbox 2848 5613 2861 5626; x_wconf 74' lang='grc'><strong><em>⁸</em></strong></span> <span class='ocrx_word' id='word_1_860' title='bbox 2901 5597 3073 5668; x_wconf 78' lang='grc' dir='ltr'><strong>Κύριε</strong></span> <span class='ocrx_word' id='word_1_861' title='bbox 3130 5600 3377 5670; x_wconf 73' lang='grc' dir='ltr'><strong>Ἕφέσου,</strong></span> <span class='ocrx_word' id='word_1_862' title='bbox 3422 5605 3670 5671; x_wconf 79' lang='grc' dir='ltr'><strong>φαίνεται</strong></span> <span class='ocrx_word' id='word_1_863' title='bbox 3701 5606 3784 5659; x_wconf 82' lang='grc' dir='ltr'><strong>ὅτι</strong></span> <span class='ocrx_word' id='word_1_864' title='bbox 3815 5625 3990 5678; x_wconf 77' lang='grc' dir='ltr'><strong>παρει-</strong></span> 
     </span>
    </p>
   </div>
   <div class='ocr_carea' id='block_1_119' title="bbox 2412 5783 2728 5838">
    <p class='ocr_par' dir='ltr' id='par_1_119' title="bbox 2412 5783 2728 5838">
     <span class='ocr_line' id='line_1_119' title="bbox 2412 5783 2728 5838; baseline -0.013 0"><span class='ocrx_word' id='word_1_865' title='bbox 2412 5783 2453 5815; x_wconf 85' lang='grc'><strong>¹⁹</strong></span> <span class='ocrx_word' id='word_1_866' title='bbox 2480 5785 2612 5838; x_wconf 86' lang='lat' dir='ltr'><strong>ibid.</strong></span> <span class='ocrx_word' id='word_1_867' title='bbox 2647 5786 2728 5838; x_wconf 81' lang='lat' dir='ltr'><strong>ll.</strong></span> 
     </span>
    </p>
   </div>
  </div>
