  <div class='ocr_page' id='page_1' title='image "/cluster/home/n/w/nwhite01/storage/ocr_20150623/159/nnc1.0046980628/540.png"; bbox 0 0 4164 6426; ppageno 0'>
   <div class='ocr_carea' id='block_1_1' title="bbox 181 413 293 479">
    <p class='ocr_par' dir='ltr' id='par_1_1' title="bbox 181 413 293 479">
     <span class='ocr_line' id='line_1_1' title="bbox 181 413 293 479; baseline -0.009 -3"><span class='ocrx_word' id='word_1_1' title='bbox 181 413 293 479; x_wconf 80' lang='lat'><strong>1061</strong></span> 
     </span>
    </p>
   </div>
   <div class='ocr_carea' id='block_1_2' title="bbox 1183 410 2366 477">
    <p class='ocr_par' dir='ltr' id='par_1_2' title="bbox 1183 410 2366 477">
     <span class='ocr_line' id='line_1_2' title="bbox 1183 410 2366 477; baseline -0.003 0"><span class='ocrx_word' id='word_1_2' title='bbox 1183 415 1634 477; x_wconf 78' lang='lat' dir='ltr'><strong>REFUTATIO</strong></span> <span class='ocrx_word' id='word_1_3' title='bbox 1675 413 1917 474; x_wconf 77' lang='lat' dir='ltr'><strong>MARCI</strong></span> <span class='ocrx_word' id='word_1_4' title='bbox 1975 410 2366 474; x_wconf 77' lang='lat' dir='ltr'><strong>EPIIESINI.</strong></span> 
     </span>
    </p>
   </div>
   <div class='ocr_carea' id='block_1_3' title="bbox 3272 406 3407 473">
    <p class='ocr_par' dir='ltr' id='par_1_3' title="bbox 3272 406 3407 473">
     <span class='ocr_line' id='line_1_3' title="bbox 3272 406 3407 473; baseline -0.015 -3"><span class='ocrx_word' id='word_1_5' title='bbox 3272 406 3407 473; x_wconf 78' lang='lat'><strong>1062</strong></span> 
     </span>
    </p>
   </div>
   <div class='ocr_carea' id='block_1_4' title="bbox 176 524 1743 603">
    <p class='ocr_par' dir='ltr' id='par_1_4' title="bbox 176 530 1729 603">
     <span class='ocr_line' id='line_1_4' title="bbox 176 530 1729 603; baseline 0.001 -22"><span class='ocrx_word' id='word_1_6' title='bbox 176 532 367 593; x_wconf 76' lang='grc' dir='ltr'><strong>ϐαίνεις</strong></span> <span class='ocrx_word' id='word_1_7' title='bbox 396 530 493 599; x_wconf 80' lang='grc' dir='ltr'><strong>τὴν</strong></span> <span class='ocrx_word' id='word_1_8' title='bbox 521 532 692 597; x_wconf 87' lang='grc' dir='ltr'><strong>τάξιν,</strong></span> <span class='ocrx_word' id='word_1_9' title='bbox 740 531 874 600; x_wconf 83' lang='grc' dir='ltr'><strong>άλλη</strong></span> <span class='ocrx_word' id='word_1_10' title='bbox 904 532 1012 602; x_wconf 87' lang='grc' dir='ltr'><strong>γάρ</strong></span> <span class='ocrx_word' id='word_1_11' title='bbox 1040 532 1191 585; x_wconf 78' lang='grc' dir='ltr'><strong>ἐστιν</strong></span> <span class='ocrx_word' id='word_1_12' title='bbox 1218 534 1251 603; x_wconf 83' lang='grc' dir='ltr'><strong>ή</strong></span> <span class='ocrx_word' id='word_1_13' title='bbox 1299 532 1546 602; x_wconf 81' lang='grc' dir='ltr'><strong>ἡμετέρα</strong></span> <span class='ocrx_word' id='word_1_14' title='bbox 1592 547 1729 600; x_wconf 85' lang='grc' dir='ltr'><strong>συμ-</strong></span> 
     </span>
    </p>
   </div>
   <div class='ocr_carea' id='block_1_5' title="bbox 1845 524 3411 603">
    <p class='ocr_par' dir='ltr' id='par_1_5' title="bbox 1845 524 3411 598">
     <span class='ocr_line' id='line_1_5' title="bbox 1845 524 3411 598; baseline 0.002 -21"><span class='ocrx_word' id='word_1_15' title='bbox 1845 544 1932 582; x_wconf 73' lang='lat' dir='ltr'><strong>nos</strong></span> <span class='ocrx_word' id='word_1_16' title='bbox 1960 530 2214 584; x_wconf 90' lang='lat' dir='ltr'><strong>convenit</strong></span> <span class='ocrx_word' id='word_1_17' title='bbox 2260 538 2427 598; x_wconf 87' lang='lat' dir='ltr'><strong>atque</strong></span> <span class='ocrx_word' id='word_1_18' title='bbox 2461 535 2515 581; x_wconf 91' lang='lat' dir='ltr'><strong>tu</strong></span> <span class='ocrx_word' id='word_1_19' title='bbox 2550 526 2723 589; x_wconf 86' lang='lat' dir='ltr'><strong>facis;</strong></span> <span class='ocrx_word' id='word_1_20' title='bbox 2761 524 3000 580; x_wconf 90' lang='lat' dir='ltr'><strong>nondum</strong></span> <span class='ocrx_word' id='word_1_21' title='bbox 3036 526 3194 578; x_wconf 89' lang='lat' dir='ltr'><strong>finem</strong></span> <span class='ocrx_word' id='word_1_22' title='bbox 3224 526 3411 580; x_wconf 85' lang='lat' dir='ltr'><strong>habuit</strong></span> 
     </span>
    </p>
   </div>
   <div class='ocr_carea' id='block_1_6' title="bbox 175 620 1730 689">
    <p class='ocr_par' dir='ltr' id='par_1_6' title="bbox 175 620 1730 689">
     <span class='ocr_line' id='line_1_6' title="bbox 175 620 1730 689; baseline 0.004 -20"><span class='ocrx_word' id='word_1_23' title='bbox 175 620 354 684; x_wconf 76' lang='grc' dir='ltr'><strong>φωνία,</strong></span> <span class='ocrx_word' id='word_1_24' title='bbox 384 622 476 671; x_wconf 80' lang='grc' dir='ltr'><strong>καὶ</strong></span> <span class='ocrx_word' id='word_1_25' title='bbox 511 620 689 681; x_wconf 77' lang='grc' dir='ltr'><strong>ἄλλως</strong></span> <span class='ocrx_word' id='word_1_26' title='bbox 723 624 892 685; x_wconf 80' lang='grc' dir='ltr'><strong>ποιεῖς</strong></span> <span class='ocrx_word' id='word_1_27' title='bbox 918 638 933 652; x_wconf 75' lang='grc' dir='ltr'><strong><em>ο</em></strong></span> <span class='ocrx_word' id='word_1_28' title='bbox 963 622 1040 674; x_wconf 71' lang='grc' dir='ltr'><strong>ἔτι</strong></span> <span class='ocrx_word' id='word_1_29' title='bbox 1074 622 1133 674; x_wconf 74' lang='grc' dir='ltr'><strong>τὸ</strong></span> <span class='ocrx_word' id='word_1_30' title='bbox 1163 622 1253 675; x_wconf 82' lang='grc' dir='ltr'><strong>τοῦ</strong></span> <span class='ocrx_word' id='word_1_31' title='bbox 1298 624 1537 689; x_wconf 78' lang='grc' dir='ltr'><strong>μεγάλου</strong></span> <span class='ocrx_word' id='word_1_32' title='bbox 1565 622 1730 676; x_wconf 73' lang='grc' dir='ltr'><strong>Βασι-</strong></span> 
     </span>
    </p>
   </div>
   <div class='ocr_carea' id='block_1_7' title="bbox 175 708 1729 783">
    <p class='ocr_par' dir='ltr' id='par_1_7' title="bbox 175 708 1729 783">
     <span class='ocr_line' id='line_1_7' title="bbox 175 708 1729 783; baseline 0.01 -28"><span class='ocrx_word' id='word_1_33' title='bbox 175 708 305 759; x_wconf 72' lang='grc' dir='ltr'>λείου</span> <span class='ocrx_word' id='word_1_34' title='bbox 333 710 497 776; x_wconf 76' lang='grc' dir='ltr'><strong>ῥητὸν</strong></span> <span class='ocrx_word' id='word_1_35' title='bbox 525 709 626 762; x_wconf 75' lang='grc' dir='ltr'><strong>οὐκ</strong></span> <span class='ocrx_word' id='word_1_36' title='bbox 658 710 818 763; x_wconf 76' lang='grc' dir='ltr'><strong>ἔλαϐε</strong></span> <span class='ocrx_word' id='word_1_37' title='bbox 851 712 1036 778; x_wconf 77' lang='grc' dir='ltr'><strong>τέλος,</strong></span> <span class='ocrx_word' id='word_1_38' title='bbox 1071 713 1166 764; x_wconf 81' lang='grc' dir='ltr'><strong>καὶ</strong></span> <span class='ocrx_word' id='word_1_39' title='bbox 1207 712 1271 764; x_wconf 80' lang='grc' dir='ltr'><strong>σὺ</strong></span> <span class='ocrx_word' id='word_1_40' title='bbox 1314 712 1618 783; x_wconf 79' lang='grc' dir='ltr'><strong>προέφερες</strong></span> <span class='ocrx_word' id='word_1_41' title='bbox 1649 714 1729 772; x_wconf 75' lang='grc' dir='ltr'><strong>εἰς</strong></span> 
     </span>
    </p>
   </div>
   <div class='ocr_carea' id='block_1_8' title="bbox 176 802 1730 874">
    <p class='ocr_par' dir='ltr' id='par_1_8' title="bbox 176 802 1730 874">
     <span class='ocr_line' id='line_1_8' title="bbox 176 802 1730 874; baseline 0.003 -22"><span class='ocrx_word' id='word_1_42' title='bbox 176 804 326 869; x_wconf 79' lang='grc' dir='ltr'><strong>μέσον</strong></span> <span class='ocrx_word' id='word_1_43' title='bbox 354 802 521 867; x_wconf 72' lang='grc' dir='ltr'><strong>ἄλλας</strong></span> <span class='ocrx_word' id='word_1_44' title='bbox 553 804 838 869; x_wconf 76' lang='grc' dir='ltr'><strong>ὑποθέσεις</strong></span> <span class='ocrx_word' id='word_1_45' title='bbox 887 806 983 859; x_wconf 86' lang='grc' dir='ltr'><strong>καὶ</strong></span> <span class='ocrx_word' id='word_1_46' title='bbox 1023 805 1156 860; x_wconf 76' lang='grc' dir='ltr'><strong>ἄλλα</strong></span> <span class='ocrx_word' id='word_1_47' title='bbox 1187 806 1461 874; x_wconf 85' lang='grc' dir='ltr'><strong>κεφάλαια</strong></span> <span class='ocrx_word' id='word_1_48' title='bbox 1503 806 1608 871; x_wconf 75' lang='grc' dir='ltr'><strong>ἔξω</strong></span> <span class='ocrx_word' id='word_1_49' title='bbox 1636 804 1730 858; x_wconf 85' lang='grc' dir='ltr'><strong>τοῦ</strong></span> 
     </span>
    </p>
   </div>
   <div class='ocr_carea' id='block_1_9' title="bbox 172 898 1727 970">
    <p class='ocr_par' dir='ltr' id='par_1_9' title="bbox 172 898 1727 970">
     <span class='ocr_line' id='line_1_9' title="bbox 172 898 1727 970; baseline 0.004 -25"><span class='ocrx_word' id='word_1_50' title='bbox 172 900 547 965; x_wconf 79' lang='grc' dir='ltr'><strong>προκειμένου,</strong></span> <span class='ocrx_word' id='word_1_51' title='bbox 582 898 871 964; x_wconf 77' lang='grc' dir='ltr'><strong>διδάσκων,</strong></span> <span class='ocrx_word' id='word_1_52' title='bbox 924 898 999 963; x_wconf 86' lang='grc' dir='ltr'><strong>ὼς</strong></span> <span class='ocrx_word' id='word_1_53' title='bbox 1050 898 1218 962; x_wconf 72' lang='grc' dir='ltr'><strong>ἔοικε,</strong></span> <span class='ocrx_word' id='word_1_54' title='bbox 1270 901 1395 961; x_wconf 86' lang='grc' dir='ltr'><strong>τοὺς</strong></span> <span class='ocrx_word' id='word_1_55' title='bbox 1427 900 1727 970; x_wconf 84' lang='grc' dir='ltr'><strong>ἀκροατάς.</strong></span> 
     </span>
    </p>
   </div>
   <div class='ocr_carea' id='block_1_10' title="bbox 170 987 1732 1062">
    <p class='ocr_par' dir='ltr' id='par_1_10' title="bbox 170 987 1732 1062">
     <span class='ocr_line' id='line_1_10' title="bbox 170 987 1732 1062; baseline 0.004 -23"><span class='ocrx_word' id='word_1_56' title='bbox 170 988 301 1053; x_wconf 80' lang='grc' dir='ltr'><strong>Λέγε</strong></span> <span class='ocrx_word' id='word_1_57' title='bbox 339 987 525 1041; x_wconf 75' lang='grc' dir='ltr'><strong>λοιπὸν</strong></span> <span class='ocrx_word' id='word_1_58' title='bbox 564 992 796 1060; x_wconf 82' lang='grc' dir='ltr'><strong>μακρὸν,</strong></span> <span class='ocrx_word' id='word_1_59' title='bbox 847 992 970 1045; x_wconf 86' lang='grc' dir='ltr'><strong>ὅσον</strong></span> <span class='ocrx_word' id='word_1_60' title='bbox 1001 993 1067 1045; x_wconf 85' lang='grc' dir='ltr'><strong>ἂν</strong></span> <span class='ocrx_word' id='word_1_61' title='bbox 1120 993 1281 1055; x_wconf 79' lang='grc' dir='ltr'><strong>αὐτὸς</strong></span> <span class='ocrx_word' id='word_1_62' title='bbox 1318 992 1508 1062; x_wconf 83' lang='grc' dir='ltr'><strong>βούλῃ·</strong></span> <span class='ocrx_word' id='word_1_63' title='bbox 1545 991 1732 1059; x_wconf 70' lang='grc' dir='ltr'><strong>ἐπειδὴ</strong></span> 
     </span>
    </p>
   </div>
   <div class='ocr_carea' id='block_1_11' title="bbox 172 1078 1732 1152">
    <p class='ocr_par' dir='ltr' id='par_1_11' title="bbox 172 1078 1732 1152">
     <span class='ocr_line' id='line_1_11' title="bbox 172 1078 1732 1152; baseline 0.01 -23"><span class='ocrx_word' id='word_1_64' title='bbox 172 1078 275 1145; x_wconf 79' lang='grc' dir='ltr'><strong>ἐγὼ</strong></span> <span class='ocrx_word' id='word_1_65' title='bbox 305 1081 404 1131; x_wconf 82' lang='grc' dir='ltr'><strong>οὐκ</strong></span> <span class='ocrx_word' id='word_1_66' title='bbox 441 1080 550 1149; x_wconf 71' lang='grc' dir='ltr'><strong>ἔχω</strong></span> <span class='ocrx_word' id='word_1_67' title='bbox 590 1083 797 1135; x_wconf 78' lang='grc' dir='ltr'><strong>τιθέναι</strong></span> <span class='ocrx_word' id='word_1_68' title='bbox 832 1100 914 1135; x_wconf 91' lang='grc' dir='ltr'><strong>σοι</strong></span> <span class='ocrx_word' id='word_1_69' title='bbox 944 1082 1131 1151; x_wconf 90' lang='grc' dir='ltr'><strong>νόμον,</strong></span> <span class='ocrx_word' id='word_1_70' title='bbox 1155 1083 1271 1138; x_wconf 87' lang='grc' dir='ltr'><strong>ἀλλ’</strong></span> <span class='ocrx_word' id='word_1_71' title='bbox 1304 1086 1331 1135; x_wconf 88' lang='grc' dir='ltr'>ὁ</span> <span class='ocrx_word' id='word_1_72' title='bbox 1363 1084 1732 1152; x_wconf 78' lang='grc' dir='ltr'><strong>γαληνότατος</strong></span> 
     </span>
    </p>
   </div>
   <div class='ocr_carea' id='block_1_12' title="bbox 172 1169 1732 1245">
    <p class='ocr_par' dir='ltr' id='par_1_12' title="bbox 172 1169 1732 1245">
     <span class='ocr_line' id='line_1_12' title="bbox 172 1169 1732 1245; baseline 0.004 -24"><span class='ocrx_word' id='word_1_73' title='bbox 172 1169 440 1238; x_wconf 78' lang='grc' dir='ltr'><strong>βασιλεύς.</strong></span> <span class='ocrx_word' id='word_1_74' title='bbox 486 1173 677 1242; x_wconf 84' lang='grc' dir='ltr'><strong>Ὅμως</strong></span> <span class='ocrx_word' id='word_1_75' title='bbox 731 1175 841 1243; x_wconf 73' lang='grc' dir='ltr'><strong>ἐγὼ</strong></span> <span class='ocrx_word' id='word_1_76' title='bbox 876 1176 1104 1245; x_wconf 86' lang='grc' dir='ltr'><strong>τηρήσω</strong></span> <span class='ocrx_word' id='word_1_77' title='bbox 1152 1176 1252 1245; x_wconf 79' lang='grc' dir='ltr'><strong>τὴν</strong></span> <span class='ocrx_word' id='word_1_78' title='bbox 1283 1179 1586 1245; x_wconf 87' lang='grc' dir='ltr'><strong>σεμνότητα</strong></span> <span class='ocrx_word' id='word_1_79' title='bbox 1642 1177 1732 1228; x_wconf 80' lang='grc' dir='ltr'><strong>καὶ</strong></span> 
     </span>
    </p>
   </div>
   <div class='ocr_carea' id='block_1_13' title="bbox 168 1262 1727 1338">
    <p class='ocr_par' dir='ltr' id='par_1_13' title="bbox 168 1262 1727 1338">
     <span class='ocr_line' id='line_1_13' title="bbox 168 1262 1727 1338; baseline 0.004 -25"><span class='ocrx_word' id='word_1_80' title='bbox 168 1262 263 1331; x_wconf 72' lang='grc' dir='ltr'><strong>τὴν</strong></span> <span class='ocrx_word' id='word_1_81' title='bbox 294 1264 447 1328; x_wconf 82' lang='grc' dir='ltr'><strong>τάξιν</strong></span> <span class='ocrx_word' id='word_1_82' title='bbox 474 1266 582 1318; x_wconf 83' lang='grc' dir='ltr'><strong>τῶν</strong></span> <span class='ocrx_word' id='word_1_83' title='bbox 625 1266 936 1332; x_wconf 81' lang='grc' dir='ltr'><strong>διαλέξεων,</strong></span> <span class='ocrx_word' id='word_1_84' title='bbox 993 1270 1087 1321; x_wconf 81' lang='grc' dir='ltr'><strong>καὶ</strong></span> <span class='ocrx_word' id='word_1_85' title='bbox 1136 1270 1391 1321; x_wconf 77' lang='grc' dir='ltr'><strong>οὐδέποτε</strong></span> <span class='ocrx_word' id='word_1_86' title='bbox 1424 1270 1727 1338; x_wconf 82' lang='grc' dir='ltr'><strong>ἀποκριθή-</strong></span> 
     </span>
    </p>
   </div>
   <div class='ocr_carea' id='block_1_14' title="bbox 150 1342 1726 1429">
    <p class='ocr_par' dir='ltr' id='par_1_14' title="bbox 169 1355 1726 1429">
     <span class='ocr_line' id='line_1_14' title="bbox 169 1355 1726 1429; baseline 0.007 -27"><span class='ocrx_word' id='word_1_87' title='bbox 169 1370 331 1421; x_wconf 88' lang='grc' dir='ltr'><strong>σομαι</strong></span> <span class='ocrx_word' id='word_1_88' title='bbox 363 1357 442 1417; x_wconf 81' lang='grc' dir='ltr'><strong>εἰς</strong></span> <span class='ocrx_word' id='word_1_89' title='bbox 472 1355 570 1408; x_wconf 85' lang='grc' dir='ltr'><strong>ὅσα</strong></span> <span class='ocrx_word' id='word_1_90' title='bbox 604 1356 804 1425; x_wconf 82' lang='grc' dir='ltr'><strong>λέγεις,</strong></span> <span class='ocrx_word' id='word_1_91' title='bbox 840 1358 951 1411; x_wconf 76' lang='grc' dir='ltr'><strong>ἐστ’</strong></span> <span class='ocrx_word' id='word_1_92' title='bbox 988 1358 1054 1411; x_wconf 85' lang='grc' dir='ltr'><strong>ἂν</strong></span> <span class='ocrx_word' id='word_1_93' title='bbox 1087 1359 1432 1429; x_wconf 84' lang='grc' dir='ltr'><strong>ἀπολογηθῇς</strong></span> <span class='ocrx_word' id='word_1_94' title='bbox 1468 1364 1608 1413; x_wconf 69' lang='grc' dir='ltr'><strong>κατὰ</strong></span> <span class='ocrx_word' id='word_1_95' title='bbox 1636 1363 1726 1414; x_wconf 87' lang='grc' dir='ltr'><strong>τά-</strong></span> 
     </span>
    </p>
   </div>
   <div class='ocr_carea' id='block_1_15' title="bbox 168 1443 1727 1522">
    <p class='ocr_par' dir='ltr' id='par_1_15' title="bbox 168 1443 1727 1522">
     <span class='ocr_line' id='line_1_15' title="bbox 168 1443 1727 1522; baseline 0.006 -27"><span class='ocrx_word' id='word_1_96' title='bbox 168 1443 247 1506; x_wconf 83' lang='grc' dir='ltr'><strong>ξιν</strong></span> <span class='ocrx_word' id='word_1_97' title='bbox 279 1445 389 1497; x_wconf 84' lang='grc' dir='ltr'><strong>τῶν</strong></span> <span class='ocrx_word' id='word_1_98' title='bbox 415 1449 893 1516; x_wconf 82' lang='grc' dir='ltr'><strong>προκομισθέντων</strong></span> <span class='ocrx_word' id='word_1_99' title='bbox 940 1451 1142 1520; x_wconf 76' lang='grc' dir='ltr'><strong>ῥητῶν,</strong></span> <span class='ocrx_word' id='word_1_100' title='bbox 1178 1451 1296 1502; x_wconf 76' lang='grc' dir='ltr'><strong>καθ’</strong></span> <span class='ocrx_word' id='word_1_101' title='bbox 1347 1451 1406 1503; x_wconf 86' lang='grc' dir='ltr'><strong>ὃν</strong></span> <span class='ocrx_word' id='word_1_102' title='bbox 1430 1454 1727 1522; x_wconf 75' lang='grc' dir='ltr'><strong>ιὴρξάμεθα</strong></span> 
     </span>
    </p>
   </div>
   <div class='ocr_carea' id='block_1_16' title="bbox 165 1536 1728 1613">
    <p class='ocr_par' dir='ltr' id='par_1_16' title="bbox 165 1536 1728 1613">
     <span class='ocr_line' id='line_1_16' title="bbox 165 1536 1728 1613; baseline 0.007 -28"><span class='ocrx_word' id='word_1_103' title='bbox 165 1536 363 1605; x_wconf 78' lang='grc' dir='ltr'><strong>τρόπον</strong></span> <span class='ocrx_word' id='word_1_104' title='bbox 389 1537 486 1606; x_wconf 75' lang='grc' dir='ltr'><strong>τῆς</strong></span> <span class='ocrx_word' id='word_1_105' title='bbox 510 1539 819 1605; x_wconf 86' lang='grc' dir='ltr'><strong>διαλέξεως,</strong></span> <span class='ocrx_word' id='word_1_106' title='bbox 854 1544 1002 1606; x_wconf 84' lang='grc' dir='ltr'><strong>ὅπως</strong></span> <span class='ocrx_word' id='word_1_107' title='bbox 1040 1546 1461 1613; x_wconf 81' lang='grc' dir='ltr'><strong>σαφηνισθέντος</strong></span> <span class='ocrx_word' id='word_1_108' title='bbox 1486 1545 1579 1597; x_wconf 83' lang='grc' dir='ltr'><strong>τοῦ</strong></span> <span class='ocrx_word' id='word_1_109' title='bbox 1611 1546 1728 1608; x_wconf 77' lang='grc' dir='ltr'><strong>ἑνὸς</strong></span> 
     </span>
    </p>
   </div>
   <div class='ocr_carea' id='block_1_17' title="bbox 162 1629 1731 1707">
    <p class='ocr_par' dir='ltr' id='par_1_17' title="bbox 162 1629 1731 1707">
     <span class='ocr_line' id='line_1_17' title="bbox 162 1629 1731 1707; baseline 0.007 -28"><span class='ocrx_word' id='word_1_110' title='bbox 162 1629 456 1697; x_wconf 79' lang='grc' dir='ltr'><strong>ἀρξώμεθα</strong></span> <span class='ocrx_word' id='word_1_111' title='bbox 487 1631 583 1683; x_wconf 83' lang='grc' dir='ltr'><strong>τοῦ</strong></span> <span class='ocrx_word' id='word_1_112' title='bbox 634 1634 844 1702; x_wconf 81' lang='grc' dir='ltr'><strong>ἐτέρου.</strong></span> <span class='ocrx_word' id='word_1_113' title='bbox 915 1636 1182 1699; x_wconf 82' lang='grc' dir='ltr'><strong>Ἀκούσας</strong></span> <span class='ocrx_word' id='word_1_114' title='bbox 1215 1637 1308 1691; x_wconf 81' lang='grc' dir='ltr'><strong>οὖν</strong></span> <span class='ocrx_word' id='word_1_115' title='bbox 1338 1638 1510 1691; x_wconf 78' lang='grc' dir='ltr'><strong>ταῦτα</strong></span> <span class='ocrx_word' id='word_1_116' title='bbox 1540 1640 1731 1707; x_wconf 83' lang='grc' dir='ltr'><strong>ἐπιλη-</strong></span> 
     </span>
    </p>
   </div>
   <div class='ocr_carea' id='block_1_18' title="bbox 161 1724 1737 1804">
    <p class='ocr_par' dir='ltr' id='par_1_18' title="bbox 161 1724 1737 1804">
     <span class='ocr_line' id='line_1_18' title="bbox 161 1724 1737 1804; baseline 0.008 -31"><span class='ocrx_word' id='word_1_117' title='bbox 161 1724 259 1792; x_wconf 53' lang='lat' dir='ltr'><strong>qlia</strong></span> <span class='ocrx_word' id='word_1_118' title='bbox 308 1727 542 1802; x_wconf 71' lang='grc' dir='ltr'><strong>κατέσχε</strong></span> <span class='ocrx_word' id='word_1_119' title='bbox 598 1746 679 1793; x_wconf 89' lang='grc' dir='ltr'><strong>σε,</strong></span> <span class='ocrx_word' id='word_1_120' title='bbox 735 1732 829 1782; x_wconf 82' lang='grc' dir='ltr'><strong>καὶ</strong></span> <span class='ocrx_word' id='word_1_121' title='bbox 881 1733 1328 1804; x_wconf 79' lang='grc' dir='ltr'><strong>ἐστενοχωρήθης</strong></span> <span class='ocrx_word' id='word_1_122' title='bbox 1374 1733 1547 1785; x_wconf 75' lang='grc' dir='ltr'><strong>ἐλθεῖν</strong></span> <span class='ocrx_word' id='word_1_123' title='bbox 1593 1732 1737 1786; x_wconf 86' lang='grc' dir='ltr'><strong>κατά</strong></span> 
     </span>
    </p>
   </div>
   <div class='ocr_carea' id='block_1_19' title="bbox 164 1818 1735 1895">
    <p class='ocr_par' dir='ltr' id='par_1_19' title="bbox 164 1818 1735 1895">
     <span class='ocr_line' id='line_1_19' title="bbox 164 1818 1735 1895; baseline 0.004 -25"><span class='ocrx_word' id='word_1_124' title='bbox 164 1818 362 1871; x_wconf 81' lang='grc' dir='ltr'><strong>πεῦσιν</strong></span> <span class='ocrx_word' id='word_1_125' title='bbox 392 1822 483 1873; x_wconf 86' lang='grc' dir='ltr'><strong>καὶ</strong></span> <span class='ocrx_word' id='word_1_126' title='bbox 509 1823 806 1891; x_wconf 85' lang='grc' dir='ltr'><strong>ἀπόκρισιν</strong></span> <span class='ocrx_word' id='word_1_127' title='bbox 830 1824 939 1876; x_wconf 83' lang='grc' dir='ltr'><strong>τῶν</strong></span> <span class='ocrx_word' id='word_1_128' title='bbox 989 1826 1190 1895; x_wconf 78' lang='grc' dir='ltr'><strong>ῥητῶν·</strong></span> <span class='ocrx_word' id='word_1_129' title='bbox 1221 1827 1315 1878; x_wconf 76' lang='grc' dir='ltr'><strong>καὶ</strong></span> <span class='ocrx_word' id='word_1_130' title='bbox 1364 1826 1527 1887; x_wconf 79' lang='grc' dir='ltr'><strong>εὐθὺς</strong></span> <span class='ocrx_word' id='word_1_131' title='bbox 1578 1824 1735 1890; x_wconf 82' lang='grc' dir='ltr'><strong>ὀλίγα</strong></span> 
     </span>
    </p>
   </div>
   <div class='ocr_carea' id='block_1_20' title="bbox 156 1911 1732 1988">
    <p class='ocr_par' dir='ltr' id='par_1_20' title="bbox 156 1911 1732 1988">
     <span class='ocr_line' id='line_1_20' title="bbox 156 1911 1732 1988; baseline 0.006 -26"><span class='ocrx_word' id='word_1_132' title='bbox 156 1911 355 1974; x_wconf 78' lang='grc' dir='ltr'><strong>εἰπὼν,</strong></span> <span class='ocrx_word' id='word_1_133' title='bbox 383 1913 621 1966; x_wconf 83' lang='grc' dir='ltr'><strong>Σέκουλα</strong></span> <span class='ocrx_word' id='word_1_134' title='bbox 668 1916 1056 1986; x_wconf 87' lang='grc' dir='ltr'><strong>σεκουλώρουμ</strong></span> <span class='ocrx_word' id='word_1_135' title='bbox 1106 1918 1362 1988; x_wconf 78' lang='grc' dir='ltr'><strong>έσόησας,</strong></span> <span class='ocrx_word' id='word_1_136' title='bbox 1395 1919 1646 1971; x_wconf 90' lang='grc' dir='ltr'><strong>τουτέσιν</strong></span> <span class='ocrx_word' id='word_1_137' title='bbox 1673 1920 1732 1971; x_wconf 78' lang='grc' dir='ltr'>οὐ</span> 
     </span>
    </p>
   </div>
   <div class='ocr_carea' id='block_1_21' title="bbox 159 2005 1738 2081">
    <p class='ocr_par' dir='ltr' id='par_1_21' title="bbox 159 2005 1738 2081">
     <span class='ocr_line' id='line_1_21' title="bbox 159 2005 1738 2081; baseline 0.006 -27"><span class='ocrx_word' id='word_1_138' title='bbox 159 2005 425 2073; x_wconf 85' lang='grc' dir='ltr'><strong>βούλομαι</strong></span> <span class='ocrx_word' id='word_1_139' title='bbox 460 2007 541 2058; x_wconf 77' lang='grc' dir='ltr'><strong>ἔτι</strong></span> <span class='ocrx_word' id='word_1_140' title='bbox 566 2006 765 2075; x_wconf 90' lang='grc' dir='ltr'><strong>λέγειν,</strong></span> <span class='ocrx_word' id='word_1_141' title='bbox 792 2008 944 2071; x_wconf 82' lang='grc' dir='ltr'><strong>τέλος</strong></span> <span class='ocrx_word' id='word_1_142' title='bbox 971 2010 1226 2078; x_wconf 78' lang='grc' dir='ltr'><strong>ἐποίησα.</strong></span> <span class='ocrx_word' id='word_1_143' title='bbox 1260 2010 1424 2066; x_wconf 84' lang='grc' dir='ltr'><strong>Ὅθεν</strong></span> <span class='ocrx_word' id='word_1_144' title='bbox 1456 2012 1550 2064; x_wconf 75' lang='grc' dir='ltr'><strong>καὶ</strong></span> <span class='ocrx_word' id='word_1_145' title='bbox 1576 2014 1604 2064; x_wconf 87' lang='grc' dir='ltr'><strong>ό</strong></span> <span class='ocrx_word' id='word_1_146' title='bbox 1638 2029 1738 2081; x_wconf 86' lang='grc' dir='ltr'><strong>μα-</strong></span> 
     </span>
    </p>
   </div>
   <div class='ocr_carea' id='block_1_22' title="bbox 163 2099 1737 2171">
    <p class='ocr_par' dir='ltr' id='par_1_22' title="bbox 163 2099 1737 2171">
     <span class='ocr_line' id='line_1_22' title="bbox 163 2099 1737 2171; baseline 0.005 -23"><span class='ocrx_word' id='word_1_147' title='bbox 163 2100 508 2166; x_wconf 76' lang='grc' dir='ltr'><strong>καριώτατος</strong></span> <span class='ocrx_word' id='word_1_148' title='bbox 579 2099 811 2163; x_wconf 79' lang='grc' dir='ltr'><strong>πάππας</strong></span> <span class='ocrx_word' id='word_1_149' title='bbox 868 2102 1059 2171; x_wconf 71' lang='grc' dir='ltr'><strong>ἔφησε·</strong></span> <span class='ocrx_word' id='word_1_150' title='bbox 1096 2103 1313 2156; x_wconf 81' lang='grc' dir='ltr'><strong>Δίκαιόν</strong></span> <span class='ocrx_word' id='word_1_151' title='bbox 1366 2104 1558 2168; x_wconf 72' lang='grc' dir='ltr'><strong>ἐστιν,</strong></span> <span class='ocrx_word' id='word_1_152' title='bbox 1614 2103 1737 2156; x_wconf 60' lang='lat' dir='ltr'><strong>tat).</strong></span> 
     </span>
    </p>
   </div>
   <div class='ocr_carea' id='block_1_23' title="bbox 155 2186 1736 2263">
    <p class='ocr_par' dir='ltr' id='par_1_23' title="bbox 155 2186 1736 2263">
     <span class='ocr_line' id='line_1_23' title="bbox 155 2186 1736 2263; baseline 0.004 -23"><span class='ocrx_word' id='word_1_153' title='bbox 155 2186 316 2252; x_wconf 82' lang='grc' dir='ltr'><strong>εἶπες</strong></span> <span class='ocrx_word' id='word_1_154' title='bbox 345 2192 446 2245; x_wconf 86' lang='grc' dir='ltr'><strong>ὅσα</strong></span> <span class='ocrx_word' id='word_1_155' title='bbox 481 2192 733 2262; x_wconf 75' lang='grc' dir='ltr'><strong>ἔχρῃζες,</strong></span> <span class='ocrx_word' id='word_1_156' title='bbox 770 2194 838 2246; x_wconf 80' lang='grc' dir='ltr'><strong>ἵν’</strong></span> <span class='ocrx_word' id='word_1_157' title='bbox 858 2194 1205 2263; x_wconf 75' lang='grc' dir='ltr'><strong>ἀπολογηθῇς</strong></span> <span class='ocrx_word' id='word_1_158' title='bbox 1240 2196 1333 2247; x_wconf 69' lang='grc' dir='ltr'><strong>καὶ</strong></span> <span class='ocrx_word' id='word_1_159' title='bbox 1356 2197 1437 2259; x_wconf 74' lang='grc' dir='ltr'><strong>εἰς</strong></span> <span class='ocrx_word' id='word_1_160' title='bbox 1460 2196 1529 2248; x_wconf 83' lang='grc' dir='ltr'><strong>τά</strong></span> <span class='ocrx_word' id='word_1_161' title='bbox 1549 2195 1736 2248; x_wconf 81' lang='grc' dir='ltr'><strong>τελευ-</strong></span> 
     </span>
    </p>
   </div>
   <div class='ocr_carea' id='block_1_24' title="bbox 153 2284 1735 2359">
    <p class='ocr_par' dir='ltr' id='par_1_24' title="bbox 153 2284 1735 2359">
     <span class='ocr_line' id='line_1_24' title="bbox 153 2284 1735 2359; baseline 0.004 -24"><span class='ocrx_word' id='word_1_162' title='bbox 153 2286 289 2337; x_wconf 81' lang='grc' dir='ltr'><strong>τατα</strong></span> <span class='ocrx_word' id='word_1_163' title='bbox 324 2284 569 2337; x_wconf 81' lang='grc' dir='ltr'><strong>Ἰωάννου</strong></span> <span class='ocrx_word' id='word_1_164' title='bbox 590 2286 685 2339; x_wconf 76' lang='grc' dir='ltr'><strong>τοῦ</strong></span> <span class='ocrx_word' id='word_1_165' title='bbox 711 2288 1166 2356; x_wconf 76' lang='grc' dir='ltr'><strong>προὸιντζιαλίου.</strong></span> <span class='ocrx_word' id='word_1_166' title='bbox 1188 2288 1278 2359; x_wconf 84' lang='grc' dir='ltr'><strong>Μὴ</strong></span> <span class='ocrx_word' id='word_1_167' title='bbox 1296 2288 1539 2349; x_wconf 81' lang='grc' dir='ltr'><strong>θέλοντος</strong></span> <span class='ocrx_word' id='word_1_168' title='bbox 1560 2287 1617 2341; x_wconf 86' lang='grc' dir='ltr'><strong>δέ</strong></span> <span class='ocrx_word' id='word_1_169' title='bbox 1641 2306 1735 2341; x_wconf 91' lang='grc' dir='ltr'><strong>σου</strong></span> 
     </span>
    </p>
   </div>
   <div class='ocr_carea' id='block_1_25' title="bbox 150 2378 1737 2452">
    <p class='ocr_par' dir='ltr' id='par_1_25' title="bbox 150 2378 1737 2452">
     <span class='ocr_line' id='line_1_25' title="bbox 150 2378 1737 2452; baseline 0.003 -21"><span class='ocrx_word' id='word_1_170' title='bbox 150 2378 553 2449; x_wconf 76' lang='grc' dir='ltr'><strong>ἀποκριθῆναι,</strong></span> <span class='ocrx_word' id='word_1_171' title='bbox 576 2380 693 2432; x_wconf 82' lang='grc' dir='ltr'><strong>ἀλλ’</strong></span> <span class='ocrx_word' id='word_1_172' title='bbox 719 2379 1195 2449; x_wconf 69' lang='grc' dir='ltr'><strong>ὀλίγουςοείπόντος</strong></span> <span class='ocrx_word' id='word_1_173' title='bbox 1211 2383 1423 2451; x_wconf 82' lang='grc' dir='ltr'>λόγους,</span> <span class='ocrx_word' id='word_1_174' title='bbox 1442 2382 1737 2452; x_wconf 80' lang='grc' dir='ltr'><strong>στρεϐλοὺς</strong></span> 
     </span>
    </p>
   </div>
   <div class='ocr_carea' id='block_1_26' title="bbox 155 2470 1735 2547">
    <p class='ocr_par' dir='ltr' id='par_1_26' title="bbox 155 2470 1735 2547">
     <span class='ocr_line' id='line_1_26' title="bbox 155 2470 1735 2547; baseline 0.004 -25"><span class='ocrx_word' id='word_1_175' title='bbox 155 2472 260 2522; x_wconf 71' lang='grc' dir='ltr'><strong>καὶ</strong></span> <span class='ocrx_word' id='word_1_176' title='bbox 291 2470 720 2541; x_wconf 75' lang='grc' dir='ltr'><strong>διεφθαρμένους</strong></span> <span class='ocrx_word' id='word_1_177' title='bbox 764 2475 860 2527; x_wconf 82' lang='grc' dir='ltr'><strong>καὶ</strong></span> <span class='ocrx_word' id='word_1_178' title='bbox 909 2473 1015 2541; x_wconf 71' lang='grc' dir='ltr'><strong>ἔξω</strong></span> <span class='ocrx_word' id='word_1_179' title='bbox 1042 2475 1137 2528; x_wconf 82' lang='grc' dir='ltr'><strong>τοῦ</strong></span> <span class='ocrx_word' id='word_1_180' title='bbox 1162 2477 1547 2547; x_wconf 76' lang='grc' dir='ltr'><strong>προκειμένου,</strong></span> <span class='ocrx_word' id='word_1_181' title='bbox 1572 2476 1735 2545; x_wconf 80' lang='grc' dir='ltr'><strong>ἐλύθη</strong></span> 
     </span>
    </p>
   </div>
   <div class='ocr_carea' id='block_1_27' title="bbox 147 2564 1738 2639">
    <p class='ocr_par' dir='ltr' id='par_1_27' title="bbox 147 2564 1738 2639">
     <span class='ocr_line' id='line_1_27' title="bbox 147 2564 1738 2639; baseline 0.004 -25"><span class='ocrx_word' id='word_1_182' title='bbox 147 2564 185 2631; x_wconf 72' lang='grc' dir='ltr'><strong>ἡ</strong></span> <span class='ocrx_word' id='word_1_183' title='bbox 222 2565 563 2629; x_wconf 71' lang='grc' dir='ltr'><strong>συνέλευσις,</strong></span> <span class='ocrx_word' id='word_1_184' title='bbox 585 2568 677 2618; x_wconf 79' lang='grc' dir='ltr'><strong>καὶ</strong></span> <span class='ocrx_word' id='word_1_185' title='bbox 696 2565 858 2619; x_wconf 73' lang='grc' dir='ltr'><strong>πλέον</strong></span> <span class='ocrx_word' id='word_1_186' title='bbox 873 2570 973 2621; x_wconf 70' lang='grc' dir='ltr'><strong>οὐκ</strong></span> <span class='ocrx_word' id='word_1_187' title='bbox 995 2568 1265 2639; x_wconf 76' lang='grc' dir='ltr'><strong>ἠθέλησας</strong></span> <span class='ocrx_word' id='word_1_188' title='bbox 1287 2570 1580 2623; x_wconf 81' lang='grc' dir='ltr'><strong>συνελθεῖν.</strong></span> <span class='ocrx_word' id='word_1_189' title='bbox 1601 2571 1738 2623; x_wconf 80' lang='grc' dir='ltr'><strong>Και-</strong></span> 
     </span>
    </p>
   </div>
   <div class='ocr_carea' id='block_1_28' title="bbox 148 2655 1737 2730">
    <p class='ocr_par' dir='ltr' id='par_1_28' title="bbox 148 2655 1737 2730">
     <span class='ocr_line' id='line_1_28' title="bbox 148 2655 1737 2730; baseline 0.006 -25"><span class='ocrx_word' id='word_1_190' title='bbox 148 2656 250 2707; x_wconf 75' lang='grc' dir='ltr'><strong>νὺν</strong></span> <span class='ocrx_word' id='word_1_191' title='bbox 283 2655 343 2707; x_wconf 85' lang='grc' dir='ltr'><strong>δὲ</strong></span> <span class='ocrx_word' id='word_1_192' title='bbox 373 2656 465 2707; x_wconf 78' lang='grc' dir='ltr'><strong>καὶ</strong></span> <span class='ocrx_word' id='word_1_193' title='bbox 513 2658 967 2728; x_wconf 78' lang='grc' dir='ltr'><strong>ἀπηγορευμένον</strong></span> <span class='ocrx_word' id='word_1_194' title='bbox 1012 2661 1074 2713; x_wconf 77' lang='grc' dir='ltr'><strong>τὸ</strong></span> <span class='ocrx_word' id='word_1_195' title='bbox 1101 2661 1213 2714; x_wconf 86' lang='grc' dir='ltr'><strong>τῶν</strong></span> <span class='ocrx_word' id='word_1_196' title='bbox 1260 2661 1508 2716; x_wconf 75' lang='grc' dir='ltr'><strong>Λατίνων</strong></span> <span class='ocrx_word' id='word_1_197' title='bbox 1558 2663 1737 2730; x_wconf 83' lang='grc' dir='ltr'><strong>δόγμα</strong></span> 
     </span>
    </p>
   </div>
   <div class='ocr_carea' id='block_1_29' title="bbox 142 2748 1740 2820">
    <p class='ocr_par' dir='ltr' id='par_1_29' title="bbox 142 2748 1740 2820">
     <span class='ocr_line' id='line_1_29' title="bbox 142 2748 1740 2820; baseline 0.006 -21"><span class='ocrx_word' id='word_1_198' title='bbox 142 2748 286 2801; x_wconf 67' lang='grc' dir='ltr'><strong>οὔτε</strong></span> <span class='ocrx_word' id='word_1_199' title='bbox 322 2750 429 2818; x_wconf 83' lang='grc' dir='ltr'><strong>μὴν</strong></span> <span class='ocrx_word' id='word_1_200' title='bbox 459 2749 667 2817; x_wconf 76' lang='grc' dir='ltr'><strong>ἔδειξας</strong></span> <span class='ocrx_word' id='word_1_201' title='bbox 690 2750 813 2805; x_wconf 76' lang='grc' dir='ltr'><strong>οὔτε</strong></span> <span class='ocrx_word' id='word_1_202' title='bbox 847 2754 1043 2819; x_wconf 75' lang='grc' dir='ltr'><strong>δείξεις</strong></span> <span class='ocrx_word' id='word_1_203' title='bbox 1077 2755 1231 2820; x_wconf 84' lang='grc' dir='ltr'><strong>ποτὲ,</strong></span> <span class='ocrx_word' id='word_1_204' title='bbox 1268 2754 1391 2807; x_wconf 78' lang='grc' dir='ltr'><strong>οὔτε</strong></span> <span class='ocrx_word' id='word_1_205' title='bbox 1418 2758 1482 2811; x_wconf 80' lang='grc' dir='ltr'><strong>σὺ</strong></span> <span class='ocrx_word' id='word_1_206' title='bbox 1508 2756 1624 2809; x_wconf 78' lang='grc' dir='ltr'><strong>οὔτ’</strong></span> <span class='ocrx_word' id='word_1_207' title='bbox 1645 2757 1740 2809; x_wconf 79' lang='grc' dir='ltr'><strong>ἀλ-</strong></span> 
     </span>
    </p>
   </div>
   <div class='ocr_carea' id='block_1_30' title="bbox 145 2841 1738 2919">
    <p class='ocr_par' dir='ltr' id='par_1_30' title="bbox 145 2841 1738 2919">
     <span class='ocr_line' id='line_1_30' title="bbox 145 2841 1738 2919; baseline 0.008 -28"><span class='ocrx_word' id='word_1_208' title='bbox 145 2841 246 2903; x_wconf 80' lang='grc' dir='ltr'><strong>λος</strong></span> <span class='ocrx_word' id='word_1_209' title='bbox 280 2858 368 2900; x_wconf 87' lang='grc' dir='ltr'><strong>τις</strong></span> <span class='ocrx_word' id='word_1_210' title='bbox 405 2842 735 2913; x_wconf 76' lang='grc' dir='ltr'><strong>ὑψηλότερός</strong></span> <span class='ocrx_word' id='word_1_211' title='bbox 763 2862 856 2897; x_wconf 90' lang='grc' dir='ltr'><strong>σου</strong></span> <span class='ocrx_word' id='word_1_212' title='bbox 889 2847 983 2900; x_wconf 73' lang='grc' dir='ltr'><strong>καὶ</strong></span> <span class='ocrx_word' id='word_1_213' title='bbox 1028 2847 1376 2919; x_wconf 72' lang='grc' dir='ltr'><strong>λογιώτερος*</strong></span> <span class='ocrx_word' id='word_1_214' title='bbox 1414 2849 1580 2901; x_wconf 85' lang='grc' dir='ltr'><strong>ὅτιού</strong></span> <span class='ocrx_word' id='word_1_215' title='bbox 1617 2867 1738 2903; x_wconf 86' lang='grc' dir='ltr'><strong>και-</strong></span> 
     </span>
    </p>
   </div>
   <div class='ocr_carea' id='block_1_31' title="bbox 142 2934 1773 3013">
    <p class='ocr_par' dir='ltr' id='par_1_31' title="bbox 142 2934 1773 3013">
     <span class='ocr_line' id='line_1_31' title="bbox 142 2934 1773 3013; baseline 0.006 -29"><span class='ocrx_word' id='word_1_216' title='bbox 142 2934 247 2987; x_wconf 85' lang='grc' dir='ltr'><strong>νὸν</strong></span> <span class='ocrx_word' id='word_1_217' title='bbox 273 2934 438 2986; x_wconf 75' lang='grc' dir='ltr'><strong>τοῦτο</strong></span> <span class='ocrx_word' id='word_1_218' title='bbox 461 2936 522 2987; x_wconf 81' lang='grc' dir='ltr'><strong>τὸ</strong></span> <span class='ocrx_word' id='word_1_219' title='bbox 550 2935 727 3007; x_wconf 85' lang='grc' dir='ltr'><strong>δόγμα</strong></span> <span class='ocrx_word' id='word_1_220' title='bbox 751 2938 1011 3009; x_wconf 83' lang='grc' dir='ltr'><strong>ὑπάρχει,</strong></span> <span class='ocrx_word' id='word_1_221' title='bbox 1045 2940 1161 2993; x_wconf 79' lang='grc' dir='ltr'><strong>ἀλλ’</strong></span> <span class='ocrx_word' id='word_1_222' title='bbox 1191 2941 1299 2994; x_wconf 83' lang='grc' dir='ltr'><strong>ἀπὸ</strong></span> <span class='ocrx_word' id='word_1_223' title='bbox 1351 2940 1450 3009; x_wconf 82' lang='grc' dir='ltr'><strong>τῆς</strong></span> <span class='ocrx_word' id='word_1_224' title='bbox 1480 2941 1737 3013; x_wconf 77' lang='grc' dir='ltr'><strong>δευτέρας</strong></span> <span class='ocrx_word' id='word_1_225' title='bbox 1771 2991 1773 2994; x_wconf 18' lang='grc' dir='ltr'><strong>ι</strong></span> 
     </span>
    </p>
   </div>
   <div class='ocr_carea' id='block_1_32' title="bbox 146 3027 1742 3104">
    <p class='ocr_par' dir='ltr' id='par_1_32' title="bbox 146 3027 1742 3104">
     <span class='ocr_line' id='line_1_32' title="bbox 146 3027 1742 3104; baseline 0.006 -26"><span class='ocrx_word' id='word_1_226' title='bbox 146 3027 391 3082; x_wconf 84' lang='grc' dir='ltr'><strong>συνόδου</strong></span> <span class='ocrx_word' id='word_1_227' title='bbox 421 3029 538 3080; x_wconf 71' lang='grc' dir='ltr'><strong>ἔστί</strong></span> <span class='ocrx_word' id='word_1_228' title='bbox 569 3046 627 3082; x_wconf 84' lang='grc' dir='ltr'><strong>τε</strong></span> <span class='ocrx_word' id='word_1_229' title='bbox 658 3031 752 3082; x_wconf 76' lang='grc' dir='ltr'><strong>καὶ</strong></span> <span class='ocrx_word' id='word_1_230' title='bbox 786 3031 1053 3100; x_wconf 80' lang='grc' dir='ltr'><strong>ψάλλεται</strong></span> <span class='ocrx_word' id='word_1_231' title='bbox 1083 3034 1141 3084; x_wconf 84' lang='grc' dir='ltr'><strong>ὲν</strong></span> <span class='ocrx_word' id='word_1_232' title='bbox 1164 3035 1231 3103; x_wconf 79' lang='grc' dir='ltr'><strong>τῇ</strong></span> <span class='ocrx_word' id='word_1_233' title='bbox 1292 3034 1573 3104; x_wconf 86' lang='grc' dir='ltr'><strong>Ῥωμαῖκῇ</strong></span> <span class='ocrx_word' id='word_1_234' title='bbox 1622 3036 1742 3087; x_wconf 81' lang='grc' dir='ltr'><strong>Ἐκ-</strong></span> 
     </span>
    </p>
   </div>
   <div class='ocr_carea' id='block_1_33' title="bbox 139 3122 1741 3196">
    <p class='ocr_par' dir='ltr' id='par_1_33' title="bbox 139 3122 1741 3196">
     <span class='ocr_line' id='line_1_33' title="bbox 139 3122 1741 3196; baseline 0.002 -21"><span class='ocrx_word' id='word_1_235' title='bbox 139 3122 395 3192; x_wconf 65' lang='grc' dir='ltr'><strong>πλησία.⁸</strong></span> <span class='ocrx_word' id='word_1_236' title='bbox 425 3122 548 3176; x_wconf 78' lang='grc' dir='ltr'><strong>οὐδὲ</strong></span> <span class='ocrx_word' id='word_1_237' title='bbox 575 3124 863 3177; x_wconf 88' lang='grc' dir='ltr'><strong>Λατινικόν</strong></span> <span class='ocrx_word' id='word_1_238' title='bbox 887 3127 1002 3177; x_wconf 85' lang='grc' dir='ltr'><strong>ὲστι</strong></span> <span class='ocrx_word' id='word_1_239' title='bbox 1031 3125 1063 3193; x_wconf 77' lang='grc' dir='ltr'>ἢ</span> <span class='ocrx_word' id='word_1_240' title='bbox 1098 3125 1415 3196; x_wconf 82' lang='grc' dir='ltr'><strong>Γραικικὸν,</strong></span> <span class='ocrx_word' id='word_1_241' title='bbox 1452 3126 1513 3178; x_wconf 81' lang='grc' dir='ltr'>οὐ</span> <span class='ocrx_word' id='word_1_242' title='bbox 1550 3126 1657 3194; x_wconf 89' lang='grc' dir='ltr'><strong>γάρ</strong></span> <span class='ocrx_word' id='word_1_243' title='bbox 1685 3129 1741 3179; x_wconf 78' lang='grc' dir='ltr'><strong>ὲν</strong></span> 
     </span>
    </p>
   </div>
   <div class='ocr_carea' id='block_1_34' title="bbox 1833 618 3411 693">
    <p class='ocr_par' dir='ltr' id='par_1_34' title="bbox 1833 618 3411 693">
     <span class='ocr_line' id='line_1_34' title="bbox 1833 618 3411 693; baseline -0.002 -18"><span class='ocrx_word' id='word_1_244' title='bbox 1833 621 2019 677; x_wconf 76' lang='lat' dir='ltr'><strong>Basilii</strong></span> <span class='ocrx_word' id='word_1_245' title='bbox 2054 622 2231 693; x_wconf 83' lang='lat' dir='ltr'><strong>Magni</strong></span> <span class='ocrx_word' id='word_1_246' title='bbox 2278 622 2509 684; x_wconf 88' lang='lat' dir='ltr'><strong>dictum,</strong></span> <span class='ocrx_word' id='word_1_247' title='bbox 2560 631 2613 675; x_wconf 87' lang='lat' dir='ltr'><strong>et</strong></span> <span class='ocrx_word' id='word_1_248' title='bbox 2669 631 2721 674; x_wconf 87' lang='grc' dir='ltr'><strong>ιιι</strong></span> <span class='ocrx_word' id='word_1_249' title='bbox 2754 619 2857 673; x_wconf 87' lang='lat' dir='ltr'><strong>alia</strong></span> <span class='ocrx_word' id='word_1_250' title='bbox 2893 619 2946 672; x_wconf 91' lang='lat' dir='ltr'><strong>in</strong></span> <span class='ocrx_word' id='word_1_251' title='bbox 2980 618 3218 671; x_wconf 86' lang='lat' dir='ltr'><strong>medium</strong></span> <span class='ocrx_word' id='word_1_252' title='bbox 3250 634 3411 685; x_wconf 80' lang='lat' dir='ltr'><strong>argu-</strong></span> 
     </span>
    </p>
   </div>
   <div class='ocr_carea' id='block_1_35' title="bbox 1833 711 3411 782">
    <p class='ocr_par' dir='ltr' id='par_1_35' title="bbox 1833 711 3411 782">
     <span class='ocr_line' id='line_1_35' title="bbox 1833 711 3411 782; baseline -0.003 -15"><span class='ocrx_word' id='word_1_253' title='bbox 1833 723 2019 768; x_wconf 90' lang='lat' dir='ltr'><strong>menta</strong></span> <span class='ocrx_word' id='word_1_254' title='bbox 2050 714 2348 782; x_wconf 74' lang='lat' dir='ltr'><strong>protulisti,</strong></span> <span class='ocrx_word' id='word_1_255' title='bbox 2375 723 2429 766; x_wconf 90' lang='lat' dir='ltr'><strong>et</strong></span> <span class='ocrx_word' id='word_1_256' title='bbox 2456 711 2559 765; x_wconf 88' lang='lat' dir='ltr'><strong>alia</strong></span> <span class='ocrx_word' id='word_1_257' title='bbox 2591 720 2745 766; x_wconf 82' lang='lat' dir='ltr'><strong>extra</strong></span> <span class='ocrx_word' id='word_1_258' title='bbox 2776 727 2889 765; x_wconf 86' lang='lat' dir='ltr'><strong>rem</strong></span> <span class='ocrx_word' id='word_1_259' title='bbox 2911 711 3088 780; x_wconf 80' lang='lat' dir='ltr'><strong>capita</strong></span> <span class='ocrx_word' id='word_1_260' title='bbox 3114 711 3180 764; x_wconf 91' lang='lat' dir='ltr'><strong>ad</strong></span> <span class='ocrx_word' id='word_1_261' title='bbox 3212 712 3411 765; x_wconf 84' lang='lat' dir='ltr'><strong>docen-</strong></span> 
     </span>
    </p>
   </div>
   <div class='ocr_carea' id='block_1_36' title="bbox 1831 801 3408 873">
    <p class='ocr_par' dir='ltr' id='par_1_36' title="bbox 1831 801 3408 873">
     <span class='ocr_line' id='line_1_36' title="bbox 1831 801 3408 873; baseline -0.001 -14"><span class='ocrx_word' id='word_1_262' title='bbox 1831 805 1948 869; x_wconf 89' lang='lat' dir='ltr'><strong>dos,</strong></span> <span class='ocrx_word' id='word_1_263' title='bbox 1982 815 2041 859; x_wconf 95' lang='lat' dir='ltr'><strong>ut</strong></span> <span class='ocrx_word' id='word_1_264' title='bbox 2075 807 2297 867; x_wconf 85' lang='lat' dir='ltr'><strong>videris,</strong></span> <span class='ocrx_word' id='word_1_265' title='bbox 2328 805 2627 858; x_wconf 83' lang='lat' dir='ltr'><strong>auditores.</strong></span> <span class='ocrx_word' id='word_1_266' title='bbox 2654 804 2970 858; x_wconf 87' lang='lat' dir='ltr'><strong>Sermonem</strong></span> <span class='ocrx_word' id='word_1_267' title='bbox 2998 819 3127 873; x_wconf 89' lang='lat' dir='ltr'><strong>ergo</strong></span> <span class='ocrx_word' id='word_1_268' title='bbox 3149 801 3408 871; x_wconf 90' lang='lat' dir='ltr'><strong>protrahe</strong></span> 
     </span>
    </p>
   </div>
   <div class='ocr_carea' id='block_1_37' title="bbox 1831 895 3409 967">
    <p class='ocr_par' dir='ltr' id='par_1_37' title="bbox 1831 895 3409 967">
     <span class='ocr_line' id='line_1_37' title="bbox 1831 895 3409 967; baseline -0.003 -17"><span class='ocrx_word' id='word_1_269' title='bbox 1831 906 2093 967; x_wconf 90' lang='lat' dir='ltr'><strong>quantum</strong></span> <span class='ocrx_word' id='word_1_270' title='bbox 2124 897 2366 958; x_wconf 84' lang='lat' dir='ltr'><strong>libuerit,</strong></span> <span class='ocrx_word' id='word_1_271' title='bbox 2408 909 2535 949; x_wconf 88' lang='lat' dir='ltr'><strong>nam</strong></span> <span class='ocrx_word' id='word_1_272' title='bbox 2566 910 2667 964; x_wconf 88' lang='lat' dir='ltr'><strong>ego</strong></span> <span class='ocrx_word' id='word_1_273' title='bbox 2722 896 2816 949; x_wconf 89' lang='lat' dir='ltr'><strong>tibi</strong></span> <span class='ocrx_word' id='word_1_274' title='bbox 2855 895 3025 963; x_wconf 83' lang='lat' dir='ltr'><strong>legem</strong></span> <span class='ocrx_word' id='word_1_275' title='bbox 3075 909 3277 964; x_wconf 92' lang='lat' dir='ltr'><strong>ponere</strong></span> <span class='ocrx_word' id='word_1_276' title='bbox 3304 910 3409 948; x_wconf 92' lang='lat' dir='ltr'><strong>non</strong></span> 
     </span>
    </p>
   </div>
   <div class='ocr_carea' id='block_1_38' title="bbox 1832 987 3408 1061">
    <p class='ocr_par' dir='ltr' id='par_1_38' title="bbox 1832 987 3408 1061">
     <span class='ocr_line' id='line_1_38' title="bbox 1832 987 3408 1061; baseline -0.004 -16"><span class='ocrx_word' id='word_1_277' title='bbox 1832 1006 2097 1061; x_wconf 89' lang='lat' dir='ltr'><strong>possum,</strong></span> <span class='ocrx_word' id='word_1_278' title='bbox 2151 990 2248 1045; x_wconf 79' lang='lat' dir='ltr'><strong>sed</strong></span> <span class='ocrx_word' id='word_1_279' title='bbox 2307 989 2609 1056; x_wconf 82' lang='lat' dir='ltr'><strong>imperator</strong></span> <span class='ocrx_word' id='word_1_280' title='bbox 2686 990 3106 1043; x_wconf 81' lang='lat' dir='ltr'><strong>serenissimus.</strong></span> <span class='ocrx_word' id='word_1_281' title='bbox 3174 987 3408 1042; x_wconf 84' lang='lat' dir='ltr'><strong>Servabo</strong></span> 
     </span>
    </p>
   </div>
   <div class='ocr_carea' id='block_1_39' title="bbox 1837 1080 3404 1151">
    <p class='ocr_par' dir='ltr' id='par_1_39' title="bbox 1837 1080 3404 1151">
     <span class='ocr_line' id='line_1_39' title="bbox 1837 1080 3404 1151; baseline -0.004 -14"><span class='ocrx_word' id='word_1_282' title='bbox 1837 1093 2017 1137; x_wconf 80' lang='lat' dir='ltr'><strong>tamen</strong></span> <span class='ocrx_word' id='word_1_283' title='bbox 2071 1083 2188 1151; x_wconf 89' lang='lat' dir='ltr'><strong>ipse</strong></span> <span class='ocrx_word' id='word_1_284' title='bbox 2246 1081 2570 1135; x_wconf 84' lang='lat' dir='ltr'><strong>modestiam</strong></span> <span class='ocrx_word' id='word_1_285' title='bbox 2624 1091 2677 1134; x_wconf 92' lang='lat' dir='ltr'><strong>et</strong></span> <span class='ocrx_word' id='word_1_286' title='bbox 2726 1080 3116 1148; x_wconf 91' lang='lat' dir='ltr'><strong>disputationis</strong></span> <span class='ocrx_word' id='word_1_287' title='bbox 3146 1080 3404 1140; x_wconf 86' lang='lat' dir='ltr'><strong>modum,</strong></span> 
     </span>
    </p>
   </div>
   <div class='ocr_carea' id='block_1_40' title="bbox 1838 1171 3406 1243">
    <p class='ocr_par' dir='ltr' id='par_1_40' title="bbox 1838 1171 3406 1243">
     <span class='ocr_line' id='line_1_40' title="bbox 1838 1171 3406 1243; baseline -0.003 -14"><span class='ocrx_word' id='word_1_288' title='bbox 1838 1190 2017 1243; x_wconf 87' lang='lat' dir='ltr'><strong>neque</strong></span> <span class='ocrx_word' id='word_1_289' title='bbox 2042 1175 2211 1230; x_wconf 88' lang='lat' dir='ltr'><strong>uilurn</strong></span> <span class='ocrx_word' id='word_1_290' title='bbox 2253 1175 2319 1228; x_wconf 86' lang='lat' dir='ltr'><strong>ad</strong></span> <span class='ocrx_word' id='word_1_291' title='bbox 2351 1188 2693 1243; x_wconf 60' lang='lat' dir='ltr'><strong>quaecunque</strong></span> <span class='ocrx_word' id='word_1_292' title='bbox 2725 1174 2861 1227; x_wconf 88' lang='lat' dir='ltr'><strong>dicis</strong></span> <span class='ocrx_word' id='word_1_293' title='bbox 2886 1186 3206 1241; x_wconf 83' lang='lat' dir='ltr'><strong>responsum</strong></span> <span class='ocrx_word' id='word_1_294' title='bbox 3244 1171 3406 1231; x_wconf 88' lang='lat' dir='ltr'><strong>dabo.</strong></span> 
     </span>
    </p>
   </div>
   <div class='ocr_carea' id='block_1_41' title="bbox 1832 1263 3405 1336">
    <p class='ocr_par' dir='ltr' id='par_1_41' title="bbox 1832 1263 3405 1336">
     <span class='ocr_line' id='line_1_41' title="bbox 1832 1263 3405 1336; baseline -0.003 -15"><span class='ocrx_word' id='word_1_295' title='bbox 1832 1268 2003 1321; x_wconf 89' lang='lat' dir='ltr'><strong>donec</strong></span> <span class='ocrx_word' id='word_1_296' title='bbox 2033 1266 2344 1321; x_wconf 79' lang='lat' dir='ltr'><strong>satisfacias</strong></span> <span class='ocrx_word' id='word_1_297' title='bbox 2377 1283 2442 1321; x_wconf 90' lang='lat' dir='ltr'><strong>eo</strong></span> <span class='ocrx_word' id='word_1_298' title='bbox 2476 1280 2584 1336; x_wconf 92' lang='lat' dir='ltr'><strong>quo</strong></span> <span class='ocrx_word' id='word_1_299' title='bbox 2615 1266 2820 1335; x_wconf 85' lang='lat' dir='ltr'><strong>prolata</strong></span> <span class='ocrx_word' id='word_1_300' title='bbox 2866 1273 2994 1318; x_wconf 90' lang='lat' dir='ltr'><strong>sunt</strong></span> <span class='ocrx_word' id='word_1_301' title='bbox 3021 1264 3210 1318; x_wconf 84' lang='lat' dir='ltr'><strong>ordine</strong></span> <span class='ocrx_word' id='word_1_302' title='bbox 3239 1263 3405 1327; x_wconf 86' lang='lat' dir='ltr'><strong>dicta,</strong></span> 
     </span>
    </p>
   </div>
   <div class='ocr_carea' id='block_1_42' title="bbox 1832 1357 3407 1428">
    <p class='ocr_par' dir='ltr' id='par_1_42' title="bbox 1832 1357 3407 1428">
     <span class='ocr_line' id='line_1_42' title="bbox 1832 1357 3407 1428; baseline -0.005 -14"><span class='ocrx_word' id='word_1_303' title='bbox 1832 1371 1885 1415; x_wconf 93' lang='lat' dir='ltr'><strong>et</strong></span> <span class='ocrx_word' id='word_1_304' title='bbox 1903 1362 2192 1414; x_wconf 84' lang='lat' dir='ltr'><strong>observata</strong></span> <span class='ocrx_word' id='word_1_305' title='bbox 2212 1360 2349 1428; x_wconf 88' lang='lat' dir='ltr'><strong>lege,</strong></span> <span class='ocrx_word' id='word_1_306' title='bbox 2369 1374 2473 1428; x_wconf 93' lang='lat' dir='ltr'><strong>qua</strong></span> <span class='ocrx_word' id='word_1_307' title='bbox 2494 1358 2919 1428; x_wconf 89' lang='lat' dir='ltr'><strong>disputationem</strong></span> <span class='ocrx_word' id='word_1_308' title='bbox 2939 1373 3129 1412; x_wconf 84' lang='lat' dir='ltr'><strong>sumus</strong></span> <span class='ocrx_word' id='word_1_309' title='bbox 3147 1357 3407 1425; x_wconf 77' lang='lat' dir='ltr'><strong>aggressi,</strong></span> 
     </span>
    </p>
   </div>
   <div class='ocr_carea' id='block_1_43' title="bbox 1834 1447 3407 1515">
    <p class='ocr_par' dir='ltr' id='par_1_43' title="bbox 1834 1447 3407 1515">
     <span class='ocr_line' id='line_1_43' title="bbox 1834 1447 3407 1515; baseline -0.003 -12"><span class='ocrx_word' id='word_1_310' title='bbox 1834 1459 1891 1505; x_wconf 92' lang='lat' dir='ltr'><strong>ut</strong></span> <span class='ocrx_word' id='word_1_311' title='bbox 1920 1450 2209 1515; x_wconf 83' lang='lat' dir='ltr'><strong>explanate</strong></span> <span class='ocrx_word' id='word_1_312' title='bbox 2241 1464 2350 1504; x_wconf 94' lang='lat' dir='ltr'><strong>nno</strong></span> <span class='ocrx_word' id='word_1_313' title='bbox 2382 1459 2724 1505; x_wconf 85' lang='lat' dir='ltr'><strong>transeamus</strong></span> <span class='ocrx_word' id='word_1_314' title='bbox 2750 1450 2815 1503; x_wconf 89' lang='lat' dir='ltr'><strong>ad</strong></span> <span class='ocrx_word' id='word_1_315' title='bbox 2866 1448 3033 1502; x_wconf 84' lang='lat' dir='ltr'><strong>aliud.</strong></span> <span class='ocrx_word' id='word_1_316' title='bbox 3090 1447 3302 1513; x_wconf 83' lang='lat' dir='ltr'><strong>Quibus</strong></span> <span class='ocrx_word' id='word_1_317' title='bbox 3351 1460 3407 1500; x_wconf 88' lang='lat' dir='ltr'><strong>tu</strong></span> 
     </span>
    </p>
   </div>
   <div class='ocr_carea' id='block_1_44' title="bbox 1833 1538 3412 1611">
    <p class='ocr_par' dir='ltr' id='par_1_44' title="bbox 1833 1538 3412 1611">
     <span class='ocr_line' id='line_1_44' title="bbox 1833 1538 3412 1611; baseline -0.004 -14"><span class='ocrx_word' id='word_1_318' title='bbox 1833 1543 2037 1598; x_wconf 91' lang='lat' dir='ltr'><strong>auditis</strong></span> <span class='ocrx_word' id='word_1_319' title='bbox 2073 1551 2295 1611; x_wconf 91' lang='lat' dir='ltr'><strong>stupore</strong></span> <span class='ocrx_word' id='word_1_320' title='bbox 2330 1556 2629 1611; x_wconf 83' lang='lat' dir='ltr'><strong>oppressus</strong></span> <span class='ocrx_word' id='word_1_321' title='bbox 2663 1557 2746 1604; x_wconf 86' lang='lat' dir='ltr'><strong>es,</strong></span> <span class='ocrx_word' id='word_1_322' title='bbox 2778 1549 2833 1594; x_wconf 90' lang='lat' dir='ltr'><strong>et</strong></span> <span class='ocrx_word' id='word_1_323' title='bbox 2863 1550 3088 1594; x_wconf 86' lang='lat' dir='ltr'><strong>coactus</strong></span> <span class='ocrx_word' id='word_1_324' title='bbox 3142 1538 3412 1593; x_wconf 86' lang='lat' dir='ltr'><strong>devenisti</strong></span> 
     </span>
    </p>
   </div>
   <div class='ocr_carea' id='block_1_45' title="bbox 1835 1634 3398 1705">
    <p class='ocr_par' dir='ltr' id='par_1_45' title="bbox 1835 1634 3398 1705">
     <span class='ocr_line' id='line_1_45' title="bbox 1835 1634 3398 1705; baseline -0.004 -14"><span class='ocrx_word' id='word_1_325' title='bbox 1835 1637 1901 1691; x_wconf 92' lang='lat' dir='ltr'><strong>ad</strong></span> <span class='ocrx_word' id='word_1_326' title='bbox 1932 1636 2205 1690; x_wconf 84' lang='lat' dir='ltr'><strong>concisam</strong></span> <span class='ocrx_word' id='word_1_327' title='bbox 2238 1636 2602 1705; x_wconf 81' lang='lat' dir='ltr'><strong>interrogandi</strong></span> <span class='ocrx_word' id='word_1_328' title='bbox 2632 1647 2686 1689; x_wconf 89' lang='lat' dir='ltr'><strong>et</strong></span> <span class='ocrx_word' id='word_1_329' title='bbox 2710 1634 3071 1702; x_wconf 89' lang='lat' dir='ltr'><strong>respondendi</strong></span> <span class='ocrx_word' id='word_1_330' title='bbox 3110 1635 3398 1687; x_wconf 85' lang='lat' dir='ltr'><strong>rationem.</strong></span> 
     </span>
    </p>
   </div>
   <div class='ocr_carea' id='block_1_46' title="bbox 1840 1724 3412 1794">
    <p class='ocr_par' dir='ltr' id='par_1_46' title="bbox 1840 1724 3412 1794">
     <span class='ocr_line' id='line_1_46' title="bbox 1840 1724 3412 1794; baseline -0.003 -13"><span class='ocrx_word' id='word_1_331' title='bbox 1840 1727 2070 1782; x_wconf 84' lang='lat' dir='ltr'><strong>Proinde</strong></span> <span class='ocrx_word' id='word_1_332' title='bbox 2106 1727 2295 1794; x_wconf 91' lang='lat' dir='ltr'><strong>paucis</strong></span> <span class='ocrx_word' id='word_1_333' title='bbox 2327 1728 2489 1781; x_wconf 90' lang='lat' dir='ltr'><strong>dictis</strong></span> <span class='ocrx_word' id='word_1_334' title='bbox 2522 1726 2877 1781; x_wconf 81' lang='lat' dir='ltr'><strong>exclamasti:</strong></span> <span class='ocrx_word' id='word_1_335' title='bbox 2932 1724 3140 1779; x_wconf 77' lang='lat' dir='ltr'><strong>Saecula</strong></span> <span class='ocrx_word' id='word_1_336' title='bbox 3184 1725 3412 1779; x_wconf 70' lang='lat' dir='ltr'><strong>saeculo-</strong></span> 
     </span>
    </p>
   </div>
   <div class='ocr_carea' id='block_1_47' title="bbox 1840 1817 3409 1887">
    <p class='ocr_par' dir='ltr' id='par_1_47' title="bbox 1840 1817 3409 1887">
     <span class='ocr_line' id='line_1_47' title="bbox 1840 1817 3409 1887; baseline -0.001 -15"><span class='ocrx_word' id='word_1_337' title='bbox 1840 1835 1997 1884; x_wconf 90' lang='lat' dir='ltr'><strong>rum,</strong></span> <span class='ocrx_word' id='word_1_338' title='bbox 2037 1821 2137 1873; x_wconf 81' lang='lat' dir='ltr'><strong>ltoc</strong></span> <span class='ocrx_word' id='word_1_339' title='bbox 2167 1832 2272 1884; x_wconf 91' lang='lat' dir='ltr'><strong>est,</strong></span> <span class='ocrx_word' id='word_1_340' title='bbox 2300 1819 2425 1871; x_wconf 92' lang='lat' dir='ltr'><strong>nolo</strong></span> <span class='ocrx_word' id='word_1_341' title='bbox 2448 1820 2586 1872; x_wconf 87' lang='lat' dir='ltr'><strong>ultra</strong></span> <span class='ocrx_word' id='word_1_342' title='bbox 2608 1818 2889 1887; x_wconf 73' lang='lat' dir='ltr'><strong>disputare</strong></span> <span class='ocrx_word' id='word_1_343' title='bbox 2914 1835 2927 1883; x_wconf 91' lang='lat'><strong>;</strong></span> <span class='ocrx_word' id='word_1_344' title='bbox 2956 1818 3066 1887; x_wconf 91' lang='lat' dir='ltr'><strong>jam</strong></span> <span class='ocrx_word' id='word_1_345' title='bbox 3089 1817 3409 1871; x_wconf 82' lang='lat' dir='ltr'><strong>feciﬁnern.</strong></span> 
     </span>
    </p>
   </div>
   <div class='ocr_carea' id='block_1_48' title="bbox 1841 1908 3416 1980">
    <p class='ocr_par' dir='ltr' id='par_1_48' title="bbox 1841 1908 3416 1980">
     <span class='ocr_line' id='line_1_48' title="bbox 1841 1908 3416 1980; baseline -0.002 -13"><span class='ocrx_word' id='word_1_346' title='bbox 1841 1914 2206 1979; x_wconf 81' lang='lat' dir='ltr'><strong>Quamobrem</strong></span> <span class='ocrx_word' id='word_1_347' title='bbox 2237 1912 2587 1967; x_wconf 87' lang='lat' dir='ltr'><strong>beatissimus</strong></span> <span class='ocrx_word' id='word_1_348' title='bbox 2639 1924 2775 1980; x_wconf 81' lang='lat' dir='ltr'><strong>papa</strong></span> <span class='ocrx_word' id='word_1_349' title='bbox 2827 1909 2998 1964; x_wconf 84' lang='lat' dir='ltr'><strong>dixit:</strong></span> <span class='ocrx_word' id='word_1_350' title='bbox 3035 1908 3272 1978; x_wconf 66' lang='lat' dir='ltr'><strong>Equum</strong></span> <span class='ocrx_word' id='word_1_351' title='bbox 3304 1919 3416 1974; x_wconf 84' lang='lat' dir='ltr'><strong>est,</strong></span> 
     </span>
    </p>
   </div>
   <div class='ocr_carea' id='block_1_49' title="bbox 1839 2000 3419 2075">
    <p class='ocr_par' dir='ltr' id='par_1_49' title="bbox 1839 2000 3419 2075">
     <span class='ocr_line' id='line_1_49' title="bbox 1839 2000 3419 2075; baseline -0.004 -16"><span class='ocrx_word' id='word_1_352' title='bbox 1839 2014 1900 2059; x_wconf 94' lang='lat' dir='ltr'><strong>ut</strong></span> <span class='ocrx_word' id='word_1_353' title='bbox 1929 2007 2146 2075; x_wconf 88' lang='lat' dir='ltr'><strong>quando</strong></span> <span class='ocrx_word' id='word_1_354' title='bbox 2177 2014 2230 2059; x_wconf 88' lang='lat' dir='ltr'><strong>tu</strong></span> <span class='ocrx_word' id='word_1_355' title='bbox 2268 2019 2389 2073; x_wconf 84' lang='lat' dir='ltr'><strong>quae</strong></span> <span class='ocrx_word' id='word_1_356' title='bbox 2447 2004 2503 2058; x_wconf 89' lang='lat' dir='ltr'><strong>in</strong></span> <span class='ocrx_word' id='word_1_357' title='bbox 2537 2018 2648 2057; x_wconf 90' lang='lat' dir='ltr'><strong>rem</strong></span> <span class='ocrx_word' id='word_1_358' title='bbox 2693 2013 2841 2056; x_wconf 89' lang='lat' dir='ltr'><strong>tuam</strong></span> <span class='ocrx_word' id='word_1_359' title='bbox 2878 2008 3033 2056; x_wconf 87' lang='lat' dir='ltr'><strong>erant</strong></span> <span class='ocrx_word' id='word_1_360' title='bbox 3084 2000 3299 2063; x_wconf 82' lang='lat' dir='ltr'><strong>dixisti,</strong></span> <span class='ocrx_word' id='word_1_361' title='bbox 3331 2017 3419 2054; x_wconf 81' lang='lat' dir='ltr'><strong>re—</strong></span> 
     </span>
    </p>
   </div>
   <div class='ocr_carea' id='block_1_50' title="bbox 1839 2093 3417 2168">
    <p class='ocr_par' dir='ltr' id='par_1_50' title="bbox 1839 2093 3417 2168">
     <span class='ocr_line' id='line_1_50' title="bbox 1839 2093 3417 2168; baseline -0.003 -14"><span class='ocrx_word' id='word_1_362' title='bbox 1839 2098 2107 2168; x_wconf 84' lang='lat' dir='ltr'><strong>spondeas</strong></span> <span class='ocrx_word' id='word_1_363' title='bbox 2137 2099 2299 2152; x_wconf 90' lang='lat' dir='ltr'><strong>etiam</strong></span> <span class='ocrx_word' id='word_1_364' title='bbox 2335 2097 2401 2153; x_wconf 87' lang='lat' dir='ltr'><strong>ad</strong></span> <span class='ocrx_word' id='word_1_365' title='bbox 2432 2112 2493 2150; x_wconf 91' lang='lat' dir='ltr'><strong>ea</strong></span> <span class='ocrx_word' id='word_1_366' title='bbox 2543 2111 2664 2164; x_wconf 64' lang='lat' dir='ltr'><strong>qua:</strong></span> <span class='ocrx_word' id='word_1_367' title='bbox 2698 2106 2976 2163; x_wconf 89' lang='lat' dir='ltr'><strong>postremo</strong></span> <span class='ocrx_word' id='word_1_368' title='bbox 3013 2094 3149 2150; x_wconf 82' lang='lat' dir='ltr'><strong>dixit</strong></span> <span class='ocrx_word' id='word_1_369' title='bbox 3175 2093 3417 2149; x_wconf 81' lang='lat' dir='ltr'><strong>Joannes</strong></span> 
     </span>
    </p>
   </div>
   <div class='ocr_carea' id='block_1_51' title="bbox 1838 2187 3414 2262">
    <p class='ocr_par' dir='ltr' id='par_1_51' title="bbox 1838 2187 3414 2262">
     <span class='ocr_line' id='line_1_51' title="bbox 1838 2187 3414 2262; baseline -0.004 -17"><span class='ocrx_word' id='word_1_370' title='bbox 1838 2191 2211 2262; x_wconf 82' lang='lat' dir='ltr'><strong>provincialis.</strong></span> <span class='ocrx_word' id='word_1_371' title='bbox 2245 2190 2328 2243; x_wconf 88' lang='lat' dir='ltr'><strong>Tu</strong></span> <span class='ocrx_word' id='word_1_372' title='bbox 2356 2203 2486 2243; x_wconf 86' lang='lat' dir='ltr'><strong>vero</strong></span> <span class='ocrx_word' id='word_1_373' title='bbox 2521 2189 2858 2257; x_wconf 87' lang='lat' dir='ltr'><strong>respondere</strong></span> <span class='ocrx_word' id='word_1_374' title='bbox 2909 2188 3128 2257; x_wconf 89' lang='lat' dir='ltr'><strong>quidem</strong></span> <span class='ocrx_word' id='word_1_375' title='bbox 3168 2187 3414 2251; x_wconf 87' lang='lat' dir='ltr'><strong>noluisti,</strong></span> 
     </span>
    </p>
   </div>
   <div class='ocr_carea' id='block_1_52' title="bbox 1838 2281 3417 2352">
    <p class='ocr_par' dir='ltr' id='par_1_52' title="bbox 1838 2281 3417 2352">
     <span class='ocr_line' id='line_1_52' title="bbox 1838 2281 3417 2352; baseline -0.004 -13"><span class='ocrx_word' id='word_1_376' title='bbox 1838 2285 1935 2340; x_wconf 84' lang='lat' dir='ltr'><strong>sed</strong></span> <span class='ocrx_word' id='word_1_377' title='bbox 1966 2298 2135 2352; x_wconf 90' lang='lat' dir='ltr'><strong>pauca</strong></span> <span class='ocrx_word' id='word_1_378' title='bbox 2161 2284 2392 2338; x_wconf 88' lang='lat' dir='ltr'><strong>distorta</strong></span> <span class='ocrx_word' id='word_1_379' title='bbox 2424 2290 2478 2337; x_wconf 92' lang='lat' dir='ltr'><strong>et</strong></span> <span class='ocrx_word' id='word_1_380' title='bbox 2502 2296 2667 2347; x_wconf 86' lang='lat' dir='ltr'><strong>prava</strong></span> <span class='ocrx_word' id='word_1_381' title='bbox 2700 2281 2949 2350; x_wconf 80' lang='lat' dir='ltr'><strong>nihilque</strong></span> <span class='ocrx_word' id='word_1_382' title='bbox 2981 2281 3047 2334; x_wconf 91' lang='lat' dir='ltr'><strong>ad</strong></span> <span class='ocrx_word' id='word_1_383' title='bbox 3083 2296 3191 2335; x_wconf 87' lang='lat' dir='ltr'><strong>rem</strong></span> <span class='ocrx_word' id='word_1_384' title='bbox 3215 2281 3417 2334; x_wconf 89' lang='lat' dir='ltr'><strong>facien-</strong></span> 
     </span>
    </p>
   </div>
   <div class='ocr_carea' id='block_1_53' title="bbox 1841 2372 3417 2443">
    <p class='ocr_par' dir='ltr' id='par_1_53' title="bbox 1841 2372 3417 2443">
     <span class='ocr_line' id='line_1_53' title="bbox 1841 2372 3417 2443; baseline -0.003 -13"><span class='ocrx_word' id='word_1_385' title='bbox 1841 2376 1912 2430; x_wconf 85' lang='lat' dir='ltr'><strong>tia</strong></span> <span class='ocrx_word' id='word_1_386' title='bbox 1949 2375 2169 2441; x_wconf 89' lang='lat' dir='ltr'><strong>dixisti;</strong></span> <span class='ocrx_word' id='word_1_387' title='bbox 2223 2389 2275 2430; x_wconf 90' lang='lat' dir='ltr'><strong>et</strong></span> <span class='ocrx_word' id='word_1_388' title='bbox 2310 2375 2483 2429; x_wconf 85' lang='lat' dir='ltr'><strong>sessio</strong></span> <span class='ocrx_word' id='word_1_389' title='bbox 2518 2373 2744 2428; x_wconf 89' lang='lat' dir='ltr'><strong>dimissa</strong></span> <span class='ocrx_word' id='word_1_390' title='bbox 2782 2383 2902 2438; x_wconf 85' lang='lat' dir='ltr'><strong>est;</strong></span> <span class='ocrx_word' id='word_1_391' title='bbox 2964 2388 3139 2443; x_wconf 81' lang='lat' dir='ltr'><strong>neque</strong></span> <span class='ocrx_word' id='word_1_392' title='bbox 3185 2372 3417 2442; x_wconf 82' lang='lat' dir='ltr'><strong>amplius</strong></span> 
     </span>
    </p>
   </div>
   <div class='ocr_carea' id='block_1_54' title="bbox 1839 2465 3418 2535">
    <p class='ocr_par' dir='ltr' id='par_1_54' title="bbox 1839 2465 3418 2535">
     <span class='ocr_line' id='line_1_54' title="bbox 1839 2465 3418 2535; baseline -0.004 -11"><span class='ocrx_word' id='word_1_393' title='bbox 1839 2469 1901 2524; x_wconf 90' lang='lat' dir='ltr'><strong>ad</strong></span> <span class='ocrx_word' id='word_1_394' title='bbox 1930 2469 2225 2523; x_wconf 91' lang='lat' dir='ltr'><strong>concilium</strong></span> <span class='ocrx_word' id='word_1_395' title='bbox 2255 2467 2442 2521; x_wconf 89' lang='lat' dir='ltr'><strong>venire</strong></span> <span class='ocrx_word' id='word_1_396' title='bbox 2474 2465 2715 2520; x_wconf 89' lang='lat' dir='ltr'><strong>voluisti.</strong></span> <span class='ocrx_word' id='word_1_397' title='bbox 2748 2466 2877 2520; x_wconf 88' lang='lat' dir='ltr'><strong>Esse</strong></span> <span class='ocrx_word' id='word_1_398' title='bbox 2915 2480 3079 2535; x_wconf 90' lang='lat' dir='ltr'><strong>porro</strong></span> <span class='ocrx_word' id='word_1_399' title='bbox 3135 2481 3333 2520; x_wconf 86' lang='lat' dir='ltr'><strong>novum</strong></span> <span class='ocrx_word' id='word_1_400' title='bbox 3363 2475 3418 2519; x_wconf 90' lang='lat' dir='ltr'><strong>et</strong></span> 
     </span>
    </p>
   </div>
   <div class='ocr_carea' id='block_1_55' title="bbox 1840 2555 3418 2627">
    <p class='ocr_par' dir='ltr' id='par_1_55' title="bbox 1840 2555 3418 2627">
     <span class='ocr_line' id='line_1_55' title="bbox 1840 2555 3418 2627; baseline -0.003 -14"><span class='ocrx_word' id='word_1_401' title='bbox 1840 2561 2160 2613; x_wconf 82' lang='lat' dir='ltr'><strong>damnatum</strong></span> <span class='ocrx_word' id='word_1_402' title='bbox 2212 2557 2534 2610; x_wconf 89' lang='lat' dir='ltr'><strong>Latinorum</strong></span> <span class='ocrx_word' id='word_1_403' title='bbox 2593 2555 2791 2627; x_wconf 84' lang='lat' dir='ltr'><strong>dogma</strong></span> <span class='ocrx_word' id='word_1_404' title='bbox 2840 2571 2942 2610; x_wconf 92' lang='lat' dir='ltr'><strong>nec</strong></span> <span class='ocrx_word' id='word_1_405' title='bbox 3000 2555 3267 2624; x_wconf 90' lang='lat' dir='ltr'><strong>probasti,</strong></span> <span class='ocrx_word' id='word_1_406' title='bbox 3319 2570 3418 2608; x_wconf 88' lang='lat' dir='ltr'><strong>nec</strong></span> 
     </span>
    </p>
   </div>
   <div class='ocr_carea' id='block_1_56' title="bbox 1841 2648 3419 2722">
    <p class='ocr_par' dir='ltr' id='par_1_56' title="bbox 1841 2648 3419 2722">
     <span class='ocr_line' id='line_1_56' title="bbox 1841 2648 3419 2722; baseline -0.004 -16"><span class='ocrx_word' id='word_1_407' title='bbox 1841 2652 2098 2722; x_wconf 87' lang='lat' dir='ltr'><strong>probabis</strong></span> <span class='ocrx_word' id='word_1_408' title='bbox 2127 2665 2368 2720; x_wconf 90' lang='lat' dir='ltr'><strong>unquam</strong></span> <span class='ocrx_word' id='word_1_409' title='bbox 2404 2650 2487 2705; x_wconf 88' lang='lat' dir='ltr'><strong>vel</strong></span> <span class='ocrx_word' id='word_1_410' title='bbox 2524 2662 2602 2713; x_wconf 93' lang='lat' dir='ltr'><strong>tu,</strong></span> <span class='ocrx_word' id='word_1_411' title='bbox 2630 2651 2710 2703; x_wconf 86' lang='lat' dir='ltr'><strong>vel</strong></span> <span class='ocrx_word' id='word_1_412' title='bbox 2741 2648 2919 2718; x_wconf 84' lang='lat' dir='ltr'><strong>quivis</strong></span> <span class='ocrx_word' id='word_1_413' title='bbox 2948 2649 3089 2703; x_wconf 91' lang='lat' dir='ltr'><strong>alius</strong></span> <span class='ocrx_word' id='word_1_414' title='bbox 3120 2659 3169 2703; x_wconf 90' lang='lat' dir='ltr'><strong>te</strong></span> <span class='ocrx_word' id='word_1_415' title='bbox 3204 2649 3419 2703; x_wconf 88' lang='lat' dir='ltr'><strong>doctior</strong></span> 
     </span>
    </p>
   </div>
   <div class='ocr_carea' id='block_1_57' title="bbox 1842 2741 3419 2812">
    <p class='ocr_par' dir='ltr' id='par_1_57' title="bbox 1842 2741 3419 2812">
     <span class='ocr_line' id='line_1_57' title="bbox 1842 2741 3419 2812; baseline -0.004 -12"><span class='ocrx_word' id='word_1_416' title='bbox 1842 2754 1896 2800; x_wconf 92' lang='lat' dir='ltr'><strong>et</strong></span> <span class='ocrx_word' id='word_1_417' title='bbox 1927 2744 2251 2807; x_wconf 88' lang='lat' dir='ltr'><strong>sublimior;</strong></span> <span class='ocrx_word' id='word_1_418' title='bbox 2286 2757 2409 2795; x_wconf 90' lang='lat' dir='ltr'><strong>nam</strong></span> <span class='ocrx_word' id='word_1_419' title='bbox 2432 2742 2633 2812; x_wconf 72' lang='lat' dir='ltr'><strong>dogma&quot;</strong></span> <span class='ocrx_word' id='word_1_420' title='bbox 2658 2742 2762 2795; x_wconf 83' lang='lat' dir='ltr'><strong>hoc</strong></span> <span class='ocrx_word' id='word_1_421' title='bbox 2790 2757 2899 2794; x_wconf 92' lang='lat' dir='ltr'><strong>non</strong></span> <span class='ocrx_word' id='word_1_422' title='bbox 2934 2750 3016 2795; x_wconf 88' lang='lat' dir='ltr'><strong>est</strong></span> <span class='ocrx_word' id='word_1_423' title='bbox 3043 2756 3267 2800; x_wconf 86' lang='lat' dir='ltr'><strong>novum.</strong></span> <span class='ocrx_word' id='word_1_424' title='bbox 3295 2741 3419 2795; x_wconf 69' lang='lat' dir='ltr'><strong>dim</strong></span> 
     </span>
    </p>
   </div>
   <div class='ocr_carea' id='block_1_58' title="bbox 1844 2833 3422 2904">
    <p class='ocr_par' dir='ltr' id='par_1_58' title="bbox 1844 2833 3422 2904">
     <span class='ocr_line' id='line_1_58' title="bbox 1844 2833 3422 2904; baseline -0.003 -14"><span class='ocrx_word' id='word_1_425' title='bbox 1844 2850 2017 2904; x_wconf 90' lang='lat' dir='ltr'><strong>usque</strong></span> <span class='ocrx_word' id='word_1_426' title='bbox 2051 2849 2078 2887; x_wconf 86' lang='lat' dir='ltr'><strong>a</strong></span> <span class='ocrx_word' id='word_1_427' title='bbox 2110 2833 2348 2889; x_wconf 88' lang='lat' dir='ltr'><strong>secunda</strong></span> <span class='ocrx_word' id='word_1_428' title='bbox 2384 2834 2594 2901; x_wconf 81' lang='lat' dir='ltr'><strong>synodo</strong></span> <span class='ocrx_word' id='word_1_429' title='bbox 2623 2833 2693 2887; x_wconf 87' lang='lat' dir='ltr'><strong>sit</strong></span> <span class='ocrx_word' id='word_1_430' title='bbox 2721 2843 2773 2886; x_wconf 90' lang='lat' dir='ltr'><strong>et</strong></span> <span class='ocrx_word' id='word_1_431' title='bbox 2806 2842 3054 2886; x_wconf 87' lang='lat' dir='ltr'><strong>cantetur</strong></span> <span class='ocrx_word' id='word_1_432' title='bbox 3087 2834 3141 2885; x_wconf 91' lang='lat' dir='ltr'><strong>in</strong></span> <span class='ocrx_word' id='word_1_433' title='bbox 3173 2833 3422 2886; x_wconf 80' lang='lat' dir='ltr'><strong>Romana</strong></span> 
     </span>
    </p>
   </div>
   <div class='ocr_carea' id='block_1_59' title="bbox 1844 2925 3417 2998">
    <p class='ocr_par' dir='ltr' id='par_1_59' title="bbox 1844 2925 3417 2998">
     <span class='ocr_line' id='line_1_59' title="bbox 1844 2925 3417 2998; baseline -0.003 -15"><span class='ocrx_word' id='word_1_434' title='bbox 1844 2928 2086 2983; x_wconf 88' lang='lat' dir='ltr'><strong>Ecclesia</strong></span> <span class='ocrx_word' id='word_1_435' title='bbox 2115 2945 2128 2993; x_wconf 93' lang='lat'><strong>;</strong></span> <span class='ocrx_word' id='word_1_436' title='bbox 2165 2942 2342 2997; x_wconf 90' lang='lat' dir='ltr'><strong>neque</strong></span> <span class='ocrx_word' id='word_1_437' title='bbox 2368 2926 2563 2998; x_wconf 79' lang='lat' dir='ltr'><strong>dogma</strong></span> <span class='ocrx_word' id='word_1_438' title='bbox 2599 2925 2917 2980; x_wconf 88' lang='lat' dir='ltr'><strong>Latinorum</strong></span> <span class='ocrx_word' id='word_1_439' title='bbox 2950 2936 3029 2980; x_wconf 87' lang='lat' dir='ltr'><strong>est</strong></span> <span class='ocrx_word' id='word_1_440' title='bbox 3062 2936 3153 2978; x_wconf 92' lang='lat' dir='ltr'><strong>aut</strong></span> <span class='ocrx_word' id='word_1_441' title='bbox 3202 2925 3417 2980; x_wconf 59' lang='lat' dir='ltr'><strong>Graeco-</strong></span> 
     </span>
    </p>
   </div>
   <div class='ocr_carea' id='block_1_60' title="bbox 1847 3017 3425 3088">
    <p class='ocr_par' dir='ltr' id='par_1_60' title="bbox 1847 3017 3425 3088">
     <span class='ocr_line' id='line_1_60' title="bbox 1847 3017 3425 3088; baseline -0.003 -14"><span class='ocrx_word' id='word_1_442' title='bbox 1847 3035 1999 3085; x_wconf 91' lang='lat' dir='ltr'><strong>rum;</strong></span> <span class='ocrx_word' id='word_1_443' title='bbox 2039 3019 2173 3073; x_wconf 83' lang='lat' dir='ltr'><strong>ﬁdes</strong></span> <span class='ocrx_word' id='word_1_444' title='bbox 2203 3020 2349 3073; x_wconf 87' lang='lat' dir='ltr'><strong>enim</strong></span> <span class='ocrx_word' id='word_1_445' title='bbox 2405 3034 2510 3073; x_wconf 93' lang='lat' dir='ltr'><strong>non</strong></span> <span class='ocrx_word' id='word_1_446' title='bbox 2544 3026 2626 3074; x_wconf 87' lang='lat' dir='ltr'><strong>est</strong></span> <span class='ocrx_word' id='word_1_447' title='bbox 2650 3019 2911 3088; x_wconf 89' lang='lat' dir='ltr'><strong>partium,</strong></span> <span class='ocrx_word' id='word_1_448' title='bbox 2952 3018 3044 3073; x_wconf 89' lang='lat' dir='ltr'><strong>sed</strong></span> <span class='ocrx_word' id='word_1_449' title='bbox 3083 3017 3425 3073; x_wconf 70' lang='lat' dir='ltr'><strong>Christiano—</strong></span> 
     </span>
    </p>
   </div>
   <div class='ocr_carea' id='block_1_61' title="bbox 1846 3097 3424 3180">
    <p class='ocr_par' dir='ltr' id='par_1_61' title="bbox 1846 3097 3424 3180">
     <span class='ocr_line' id='line_1_61' title="bbox 1846 3097 3424 3180; baseline -0.003 -14"><span class='ocrx_word' id='word_1_450' title='bbox 1846 3127 1990 3175; x_wconf 90' lang='lat' dir='ltr'><strong>rum,</strong></span> <span class='ocrx_word' id='word_1_451' title='bbox 2026 3111 2292 3180; x_wconf 87' lang='lat' dir='ltr'><strong>siquidem</strong></span> <span class='ocrx_word' id='word_1_452' title='bbox 2324 3126 2518 3166; x_wconf 86' lang='lat' dir='ltr'><strong>omnes</strong></span> <span class='ocrx_word' id='word_1_453' title='bbox 2539 3097 2657 3164; x_wconf 77' lang='lat' dir='ltr'><strong>tam</strong></span> <span class='ocrx_word' id='word_1_454' title='bbox 2692 3110 2865 3166; x_wconf 68' lang='lat' dir='ltr'><strong>Graaci</strong></span> <span class='ocrx_word' id='word_1_455' title='bbox 2921 3124 3085 3178; x_wconf 91' lang='lat' dir='ltr'><strong>quam</strong></span> <span class='ocrx_word' id='word_1_456' title='bbox 3120 3108 3294 3163; x_wconf 84' lang='lat' dir='ltr'><strong>Latini</strong></span> <span class='ocrx_word' id='word_1_457' title='bbox 3322 3110 3424 3163; x_wconf 80' lang='lat' dir='ltr'><strong>do-</strong></span> 
     </span>
    </p>
   </div>
   <div class='ocr_carea' id='block_1_62' title="bbox 142 3202 1743 3288">
    <p class='ocr_par' dir='ltr' id='par_1_62' title="bbox 142 3215 1738 3288">
     <span class='ocr_line' id='line_1_62' title="bbox 142 3215 1738 3288; baseline 0.004 -23"><span class='ocrx_word' id='word_1_458' title='bbox 142 3215 331 3285; x_wconf 84' lang='grc' dir='ltr'><strong>μέρει</strong></span> <span class='ocrx_word' id='word_1_459' title='bbox 360 3216 393 3285; x_wconf 81' lang='grc' dir='ltr'><strong>ἡ</strong></span> <span class='ocrx_word' id='word_1_460' title='bbox 423 3215 629 3281; x_wconf 78' lang='grc' dir='ltr'><strong>πίστις,</strong></span> <span class='ocrx_word' id='word_1_461' title='bbox 678 3217 817 3270; x_wconf 79' lang='grc' dir='ltr'><strong>ἀλλά</strong></span> <span class='ocrx_word' id='word_1_462' title='bbox 872 3218 1282 3287; x_wconf 83' lang='grc' dir='ltr'><strong>Χριστιανικόν·</strong></span> <span class='ocrx_word' id='word_1_463' title='bbox 1321 3219 1525 3281; x_wconf 84' lang='grc' dir='ltr'><strong>πάντες</strong></span> <span class='ocrx_word' id='word_1_464' title='bbox 1551 3220 1659 3288; x_wconf 83' lang='grc' dir='ltr'><strong>γάρ</strong></span> <span class='ocrx_word' id='word_1_465' title='bbox 1691 3221 1738 3271; x_wconf 81' lang='lat' dir='ltr'><strong>oi</strong></span> 
     </span>
    </p>
   </div>
   <div class='ocr_carea' id='block_1_63' title="bbox 1845 3202 3425 3288">
    <p class='ocr_par' dir='ltr' id='par_1_63' title="bbox 1847 3202 3425 3271">
     <span class='ocr_line' id='line_1_63' title="bbox 1847 3202 3425 3271; baseline -0.001 -14"><span class='ocrx_word' id='word_1_466' title='bbox 1847 3215 2030 3259; x_wconf 77' lang='lat' dir='ltr'><strong>ctores</strong></span> <span class='ocrx_word' id='word_1_467' title='bbox 2071 3204 2144 3257; x_wconf 92' lang='lat' dir='ltr'><strong>ita</strong></span> <span class='ocrx_word' id='word_1_468' title='bbox 2176 3205 2455 3258; x_wconf 84' lang='lat' dir='ltr'><strong>sentiunt:</strong></span> <span class='ocrx_word' id='word_1_469' title='bbox 2495 3203 2599 3258; x_wconf 89' lang='lat' dir='ltr'><strong>nisi</strong></span> <span class='ocrx_word' id='word_1_470' title='bbox 2656 3203 2787 3259; x_wconf 86' lang='lat' dir='ltr'><strong>velis</strong></span> <span class='ocrx_word' id='word_1_471' title='bbox 2825 3218 2997 3271; x_wconf 89' lang='lat' dir='ltr'><strong>usque</strong></span> <span class='ocrx_word' id='word_1_472' title='bbox 3027 3202 3162 3256; x_wconf 83' lang='lat' dir='ltr'><strong>adeo</strong></span> <span class='ocrx_word' id='word_1_473' title='bbox 3191 3202 3425 3256; x_wconf 85' lang='lat' dir='ltr'><strong>stolidus</strong></span> 
     </span>
    </p>
   </div>
   <div class='ocr_carea' id='block_1_64' title="bbox 132 3309 1739 3382">
    <p class='ocr_par' dir='ltr' id='par_1_64' title="bbox 132 3309 1739 3382">
     <span class='ocr_line' id='line_1_64' title="bbox 132 3309 1739 3382; baseline 0.001 -21"><span class='ocrx_word' id='word_1_474' title='bbox 132 3310 479 3362; x_wconf 73' lang='grc' dir='ltr'><strong>διδάσκαλοι</strong></span> <span class='ocrx_word' id='word_1_475' title='bbox 504 3309 729 3379; x_wconf 80' lang='grc' dir='ltr'><strong>Γραικοὶ</strong></span> <span class='ocrx_word' id='word_1_476' title='bbox 762 3312 850 3362; x_wconf 77' lang='grc' dir='ltr'><strong>καὶ</strong></span> <span class='ocrx_word' id='word_1_477' title='bbox 883 3311 1104 3363; x_wconf 82' lang='grc' dir='ltr'><strong>Λατῖνοι</strong></span> <span class='ocrx_word' id='word_1_478' title='bbox 1132 3310 1192 3362; x_wconf 82' lang='grc' dir='ltr'><strong>τὸ</strong></span> <span class='ocrx_word' id='word_1_479' title='bbox 1234 3310 1368 3363; x_wconf 83' lang='grc' dir='ltr'><strong>αὐτὸ</strong></span> <span class='ocrx_word' id='word_1_480' title='bbox 1410 3314 1700 3382; x_wconf 84' lang='grc' dir='ltr'><strong>φρονοῦσιν</strong></span> <span class='ocrx_word' id='word_1_481' title='bbox 1727 3328 1739 3341; x_wconf 89' lang='grc'><strong>·</strong></span> 
     </span>
    </p>
   </div>
   <div class='ocr_carea' id='block_1_65' title="bbox 135 3400 1745 3470">
    <p class='ocr_par' dir='ltr' id='par_1_65' title="bbox 135 3400 1745 3470">
     <span class='ocr_line' id='line_1_65' title="bbox 135 3400 1745 3470; baseline 0.001 -18"><span class='ocrx_word' id='word_1_482' title='bbox 135 3401 195 3453; x_wconf 76' lang='grc' dir='ltr'><strong>εἰ</strong></span> <span class='ocrx_word' id='word_1_483' title='bbox 258 3401 347 3468; x_wconf 81' lang='grc' dir='ltr'><strong>μὴ</strong></span> <span class='ocrx_word' id='word_1_484' title='bbox 387 3400 645 3453; x_wconf 78' lang='grc' dir='ltr'><strong>τοσοῦτον</strong></span> <span class='ocrx_word' id='word_1_485' title='bbox 689 3400 1042 3463; x_wconf 82' lang='grc' dir='ltr'><strong>ἀτοπώτατος</strong></span> <span class='ocrx_word' id='word_1_486' title='bbox 1094 3400 1272 3469; x_wconf 88' lang='grc' dir='ltr'><strong>βούλει</strong></span> <span class='ocrx_word' id='word_1_487' title='bbox 1308 3403 1569 3470; x_wconf 83' lang='grc' dir='ltr'><strong>φανῆναι,</strong></span> <span class='ocrx_word' id='word_1_488' title='bbox 1606 3402 1745 3455; x_wconf 77' lang='grc' dir='ltr'><strong>ὥστε</strong></span> 
     </span>
    </p>
   </div>
   <div class='ocr_carea' id='block_1_66' title="bbox 136 3493 1747 3559">
    <p class='ocr_par' dir='ltr' id='par_1_66' title="bbox 136 3493 1747 3559">
     <span class='ocr_line' id='line_1_66' title="bbox 136 3493 1747 3559; baseline 0 -13"><span class='ocrx_word' id='word_1_489' title='bbox 136 3494 252 3547; x_wconf 78' lang='grc' dir='ltr'><strong>καὶ</strong></span> <span class='ocrx_word' id='word_1_490' title='bbox 276 3494 416 3555; x_wconf 83' lang='grc' dir='ltr'><strong>τοὺς</strong></span> <span class='ocrx_word' id='word_1_491' title='bbox 445 3493 795 3556; x_wconf 83' lang='grc' dir='ltr'><strong>ἀνατολικοὺς</strong></span> <span class='ocrx_word' id='word_1_492' title='bbox 831 3494 1019 3559; x_wconf 80' lang='grc' dir='ltr'><strong>ἁγίους</strong></span> <span class='ocrx_word' id='word_1_493' title='bbox 1057 3495 1152 3547; x_wconf 79' lang='grc' dir='ltr'><strong>καὶ</strong></span> <span class='ocrx_word' id='word_1_494' title='bbox 1196 3494 1556 3558; x_wconf 86' lang='grc' dir='ltr'><strong>διδασκάλους</strong></span> <span class='ocrx_word' id='word_1_495' title='bbox 1586 3496 1747 3547; x_wconf 83' lang='grc' dir='ltr'><strong>Λατί-</strong></span> 
     </span>
    </p>
   </div>
   <div class='ocr_carea' id='block_1_67' title="bbox 131 3586 648 3649">
    <p class='ocr_par' dir='ltr' id='par_1_67' title="bbox 131 3586 648 3649">
     <span class='ocr_line' id='line_1_67' title="bbox 131 3586 648 3649; baseline -0.004 -9"><span class='ocrx_word' id='word_1_496' title='bbox 131 3604 284 3649; x_wconf 79' lang='grc' dir='ltr'><strong>νους</strong></span> <span class='ocrx_word' id='word_1_497' title='bbox 325 3586 648 3639; x_wconf 77' lang='grc' dir='ltr'><strong>ἀποκαλεῖν.</strong></span> 
     </span>
    </p>
   </div>
   <div class='ocr_carea' id='block_1_68' title="bbox 866 3679 1056 3733">
    <p class='ocr_par' dir='ltr' id='par_1_68' title="bbox 866 3679 1056 3733">
     <span class='ocr_line' id='line_1_68' title="bbox 866 3679 1056 3733; baseline 0.005 -2"><span class='ocrx_word' id='word_1_498' title='bbox 866 3679 1056 3733; x_wconf 79' lang='grc' dir='ltr'><strong>ΕΦΕΣ.</strong></span> 
     </span>
    </p>
   </div>
   <div class='ocr_carea' id='block_1_69' title="bbox 228 3771 1745 3845">
    <p class='ocr_par' dir='ltr' id='par_1_69' title="bbox 228 3771 1745 3845">
     <span class='ocr_line' id='line_1_69' title="bbox 228 3771 1745 3845; baseline 0.002 -20"><span class='ocrx_word' id='word_1_499' title='bbox 228 3773 382 3825; x_wconf 67' lang='grc' dir='ltr'><strong>Ἐπὶ</strong></span> <span class='ocrx_word' id='word_1_500' title='bbox 416 3771 628 3834; x_wconf 86' lang='grc' dir='ltr'><strong>τούτοις</strong></span> <span class='ocrx_word' id='word_1_501' title='bbox 663 3772 933 3825; x_wconf 81' lang='grc' dir='ltr'><strong>κατέλυσα</strong></span> <span class='ocrx_word' id='word_1_502' title='bbox 953 3775 1053 3837; x_wconf 86' lang='grc' dir='ltr'><strong>τάς</strong></span> <span class='ocrx_word' id='word_1_503' title='bbox 1080 3774 1217 3843; x_wconf 78' lang='grc' dir='ltr'><strong>πρὸς</strong></span> <span class='ocrx_word' id='word_1_504' title='bbox 1262 3774 1462 3839; x_wconf 75' lang='grc' dir='ltr'><strong>αὐτοὺς</strong></span> <span class='ocrx_word' id='word_1_505' title='bbox 1506 3774 1745 3845; x_wconf 79' lang='grc' dir='ltr'><strong>ὁμιλίας,</strong></span> 
     </span>
    </p>
   </div>
   <div class='ocr_carea' id='block_1_70' title="bbox 117 3865 1749 3939">
    <p class='ocr_par' dir='ltr' id='par_1_70' title="bbox 117 3865 1749 3939">
     <span class='ocr_line' id='line_1_70' title="bbox 117 3865 1749 3939; baseline 0.001 -22"><span class='ocrx_word' id='word_1_506' title='bbox 117 3870 157 3939; x_wconf 72' lang='grc' dir='ltr'>ἦ</span> <span class='ocrx_word' id='word_1_507' title='bbox 187 3866 429 3938; x_wconf 77' lang='grc' dir='ltr'><strong>μηκέτι</strong></span> <span class='ocrx_word' id='word_1_508' title='bbox 458 3865 872 3919; x_wconf 78' lang='grc' dir='ltr'><strong>συνελεύσεσθαι</strong></span> <span class='ocrx_word' id='word_1_509' title='bbox 921 3867 1042 3934; x_wconf 87' lang='grc' dir='ltr'><strong>μετ’</strong></span> <span class='ocrx_word' id='word_1_510' title='bbox 1074 3868 1257 3921; x_wconf 80' lang='grc' dir='ltr'><strong>αὐτῶν</strong></span> <span class='ocrx_word' id='word_1_511' title='bbox 1282 3909 1297 3933; x_wconf 93' lang='grc'>,</span> <span class='ocrx_word' id='word_1_512' title='bbox 1333 3868 1367 3938; x_wconf 79' lang='grc' dir='ltr'>ἢ</span> <span class='ocrx_word' id='word_1_513' title='bbox 1419 3869 1553 3936; x_wconf 82' lang='grc' dir='ltr'><strong>γοῦν</strong></span> <span class='ocrx_word' id='word_1_514' title='bbox 1585 3869 1749 3931; x_wconf 77' lang='grc' dir='ltr'><strong>αὐτὸς</strong></span> 
     </span>
    </p>
   </div>
   <div class='ocr_carea' id='block_1_71' title="bbox 120 3958 1747 4033">
    <p class='ocr_par' dir='ltr' id='par_1_71' title="bbox 120 3958 1747 4033">
     <span class='ocr_line' id='line_1_71' title="bbox 120 3958 1747 4033; baseline -0.001 -17"><span class='ocrx_word' id='word_1_515' title='bbox 120 3962 480 4031; x_wconf 81' lang='grc' dir='ltr'><strong>σιωπήσειν</strong></span> <span class='ocrx_word' id='word_1_516' title='bbox 526 3958 1003 4029; x_wconf 81' lang='grc' dir='ltr'><strong>βεϐαιωσάμενος.</strong></span> <span class='ocrx_word' id='word_1_517' title='bbox 1052 3961 1196 4014; x_wconf 79' lang='grc' dir='ltr'><strong>Ἀλλ’</strong></span> <span class='ocrx_word' id='word_1_518' title='bbox 1246 3964 1442 4014; x_wconf 78' lang='grc' dir='ltr'><strong>ἐκεῖνοι</strong></span> <span class='ocrx_word' id='word_1_519' title='bbox 1471 3980 1747 4033; x_wconf 85' lang='grc' dir='ltr'><strong>προσεκα-</strong></span> 
     </span>
    </p>
   </div>
   <div class='ocr_carea' id='block_1_72' title="bbox 112 4055 1749 4125">
    <p class='ocr_par' dir='ltr' id='par_1_72' title="bbox 112 4055 1749 4125">
     <span class='ocr_line' id='line_1_72' title="bbox 112 4055 1749 4125; baseline 0 -16"><span class='ocrx_word' id='word_1_520' title='bbox 112 4059 361 4111; x_wconf 78' lang='grc' dir='ltr'><strong>λοῦντο</strong></span> <span class='ocrx_word' id='word_1_521' title='bbox 389 4055 519 4117; x_wconf 74' lang='grc' dir='ltr'><strong>τοὺς</strong></span> <span class='ocrx_word' id='word_1_522' title='bbox 544 4055 848 4125; x_wconf 70' lang='grc' dir='ltr'><strong>ἡμετέρους</strong></span> <span class='ocrx_word' id='word_1_523' title='bbox 879 4056 1104 4119; x_wconf 81' lang='grc' dir='ltr'><strong>ἑκόντας</strong></span> <span class='ocrx_word' id='word_1_524' title='bbox 1138 4056 1373 4119; x_wconf 83' lang='grc' dir='ltr'><strong>ἄκοντας</strong></span> <span class='ocrx_word' id='word_1_525' title='bbox 1404 4057 1484 4118; x_wconf 73' lang='grc' dir='ltr'><strong>εἰς</strong></span> <span class='ocrx_word' id='word_1_526' title='bbox 1510 4056 1609 4124; x_wconf 77' lang='grc' dir='ltr'><strong>τὴν</strong></span> <span class='ocrx_word' id='word_1_527' title='bbox 1639 4056 1749 4109; x_wconf 83' lang='grc' dir='ltr'><strong>τῶν</strong></span> 
     </span>
    </p>
   </div>
   <div class='ocr_carea' id='block_1_73' title="bbox 109 4147 1749 4219">
    <p class='ocr_par' dir='ltr' id='par_1_73' title="bbox 109 4147 1749 4219">
     <span class='ocr_line' id='line_1_73' title="bbox 109 4147 1749 4219; baseline -0.002 -16"><span class='ocrx_word' id='word_1_528' title='bbox 109 4148 485 4219; x_wconf 75' lang='grc' dir='ltr'><strong>εἰρημένων</strong></span> <span class='ocrx_word' id='word_1_529' title='bbox 520 4147 861 4217; x_wconf 71' lang='grc' dir='ltr'><strong>ἀντίρρησινο</strong></span> <span class='ocrx_word' id='word_1_530' title='bbox 894 4149 989 4200; x_wconf 82' lang='grc' dir='ltr'><strong>καὶ</strong></span> <span class='ocrx_word' id='word_1_531' title='bbox 1021 4147 1180 4199; x_wconf 85' lang='grc' dir='ltr'><strong>τοῦτο</strong></span> <span class='ocrx_word' id='word_1_532' title='bbox 1210 4147 1647 4217; x_wconf 81' lang='grc' dir='ltr'><strong>διαπραξάμενοι</strong></span> <span class='ocrx_word' id='word_1_533' title='bbox 1674 4147 1749 4217; x_wconf 74' lang='grc' dir='ltr'><strong>μὴ</strong></span> 
     </span>
    </p>
   </div>
   <div class='ocr_carea' id='block_1_74' title="bbox 106 4238 1750 4313">
    <p class='ocr_par' dir='ltr' id='par_1_74' title="bbox 106 4238 1750 4313">
     <span class='ocr_line' id='line_1_74' title="bbox 106 4238 1750 4313; baseline -0.003 -16"><span class='ocrx_word' id='word_1_534' title='bbox 106 4246 444 4313; x_wconf 79' lang='grc' dir='ltr'><strong>παρόντος</strong></span> <span class='ocrx_word' id='word_1_535' title='bbox 468 4240 602 4308; x_wconf 72' lang='grc' dir='ltr'><strong>ἐμοῦ</strong></span> <span class='ocrx_word' id='word_1_536' title='bbox 632 4239 721 4293; x_wconf 85' lang='grc' dir='ltr'><strong>διά</strong></span> <span class='ocrx_word' id='word_1_537' title='bbox 759 4239 858 4308; x_wconf 75' lang='grc' dir='ltr'><strong>τὴν</strong></span> <span class='ocrx_word' id='word_1_538' title='bbox 888 4240 1198 4303; x_wconf 87' lang='grc' dir='ltr'><strong>ἀσθένειαν,</strong></span> <span class='ocrx_word' id='word_1_539' title='bbox 1229 4238 1323 4292; x_wconf 90' lang='grc' dir='ltr'><strong>δύο</strong></span> <span class='ocrx_word' id='word_1_540' title='bbox 1354 4240 1556 4310; x_wconf 76' lang='grc' dir='ltr'><strong>ἑφεξῆς</strong></span> <span class='ocrx_word' id='word_1_541' title='bbox 1591 4258 1750 4293; x_wconf 89' lang='grc' dir='ltr'><strong>συνε-</strong></span> 
     </span>
    </p>
   </div>
   <div class='ocr_carea' id='block_1_75' title="bbox 105 4331 1751 4402">
    <p class='ocr_par' dir='ltr' id='par_1_75' title="bbox 105 4331 1751 4402">
     <span class='ocr_line' id='line_1_75' title="bbox 105 4331 1751 4402; baseline -0.002 -13"><span class='ocrx_word' id='word_1_542' title='bbox 105 4337 317 4389; x_wconf 77' lang='grc' dir='ltr'><strong>λεύσε</strong></span> <span class='ocrx_word' id='word_1_543' title='bbox 334 4351 391 4396; x_wconf 88' lang='grc' dir='ltr'><strong>ις</strong></span> <span class='ocrx_word' id='word_1_544' title='bbox 428 4332 716 4402; x_wconf 82' lang='grc' dir='ltr'><strong>ἀνήλωσαν</strong></span> <span class='ocrx_word' id='word_1_545' title='bbox 764 4333 919 4384; x_wconf 55' lang='grc' dir='ltr'><strong>αὐτοι</strong></span> <span class='ocrx_word' id='word_1_546' title='bbox 974 4332 1127 4401; x_wconf 81' lang='grc' dir='ltr'><strong>μόνοι</strong></span> <span class='ocrx_word' id='word_1_547' title='bbox 1183 4331 1460 4399; x_wconf 84' lang='grc' dir='ltr'><strong>λέγοντες,</strong></span> <span class='ocrx_word' id='word_1_548' title='bbox 1521 4333 1751 4402; x_wconf 79' lang='grc' dir='ltr'><strong>μηδενὸς</strong></span> 
     </span>
    </p>
   </div>
   <div class='ocr_carea' id='block_1_76' title="bbox 95 4428 637 4496">
    <p class='ocr_par' dir='ltr' id='par_1_76' title="bbox 95 4428 637 4496">
     <span class='ocr_line' id='line_1_76' title="bbox 95 4428 637 4496; baseline -0.011 -12"><span class='ocrx_word' id='word_1_549' title='bbox 95 4428 637 4496; x_wconf 78' lang='grc' dir='ltr'><strong>ἀπολογουμένου.</strong></span> 
     </span>
    </p>
   </div>
   <div class='ocr_carea' id='block_1_77' title="bbox 863 4517 1069 4572">
    <p class='ocr_par' dir='ltr' id='par_1_77' title="bbox 863 4517 1069 4572">
     <span class='ocr_line' id='line_1_77' title="bbox 863 4517 1069 4572; baseline 0.01 -2"><span class='ocrx_word' id='word_1_550' title='bbox 863 4517 1069 4572; x_wconf 74' lang='grc' dir='ltr'><strong>ΛῐΙΟΔ.</strong></span> 
     </span>
    </p>
   </div>
   <div class='ocr_carea' id='block_1_78' title="bbox 1848 3292 3424 3360">
    <p class='ocr_par' dir='ltr' id='par_1_78' title="bbox 1848 3292 3424 3360">
     <span class='ocr_line' id='line_1_78' title="bbox 1848 3292 3424 3360; baseline -0.002 -10"><span class='ocrx_word' id='word_1_551' title='bbox 1848 3297 2042 3360; x_wconf 81' lang='lat' dir='ltr'><strong>videri,</strong></span> <span class='ocrx_word' id='word_1_552' title='bbox 2092 3303 2151 3348; x_wconf 94' lang='lat' dir='ltr'><strong>ut</strong></span> <span class='ocrx_word' id='word_1_553' title='bbox 2181 3295 2404 3351; x_wconf 80' lang='lat' dir='ltr'><strong>Latinos</strong></span> <span class='ocrx_word' id='word_1_554' title='bbox 2434 3310 2593 3351; x_wconf 88' lang='lat' dir='ltr'><strong>voces</strong></span> <span class='ocrx_word' id='word_1_555' title='bbox 2625 3304 2845 3350; x_wconf 88' lang='lat' dir='ltr'><strong>sanctos</strong></span> <span class='ocrx_word' id='word_1_556' title='bbox 2874 3296 3036 3350; x_wconf 92' lang='lat' dir='ltr'><strong>etiam</strong></span> <span class='ocrx_word' id='word_1_557' title='bbox 3089 3304 3143 3349; x_wconf 89' lang='lat' dir='ltr'><strong>et</strong></span> <span class='ocrx_word' id='word_1_558' title='bbox 3172 3292 3424 3349; x_wconf 88' lang='lat' dir='ltr'><strong>doctores</strong></span> 
     </span>
    </p>
   </div>
   <div class='ocr_carea' id='block_1_79' title="bbox 1847 3390 2174 3443">
    <p class='ocr_par' dir='ltr' id='par_1_79' title="bbox 1847 3390 2174 3443">
     <span class='ocr_line' id='line_1_79' title="bbox 1847 3390 2174 3443; baseline -0.006 0"><span class='ocrx_word' id='word_1_559' title='bbox 1847 3390 2174 3443; x_wconf 69' lang='lat' dir='ltr'><strong>Orientales.</strong></span> 
     </span>
    </p>
   </div>
   <div class='ocr_carea' id='block_1_80' title="bbox 2518 3685 2756 3742">
    <p class='ocr_par' dir='ltr' id='par_1_80' title="bbox 2518 3685 2756 3742">
     <span class='ocr_line' id='line_1_80' title="bbox 2518 3685 2756 3742; baseline 0.004 -1"><span class='ocrx_word' id='word_1_560' title='bbox 2518 3685 2756 3742; x_wconf 84' lang='lat' dir='ltr'><strong>EPHES.</strong></span> 
     </span>
    </p>
   </div>
   <div class='ocr_carea' id='block_1_81' title="bbox 1917 3776 3426 3851">
    <p class='ocr_par' dir='ltr' id='par_1_81' title="bbox 1917 3776 3426 3851">
     <span class='ocr_line' id='line_1_81' title="bbox 1917 3776 3426 3851; baseline 0.005 -21"><span class='ocrx_word' id='word_1_561' title='bbox 1917 3776 2055 3831; x_wconf 88' lang='lat' dir='ltr'><strong>Cum</strong></span> <span class='ocrx_word' id='word_1_562' title='bbox 2091 3777 2163 3831; x_wconf 88' lang='lat' dir='ltr'><strong>ita</strong></span> <span class='ocrx_word' id='word_1_563' title='bbox 2211 3792 2578 3847; x_wconf 89' lang='lat' dir='ltr'><strong>perorassem,</strong></span> <span class='ocrx_word' id='word_1_564' title='bbox 2628 3795 2819 3834; x_wconf 88' lang='lat' dir='ltr'><strong>eorum</strong></span> <span class='ocrx_word' id='word_1_565' title='bbox 2872 3782 3261 3851; x_wconf 75' lang='lat' dir='ltr'><strong>congressibus</strong></span> <span class='ocrx_word' id='word_1_566' title='bbox 3307 3784 3426 3838; x_wconf 83' lang='lat' dir='ltr'><strong>vale</strong></span> 
     </span>
    </p>
   </div>
   <div class='ocr_carea' id='block_1_82' title="bbox 1849 3869 3429 3934">
    <p class='ocr_par' dir='ltr' id='par_1_82' title="bbox 1849 3869 3429 3934">
     <span class='ocr_line' id='line_1_82' title="bbox 1849 3869 3429 3934; baseline 0.004 -11"><span class='ocrx_word' id='word_1_567' title='bbox 1849 3869 1983 3934; x_wconf 79' lang='lat' dir='ltr'><strong>dixi,</strong></span> <span class='ocrx_word' id='word_1_568' title='bbox 2030 3879 2286 3923; x_wconf 77' lang='lat' dir='ltr'><strong>statutum</strong></span> <span class='ocrx_word' id='word_1_569' title='bbox 2323 3870 2530 3925; x_wconf 75' lang='lat' dir='ltr'><strong>habens</strong></span> <span class='ocrx_word' id='word_1_570' title='bbox 2562 3882 2655 3924; x_wconf 88' lang='lat' dir='ltr'><strong>aut</strong></span> <span class='ocrx_word' id='word_1_571' title='bbox 2683 3871 3031 3926; x_wconf 87' lang='lat' dir='ltr'><strong>devitandum</strong></span> <span class='ocrx_word' id='word_1_572' title='bbox 3064 3889 3186 3927; x_wconf 90' lang='lat' dir='ltr'><strong>esse</strong></span> <span class='ocrx_word' id='word_1_573' title='bbox 3207 3890 3429 3931; x_wconf 88' lang='lat' dir='ltr'><strong>conses-</strong></span> 
     </span>
    </p>
   </div>
   <div class='ocr_carea' id='block_1_83' title="bbox 1850 3963 3425 4024">
    <p class='ocr_par' dir='ltr' id='par_1_83' title="bbox 1850 3963 3425 4024">
     <span class='ocr_line' id='line_1_83' title="bbox 1850 3963 3425 4024; baseline 0.001 -6"><span class='ocrx_word' id='word_1_574' title='bbox 1850 3979 1967 4018; x_wconf 87' lang='lat' dir='ltr'><strong>sum</strong></span> <span class='ocrx_word' id='word_1_575' title='bbox 1995 3976 2205 4024; x_wconf 88' lang='lat' dir='ltr'><strong>eorum,</strong></span> <span class='ocrx_word' id='word_1_576' title='bbox 2241 3974 2329 4015; x_wconf 80' lang='lat' dir='ltr'><strong>aut</strong></span> <span class='ocrx_word' id='word_1_577' title='bbox 2360 3972 2509 4017; x_wconf 92' lang='lat' dir='ltr'><strong>certe</strong></span> <span class='ocrx_word' id='word_1_578' title='bbox 2547 3963 2676 4015; x_wconf 88' lang='lat' dir='ltr'><strong>mihi</strong></span> <span class='ocrx_word' id='word_1_579' title='bbox 2728 3964 3041 4017; x_wconf 84' lang='lat' dir='ltr'><strong>tacendum.</strong></span> <span class='ocrx_word' id='word_1_580' title='bbox 3103 3964 3301 4018; x_wconf 84' lang='lat' dir='ltr'><strong>Verum</strong></span> <span class='ocrx_word' id='word_1_581' title='bbox 3352 3967 3425 4019; x_wconf 90' lang='lat' dir='ltr'><strong>illi</strong></span> 
     </span>
    </p>
   </div>
   <div class='ocr_carea' id='block_1_84' title="bbox 1851 4054 3429 4125">
    <p class='ocr_par' dir='ltr' id='par_1_84' title="bbox 1851 4054 3429 4125">
     <span class='ocr_line' id='line_1_84' title="bbox 1851 4054 3429 4125; baseline 0.001 -16"><span class='ocrx_word' id='word_1_582' title='bbox 1851 4064 2069 4109; x_wconf 90' lang='lat' dir='ltr'><strong>nostros</strong></span> <span class='ocrx_word' id='word_1_583' title='bbox 2101 4055 2345 4109; x_wconf 88' lang='lat' dir='ltr'><strong>volentes</strong></span> <span class='ocrx_word' id='word_1_584' title='bbox 2379 4054 2624 4109; x_wconf 89' lang='lat' dir='ltr'><strong>nolentes</strong></span> <span class='ocrx_word' id='word_1_585' title='bbox 2657 4054 3017 4121; x_wconf 84' lang='lat' dir='ltr'><strong>advocabant,</strong></span> <span class='ocrx_word' id='word_1_586' title='bbox 3069 4071 3135 4110; x_wconf 94' lang='lat' dir='ltr'><strong>eo</strong></span> <span class='ocrx_word' id='word_1_587' title='bbox 3167 4057 3311 4125; x_wconf 79' lang='lat' dir='ltr'><strong>quod</strong></span> <span class='ocrx_word' id='word_1_588' title='bbox 3343 4073 3429 4111; x_wconf 84' lang='lat' dir='ltr'><strong>re-</strong></span> 
     </span>
    </p>
   </div>
   <div class='ocr_carea' id='block_1_85' title="bbox 1851 4146 3430 4215">
    <p class='ocr_par' dir='ltr' id='par_1_85' title="bbox 1851 4146 3430 4215">
     <span class='ocr_line' id='line_1_85' title="bbox 1851 4146 3430 4215; baseline 0.003 -16"><span class='ocrx_word' id='word_1_589' title='bbox 1851 4148 2121 4214; x_wconf 82' lang='lat' dir='ltr'><strong>spondere</strong></span> <span class='ocrx_word' id='word_1_590' title='bbox 2156 4148 2351 4200; x_wconf 87' lang='lat' dir='ltr'><strong>vellent</strong></span> <span class='ocrx_word' id='word_1_591' title='bbox 2390 4146 2456 4200; x_wconf 91' lang='lat' dir='ltr'><strong>ad</strong></span> <span class='ocrx_word' id='word_1_592' title='bbox 2490 4162 2553 4200; x_wconf 86' lang='lat' dir='ltr'><strong>ea</strong></span> <span class='ocrx_word' id='word_1_593' title='bbox 2582 4162 2703 4215; x_wconf 79' lang='lat' dir='ltr'><strong>quae</strong></span> <span class='ocrx_word' id='word_1_594' title='bbox 2734 4146 2876 4199; x_wconf 82' lang='lat' dir='ltr'><strong>dicta</strong></span> <span class='ocrx_word' id='word_1_595' title='bbox 2904 4158 3082 4201; x_wconf 88' lang='lat' dir='ltr'><strong>erant.</strong></span> <span class='ocrx_word' id='word_1_596' title='bbox 3114 4148 3270 4214; x_wconf 80' lang='lat' dir='ltr'><strong>Quod</strong></span> <span class='ocrx_word' id='word_1_597' title='bbox 3303 4165 3430 4203; x_wconf 91' lang='lat' dir='ltr'><strong>cum</strong></span> 
     </span>
    </p>
   </div>
   <div class='ocr_carea' id='block_1_86' title="bbox 1852 4236 3432 4307">
    <p class='ocr_par' dir='ltr' id='par_1_86' title="bbox 1852 4236 3432 4307">
     <span class='ocr_line' id='line_1_86' title="bbox 1852 4236 3432 4307; baseline 0.003 -17"><span class='ocrx_word' id='word_1_598' title='bbox 1852 4236 2131 4302; x_wconf 82' lang='lat' dir='ltr'><strong>fecissent,</strong></span> <span class='ocrx_word' id='word_1_599' title='bbox 2160 4253 2242 4291; x_wconf 93' lang='lat' dir='ltr'><strong>me</strong></span> <span class='ocrx_word' id='word_1_600' title='bbox 2271 4253 2375 4291; x_wconf 90' lang='lat' dir='ltr'><strong>non</strong></span> <span class='ocrx_word' id='word_1_601' title='bbox 2423 4249 2693 4307; x_wconf 62' lang='lat' dir='ltr'><strong>praesente</strong></span> <span class='ocrx_word' id='word_1_602' title='bbox 2728 4253 2894 4291; x_wconf 87' lang='lat' dir='ltr'><strong>causa</strong></span> <span class='ocrx_word' id='word_1_603' title='bbox 2946 4240 3142 4303; x_wconf 89' lang='lat' dir='ltr'><strong>morbi,</strong></span> <span class='ocrx_word' id='word_1_604' title='bbox 3174 4240 3313 4295; x_wconf 90' lang='lat' dir='ltr'><strong>duas</strong></span> <span class='ocrx_word' id='word_1_605' title='bbox 3348 4242 3432 4294; x_wconf 87' lang='lat' dir='ltr'><strong>in-</strong></span> 
     </span>
    </p>
   </div>
   <div class='ocr_carea' id='block_1_87' title="bbox 1852 4328 3431 4398">
    <p class='ocr_par' dir='ltr' id='par_1_87' title="bbox 1852 4328 3431 4398">
     <span class='ocr_line' id='line_1_87' title="bbox 1852 4328 3431 4398; baseline 0.002 -14"><span class='ocrx_word' id='word_1_606' title='bbox 1852 4343 2134 4397; x_wconf 89' lang='lat' dir='ltr'><strong>sumpsere</strong></span> <span class='ocrx_word' id='word_1_607' title='bbox 2167 4330 2423 4398; x_wconf 89' lang='lat' dir='ltr'><strong>deinceps</strong></span> <span class='ocrx_word' id='word_1_608' title='bbox 2450 4330 2725 4385; x_wconf 82' lang='lat' dir='ltr'><strong>sessiones</strong></span> <span class='ocrx_word' id='word_1_609' title='bbox 2754 4329 2853 4398; x_wconf 88' lang='lat' dir='ltr'><strong>ipsi</strong></span> <span class='ocrx_word' id='word_1_610' title='bbox 2899 4328 3000 4382; x_wconf 84' lang='lat' dir='ltr'><strong>soli</strong></span> <span class='ocrx_word' id='word_1_611' title='bbox 3034 4330 3299 4397; x_wconf 85' lang='lat' dir='ltr'><strong>dicentes,</strong></span> <span class='ocrx_word' id='word_1_612' title='bbox 3337 4348 3431 4387; x_wconf 86' lang='lat' dir='ltr'><strong>ne-</strong></span> 
     </span>
    </p>
   </div>
   <div class='ocr_carea' id='block_1_88' title="bbox 1854 4419 2787 4491">
    <p class='ocr_par' dir='ltr' id='par_1_88' title="bbox 1854 4419 2787 4491">
     <span class='ocr_line' id='line_1_88' title="bbox 1854 4419 2787 4491; baseline -0.001 -15"><span class='ocrx_word' id='word_1_613' title='bbox 1854 4422 2001 4476; x_wconf 90' lang='lat' dir='ltr'><strong>mine</strong></span> <span class='ocrx_word' id='word_1_614' title='bbox 2034 4419 2403 4475; x_wconf 77' lang='lat' dir='ltr'><strong>defensionem</strong></span> <span class='ocrx_word' id='word_1_615' title='bbox 2436 4422 2787 4491; x_wconf 86' lang='lat' dir='ltr'><strong>suscipiente.</strong></span> 
     </span>
    </p>
   </div>
   <div class='ocr_carea' id='block_1_89' title="bbox 2546 4513 2738 4570">
    <p class='ocr_par' dir='ltr' id='par_1_89' title="bbox 2546 4513 2738 4570">
     <span class='ocr_line' id='line_1_89' title="bbox 2546 4513 2738 4570; baseline 0.01 -3"><span class='ocrx_word' id='word_1_616' title='bbox 2546 4513 2738 4570; x_wconf 81' lang='lat' dir='ltr'><strong>RESP.</strong></span> 
     </span>
    </p>
   </div>
   <div class='ocr_carea' id='block_1_90' title="bbox 206 4574 1743 4681">
    <p class='ocr_par' dir='ltr' id='par_1_90' title="bbox 206 4608 1743 4681">
     <span class='ocr_line' id='line_1_90' title="bbox 206 4608 1743 4681; baseline -0.003 -15"><span class='ocrx_word' id='word_1_617' title='bbox 206 4612 288 4666; x_wconf 89' lang='grc' dir='ltr'>Ὅ</span> <span class='ocrx_word' id='word_1_618' title='bbox 327 4610 561 4672; x_wconf 79' lang='grc' dir='ltr'><strong>δίκαιος</strong></span> <span class='ocrx_word' id='word_1_619' title='bbox 592 4609 749 4679; x_wconf 87' lang='grc' dir='ltr'><strong>λόγος</strong></span> <span class='ocrx_word' id='word_1_620' title='bbox 792 4611 1013 4681; x_wconf 75' lang='grc' dir='ltr'><strong>ἀπῄτει,</strong></span> <span class='ocrx_word' id='word_1_621' title='bbox 1064 4608 1252 4680; x_wconf 76' lang='grc' dir='ltr'><strong>ἐπειδὴ</strong></span> <span class='ocrx_word' id='word_1_622' title='bbox 1300 4610 1363 4662; x_wconf 76' lang='grc' dir='ltr'><strong>σὺ</strong></span> <span class='ocrx_word' id='word_1_623' title='bbox 1396 4608 1504 4661; x_wconf 76' lang='grc' dir='ltr'><strong>ἀπὸ</strong></span> <span class='ocrx_word' id='word_1_624' title='bbox 1552 4610 1743 4679; x_wconf 85' lang='grc' dir='ltr'><strong>μέρους</strong></span> 
     </span>
    </p>
   </div>
   <div class='ocr_carea' id='block_1_91' title="bbox 1845 4574 3442 4681">
    <p class='ocr_par' dir='ltr' id='par_1_91' title="bbox 1927 4604 3442 4681">
     <span class='ocr_line' id='line_1_91' title="bbox 1927 4604 3442 4681; baseline 0.001 -21"><span class='ocrx_word' id='word_1_625' title='bbox 1927 4604 2104 4675; x_wconf 68' lang='lat' dir='ltr'><strong>Equa</strong></span> <span class='ocrx_word' id='word_1_626' title='bbox 2155 4607 2296 4662; x_wconf 92' lang='lat' dir='ltr'><strong>ratio</strong></span> <span class='ocrx_word' id='word_1_627' title='bbox 2350 4606 2682 4677; x_wconf 83' lang='lat' dir='ltr'><strong>postulabat,</strong></span> <span class='ocrx_word' id='word_1_628' title='bbox 2720 4620 2779 4662; x_wconf 91' lang='lat' dir='ltr'><strong>ut</strong></span> <span class='ocrx_word' id='word_1_629' title='bbox 2812 4618 3167 4681; x_wconf 87' lang='lat' dir='ltr'><strong>posteaquam</strong></span> <span class='ocrx_word' id='word_1_630' title='bbox 3222 4620 3277 4665; x_wconf 91' lang='lat' dir='ltr'><strong>tu</strong></span> <span class='ocrx_word' id='word_1_631' title='bbox 3334 4626 3442 4679; x_wconf 80' lang='lat' dir='ltr'><strong>pro</strong></span> 
     </span>
    </p>
   </div>
   <div class='ocr_carea' id='block_1_92' title="bbox 89 4699 1749 4774">
    <p class='ocr_par' dir='ltr' id='par_1_92' title="bbox 89 4699 1749 4774">
     <span class='ocr_line' id='line_1_92' title="bbox 89 4699 1749 4774; baseline -0.006 -13"><span class='ocrx_word' id='word_1_632' title='bbox 89 4708 236 4761; x_wconf 83' lang='grc' dir='ltr'><strong>τῶν</strong></span> <span class='ocrx_word' id='word_1_633' title='bbox 267 4702 558 4774; x_wconf 81' lang='grc' dir='ltr'><strong>Γραικῶν</strong></span> <span class='ocrx_word' id='word_1_634' title='bbox 592 4699 770 4766; x_wconf 79' lang='grc' dir='ltr'><strong>εἶπες,</strong></span> <span class='ocrx_word' id='word_1_635' title='bbox 800 4702 897 4754; x_wconf 81' lang='grc' dir='ltr'><strong>καὶ</strong></span> <span class='ocrx_word' id='word_1_636' title='bbox 947 4700 1089 4754; x_wconf 81' lang='grc' dir='ltr'><strong>οὕτω</strong></span> <span class='ocrx_word' id='word_1_637' title='bbox 1135 4702 1381 4771; x_wconf 77' lang='grc' dir='ltr'><strong>μακροὺς</strong></span> <span class='ocrx_word' id='word_1_638' title='bbox 1427 4701 1749 4763; x_wconf 85' lang='grc' dir='ltr'><strong>κατέτεινας</strong></span> 
     </span>
    </p>
   </div>
   <div class='ocr_carea' id='block_1_93' title="bbox 84 4792 1749 4865">
    <p class='ocr_par' dir='ltr' id='par_1_93' title="bbox 84 4792 1749 4865">
     <span class='ocr_line' id='line_1_93' title="bbox 84 4792 1749 4865; baseline -0.003 -15"><span class='ocrx_word' id='word_1_639' title='bbox 84 4799 387 4865; x_wconf 73' lang='grc' dir='ltr'><strong>λόγους,</strong></span> <span class='ocrx_word' id='word_1_640' title='bbox 423 4792 491 4844; x_wconf 71' lang='grc' dir='ltr'><strong>ἶν’</strong></span> <span class='ocrx_word' id='word_1_641' title='bbox 526 4792 769 4863; x_wconf 77' lang='grc' dir='ltr'><strong>ἀκούσῃς</strong></span> <span class='ocrx_word' id='word_1_642' title='bbox 794 4793 888 4845; x_wconf 80' lang='grc' dir='ltr'><strong>καὶ</strong></span> <span class='ocrx_word' id='word_1_643' title='bbox 916 4795 1013 4855; x_wconf 84' lang='grc' dir='ltr'><strong>τὰς</strong></span> <span class='ocrx_word' id='word_1_644' title='bbox 1043 4793 1387 4864; x_wconf 72' lang='grc' dir='ltr'><strong>ἀποκρίσεις.</strong></span> <span class='ocrx_word' id='word_1_645' title='bbox 1421 4794 1497 4846; x_wconf 83' lang='grc' dir='ltr'><strong>Οὐ</strong></span> <span class='ocrx_word' id='word_1_646' title='bbox 1536 4792 1645 4863; x_wconf 81' lang='grc' dir='ltr'><strong>γὰρ</strong></span> <span class='ocrx_word' id='word_1_647' title='bbox 1669 4793 1749 4845; x_wconf 80' lang='grc' dir='ltr'><strong>δί-</strong></span> 
     </span>
    </p>
   </div>
   <div class='ocr_carea' id='block_1_94' title="bbox 82 4880 1753 4960">
    <p class='ocr_par' dir='ltr' id='par_1_94' title="bbox 82 4880 1753 4960">
     <span class='ocr_line' id='line_1_94' title="bbox 82 4880 1753 4960; baseline -0.003 -20"><span class='ocrx_word' id='word_1_648' title='bbox 82 4901 333 4947; x_wconf 77' lang='grc' dir='ltr'><strong>καιον,</strong></span> <span class='ocrx_word' id='word_1_649' title='bbox 354 4881 462 4960; x_wconf 63' lang='grc' dir='ltr'><strong>τόν</strong></span> <span class='ocrx_word' id='word_1_650' title='bbox 479 4880 862 4949; x_wconf 87' lang='grc' dir='ltr'><strong>διαλεγόμενον</strong></span> <span class='ocrx_word' id='word_1_651' title='bbox 884 4882 1041 4951; x_wconf 82' lang='grc' dir='ltr'><strong>μόνον</strong></span> <span class='ocrx_word' id='word_1_652' title='bbox 1065 4883 1247 4951; x_wconf 84' lang='grc' dir='ltr'><strong>λέγειν</strong></span> <span class='ocrx_word' id='word_1_653' title='bbox 1269 4881 1389 4950; x_wconf 70' lang='grc' dir='ltr'><strong>μὲν,</strong></span> <span class='ocrx_word' id='word_1_654' title='bbox 1407 4882 1508 4935; x_wconf 80' lang='grc' dir='ltr'><strong>οὐκ</strong></span> <span class='ocrx_word' id='word_1_655' title='bbox 1529 4881 1753 4936; x_wconf 82' lang='grc' dir='ltr'><strong>ἀκούειν</strong></span> 
     </span>
    </p>
   </div>
   <div class='ocr_carea' id='block_1_95' title="bbox 75 4973 1750 5044">
    <p class='ocr_par' dir='ltr' id='par_1_95' title="bbox 75 4973 1750 5044">
     <span class='ocr_line' id='line_1_95' title="bbox 75 4973 1750 5044; baseline 0 -16"><span class='ocrx_word' id='word_1_656' title='bbox 75 4982 153 5034; x_wconf 76' lang='grc' dir='ltr'><strong>δὲ</strong></span> <span class='ocrx_word' id='word_1_657' title='bbox 192 4980 327 5033; x_wconf 80' lang='grc' dir='ltr'><strong>καὶ</strong></span> <span class='ocrx_word' id='word_1_658' title='bbox 368 4973 476 5026; x_wconf 82' lang='grc' dir='ltr'><strong>τοῦ</strong></span> <span class='ocrx_word' id='word_1_659' title='bbox 500 4974 966 5043; x_wconf 84' lang='grc' dir='ltr'><strong>ἀποκρινομένου.</strong></span> <span class='ocrx_word' id='word_1_660' title='bbox 1005 4976 1114 5027; x_wconf 76' lang='grc' dir='ltr'><strong>Καὶ</strong></span> <span class='ocrx_word' id='word_1_661' title='bbox 1154 4975 1219 5027; x_wconf 87' lang='grc' dir='ltr'><strong>σὺ</strong></span> <span class='ocrx_word' id='word_1_662' title='bbox 1269 4976 1367 5044; x_wconf 72' lang='grc' dir='ltr'><strong>μὲν</strong></span> <span class='ocrx_word' id='word_1_663' title='bbox 1394 4975 1476 5041; x_wconf 82' lang='grc' dir='ltr'><strong>τὸ,</strong></span> <span class='ocrx_word' id='word_1_664' title='bbox 1508 4974 1750 5028; x_wconf 85' lang='grc' dir='ltr'><strong>Σέκουλα</strong></span> 
     </span>
    </p>
   </div>
   <div class='ocr_carea' id='block_1_96' title="bbox 77 5063 1748 5135">
    <p class='ocr_par' dir='ltr' id='par_1_96' title="bbox 77 5063 1748 5135">
     <span class='ocr_line' id='line_1_96' title="bbox 77 5063 1748 5135; baseline -0.004 -10"><span class='ocrx_word' id='word_1_665' title='bbox 77 5063 817 5132; x_wconf 75' lang='grc' dir='ltr'><strong>σεκουλὼρουμ,εἱπὼν,</strong></span> <span class='ocrx_word' id='word_1_666' title='bbox 857 5065 1169 5134; x_wconf 78' lang='grc' dir='ltr'><strong>αἰσχυνθεὶς</strong></span> <span class='ocrx_word' id='word_1_667' title='bbox 1221 5067 1293 5135; x_wconf 77' lang='grc' dir='ltr'><strong>τῇ</strong></span> <span class='ocrx_word' id='word_1_668' title='bbox 1346 5068 1748 5135; x_wconf 77' lang='grc' dir='ltr'><strong>στενοχωρήσει</strong></span> 
     </span>
    </p>
   </div>
   <div class='ocr_carea' id='block_1_97' title="bbox 69 5155 1752 5230">
    <p class='ocr_par' dir='ltr' id='par_1_97' title="bbox 69 5155 1752 5230">
     <span class='ocr_line' id='line_1_97' title="bbox 69 5155 1752 5230; baseline -0.007 -9"><span class='ocrx_word' id='word_1_669' title='bbox 69 5164 204 5221; x_wconf 80' lang='grc' dir='ltr'><strong>τοῦ</strong></span> <span class='ocrx_word' id='word_1_670' title='bbox 249 5157 417 5230; x_wconf 79' lang='grc' dir='ltr'><strong>φρὰ</strong></span> <span class='ocrx_word' id='word_1_671' title='bbox 459 5155 707 5208; x_wconf 82' lang='grc' dir='ltr'><strong>Ἰωάννου</strong></span> <span class='ocrx_word' id='word_1_672' title='bbox 745 5155 1125 5227; x_wconf 80' lang='grc' dir='ltr'><strong>ἀνεχώρησας,</strong></span> <span class='ocrx_word' id='word_1_673' title='bbox 1176 5158 1273 5209; x_wconf 81' lang='grc' dir='ltr'><strong>καὶ</strong></span> <span class='ocrx_word' id='word_1_674' title='bbox 1313 5155 1499 5208; x_wconf 86' lang='grc' dir='ltr'><strong>οὐκέτι</strong></span> <span class='ocrx_word' id='word_1_675' title='bbox 1527 5157 1752 5210; x_wconf 77' lang='grc' dir='ltr'><strong>ἐϐούλου</strong></span> 
     </span>
    </p>
   </div>
   <div class='ocr_carea' id='block_1_98' title="bbox 71 5248 1751 5318">
    <p class='ocr_par' dir='ltr' id='par_1_98' title="bbox 71 5248 1751 5318">
     <span class='ocr_line' id='line_1_98' title="bbox 71 5248 1751 5318; baseline -0.005 -8"><span class='ocrx_word' id='word_1_676' title='bbox 71 5251 479 5313; x_wconf 76' lang='grc' dir='ltr'><strong>συνελθεῖν·</strong></span> <span class='ocrx_word' id='word_1_677' title='bbox 509 5251 557 5301; x_wconf 81' lang='lat' dir='ltr'><strong>oi</strong></span> <span class='ocrx_word' id='word_1_678' title='bbox 603 5248 661 5302; x_wconf 63' lang='grc' dir='ltr'><strong>δὲ</strong></span> <span class='ocrx_word' id='word_1_679' title='bbox 704 5250 925 5302; x_wconf 84' lang='grc' dir='ltr'><strong>Λατῖνοι</strong></span> <span class='ocrx_word' id='word_1_680' title='bbox 974 5248 1073 5300; x_wconf 81' lang='grc' dir='ltr'><strong>οὐκ</strong></span> <span class='ocrx_word' id='word_1_681' title='bbox 1118 5248 1401 5317; x_wconf 79' lang='grc' dir='ltr'><strong>ἠνείχοντο</strong></span> <span class='ocrx_word' id='word_1_682' title='bbox 1447 5248 1751 5318; x_wconf 78' lang='grc' dir='ltr'><strong>σιωπῆσαι,</strong></span> 
     </span>
    </p>
   </div>
   <div class='ocr_carea' id='block_1_99' title="bbox 66 5339 1754 5410">
    <p class='ocr_par' dir='ltr' id='par_1_99' title="bbox 66 5339 1754 5410">
     <span class='ocr_line' id='line_1_99' title="bbox 66 5339 1754 5410; baseline -0.009 -1"><span class='ocrx_word' id='word_1_683' title='bbox 66 5354 201 5409; x_wconf 77' lang='grc' dir='ltr'><strong>καὶ</strong></span> <span class='ocrx_word' id='word_1_684' title='bbox 234 5347 407 5406; x_wconf 73' lang='grc' dir='ltr'><strong>τοῖς</strong></span> <span class='ocrx_word' id='word_1_685' title='bbox 435 5343 549 5404; x_wconf 82' lang='grc' dir='ltr'><strong>σοῖς</strong></span> <span class='ocrx_word' id='word_1_686' title='bbox 566 5341 749 5409; x_wconf 81' lang='grc' dir='ltr'><strong>λόγοις</strong></span> <span class='ocrx_word' id='word_1_687' title='bbox 773 5339 847 5410; x_wconf 83' lang='grc' dir='ltr'><strong>μὴ</strong></span> <span class='ocrx_word' id='word_1_688' title='bbox 864 5339 1047 5394; x_wconf 82' lang='grc' dir='ltr'><strong>δοῦναι</strong></span> <span class='ocrx_word' id='word_1_689' title='bbox 1076 5341 1394 5409; x_wconf 83' lang='grc' dir='ltr'><strong>ἀπολογίαν.</strong></span> <span class='ocrx_word' id='word_1_690' title='bbox 1429 5340 1597 5394; x_wconf 83' lang='grc' dir='ltr'><strong>Ὅθεν</strong></span> <span class='ocrx_word' id='word_1_691' title='bbox 1620 5342 1754 5394; x_wconf 76' lang='grc' dir='ltr'><strong>ἑκά-</strong></span> 
     </span>
    </p>
   </div>
   <div class='ocr_carea' id='block_1_100' title="bbox 62 5431 1755 5501">
    <p class='ocr_par' dir='ltr' id='par_1_100' title="bbox 62 5431 1755 5501">
     <span class='ocr_line' id='line_1_100' title="bbox 62 5431 1755 5501; baseline -0.006 -3"><span class='ocrx_word' id='word_1_692' title='bbox 62 5447 246 5498; x_wconf 78' lang='grc' dir='ltr'><strong>λουν</strong></span> <span class='ocrx_word' id='word_1_693' title='bbox 313 5433 648 5491; x_wconf 81' lang='grc' dir='ltr'><strong>κανονικῶς</strong></span> <span class='ocrx_word' id='word_1_694' title='bbox 702 5432 850 5501; x_wconf 76' lang='grc' dir='ltr'><strong>ὑμᾶς</strong></span> <span class='ocrx_word' id='word_1_695' title='bbox 907 5431 1183 5485; x_wconf 85' lang='grc' dir='ltr'><strong>συνελθεῖν</strong></span> <span class='ocrx_word' id='word_1_696' title='bbox 1236 5434 1331 5486; x_wconf 70' lang='grc' dir='ltr'><strong>καὶ</strong></span> <span class='ocrx_word' id='word_1_697' title='bbox 1375 5434 1606 5487; x_wconf 75' lang='grc' dir='ltr'><strong>ἀκοῦσαι</strong></span> <span class='ocrx_word' id='word_1_698' title='bbox 1657 5436 1755 5498; x_wconf 82' lang='grc' dir='ltr'><strong>τὰς</strong></span> 
     </span>
    </p>
   </div>
   <div class='ocr_carea' id='block_1_101' title="bbox 59 5522 1754 5601">
    <p class='ocr_par' dir='ltr' id='par_1_101' title="bbox 59 5522 1754 5601">
     <span class='ocr_line' id='line_1_101' title="bbox 59 5522 1754 5601; baseline -0.007 -10"><span class='ocrx_word' id='word_1_699' title='bbox 59 5530 506 5601; x_wconf 74' lang='grc' dir='ltr'><strong>ἀποκρίσεις</strong></span> <span class='ocrx_word' id='word_1_700' title='bbox 532 5522 639 5578; x_wconf 81' lang='grc' dir='ltr'><strong>τῶν</strong></span> <span class='ocrx_word' id='word_1_701' title='bbox 671 5525 870 5593; x_wconf 88' lang='grc' dir='ltr'><strong>λόγων.</strong></span> <span class='ocrx_word' id='word_1_702' title='bbox 905 5528 1014 5580; x_wconf 76' lang='grc' dir='ltr'><strong>Καί</strong></span> <span class='ocrx_word' id='word_1_703' title='bbox 1040 5544 1132 5580; x_wconf 91' lang='grc' dir='ltr'><strong>σου</strong></span> <span class='ocrx_word' id='word_1_704' title='bbox 1165 5526 1263 5596; x_wconf 76' lang='grc' dir='ltr'><strong>μὲν</strong></span> <span class='ocrx_word' id='word_1_705' title='bbox 1300 5528 1374 5595; x_wconf 79' lang='grc' dir='ltr'><strong>μὴ</strong></span> <span class='ocrx_word' id='word_1_706' title='bbox 1425 5526 1754 5596; x_wconf 85' lang='grc' dir='ltr'><strong>βουλομένου</strong></span> 
     </span>
    </p>
   </div>
   <div class='ocr_carea' id='block_1_102' title="bbox 54 5618 1755 5689">
    <p class='ocr_par' dir='ltr' id='par_1_102' title="bbox 54 5618 1755 5689">
     <span class='ocr_line' id='line_1_102' title="bbox 54 5618 1755 5689; baseline -0.006 -8"><span class='ocrx_word' id='word_1_707' title='bbox 54 5624 473 5689; x_wconf 75' lang='grc' dir='ltr'><strong>συνελθεῖν,</strong></span> <span class='ocrx_word' id='word_1_708' title='bbox 508 5621 535 5671; x_wconf 85' lang='grc' dir='ltr'><strong>ὁ</strong></span> <span class='ocrx_word' id='word_1_709' title='bbox 564 5618 823 5689; x_wconf 78' lang='grc' dir='ltr'><strong>βασιλεύς</strong></span> <span class='ocrx_word' id='word_1_710' title='bbox 868 5637 928 5672; x_wconf 87' lang='grc' dir='ltr'><strong>τε</strong></span> <span class='ocrx_word' id='word_1_711' title='bbox 959 5622 1055 5672; x_wconf 78' lang='grc' dir='ltr'><strong>καὶ</strong></span> <span class='ocrx_word' id='word_1_712' title='bbox 1109 5622 1137 5673; x_wconf 85' lang='grc' dir='ltr'>ὁ</span> <span class='ocrx_word' id='word_1_713' title='bbox 1178 5620 1527 5689; x_wconf 85' lang='grc' dir='ltr'><strong>πατριάρχης</strong></span> <span class='ocrx_word' id='word_1_714' title='bbox 1576 5620 1670 5671; x_wconf 74' lang='grc' dir='ltr'><strong>καὶ</strong></span> <span class='ocrx_word' id='word_1_715' title='bbox 1706 5621 1755 5671; x_wconf 78' lang='grc' dir='ltr'><strong>οι</strong></span> 
     </span>
    </p>
   </div>
   <div class='ocr_carea' id='block_1_103' title="bbox 51 5711 1755 5782">
    <p class='ocr_par' dir='ltr' id='par_1_103' title="bbox 51 5711 1755 5782">
     <span class='ocr_line' id='line_1_103' title="bbox 51 5711 1755 5782; baseline -0.008 -4"><span class='ocrx_word' id='word_1_716' title='bbox 51 5725 455 5781; x_wconf 55' lang='grc' dir='ltr'><strong>ἐπίλοιποι</strong></span> <span class='ocrx_word' id='word_1_717' title='bbox 489 5711 589 5779; x_wconf 84' lang='grc' dir='ltr'><strong>τῆς</strong></span> <span class='ocrx_word' id='word_1_718' title='bbox 618 5711 945 5781; x_wconf 79' lang='grc' dir='ltr'><strong>ἀνατολικῆς</strong></span> <span class='ocrx_word' id='word_1_719' title='bbox 968 5711 1296 5780; x_wconf 81' lang='grc' dir='ltr'><strong>Ἐκκλησίας</strong></span> <span class='ocrx_word' id='word_1_720' title='bbox 1324 5712 1549 5779; x_wconf 85' lang='grc' dir='ltr'><strong>λογάδες</strong></span> <span class='ocrx_word' id='word_1_721' title='bbox 1575 5711 1755 5782; x_wconf 75' lang='grc' dir='ltr'><strong>ᾠήθη-</strong></span> 
     </span>
    </p>
   </div>
   <div class='ocr_carea' id='block_1_104' title="bbox 52 5785 1748 5873">
    <p class='ocr_par' dir='ltr' id='par_1_104' title="bbox 52 5797 1748 5873">
     <span class='ocr_line' id='line_1_104' title="bbox 52 5797 1748 5873; baseline 0.001 -18"><span class='ocrx_word' id='word_1_722' title='bbox 52 5836 196 5873; x_wconf 63' lang='grc' dir='ltr'><strong>σαν</strong></span> <span class='ocrx_word' id='word_1_723' title='bbox 265 5810 540 5863; x_wconf 71' lang='grc' dir='ltr'><strong>δὶκαιον</strong></span> <span class='ocrx_word' id='word_1_724' title='bbox 589 5797 728 5855; x_wconf 70' lang='grc' dir='ltr'><strong>εἶναι</strong></span> <span class='ocrx_word' id='word_1_725' title='bbox 782 5803 1079 5867; x_wconf 79' lang='grc' dir='ltr'><strong>συνελθεῖν,</strong></span> <span class='ocrx_word' id='word_1_726' title='bbox 1134 5804 1230 5855; x_wconf 69' lang='grc' dir='ltr'><strong>καὶ</strong></span> <span class='ocrx_word' id='word_1_727' title='bbox 1276 5802 1417 5854; x_wconf 76' lang='grc' dir='ltr'><strong>οὕτω</strong></span> <span class='ocrx_word' id='word_1_728' title='bbox 1466 5805 1748 5873; x_wconf 75' lang='grc' dir='ltr'><strong>συνῆλθον.</strong></span> 
     </span>
    </p>
   </div>
   <div class='ocr_carea' id='block_1_105' title="bbox 66 5891 1743 5968">
    <p class='ocr_par' dir='ltr' id='par_1_105' title="bbox 66 5891 1743 5968">
     <span class='ocr_line' id='line_1_105' title="bbox 66 5891 1743 5968; baseline -0.01 -5"><span class='ocrx_word' id='word_1_729' title='bbox 66 5895 585 5968; x_wconf 77' lang='grc' dir='ltr'><strong>’Δποστειλασα</strong></span> <span class='ocrx_word' id='word_1_730' title='bbox 619 5891 715 5948; x_wconf 77' lang='grc' dir='ltr'><strong>οὖν</strong></span> <span class='ocrx_word' id='word_1_731' title='bbox 740 5896 773 5964; x_wconf 78' lang='grc' dir='ltr'>ἡ</span> <span class='ocrx_word' id='word_1_732' title='bbox 828 5895 1045 5961; x_wconf 67' lang='grc' dir='ltr'><strong>σύνοδις</strong></span> <span class='ocrx_word' id='word_1_733' title='bbox 1104 5894 1285 5947; x_wconf 70' lang='grc' dir='ltr'><strong>ἐκάλει</strong></span> <span class='ocrx_word' id='word_1_734' title='bbox 1320 5900 1411 5949; x_wconf 72' lang='grc' dir='ltr'><strong>καὶ</strong></span> <span class='ocrx_word' id='word_1_735' title='bbox 1449 5896 1509 5947; x_wconf 86' lang='grc' dir='ltr'><strong>σὲ</strong></span> <span class='ocrx_word' id='word_1_736' title='bbox 1552 5895 1743 5963; x_wconf 76' lang='grc' dir='ltr'><strong>ἐλθεῖν,</strong></span> 
     </span>
    </p>
   </div>
   <div class='ocr_carea' id='block_1_106' title="bbox 1856 4698 3434 4770">
    <p class='ocr_par' dir='ltr' id='par_1_106' title="bbox 1856 4698 3434 4770">
     <span class='ocr_line' id='line_1_106' title="bbox 1856 4698 3434 4770; baseline 0.001 -17"><span class='ocrx_word' id='word_1_737' title='bbox 1856 4698 2062 4753; x_wconf 71' lang='grc' dir='ltr'><strong>(ἐι-ιεσίε</strong></span> <span class='ocrx_word' id='word_1_738' title='bbox 2092 4700 2333 4763; x_wconf 85' lang='lat' dir='ltr'><strong>dixeras,</strong></span> <span class='ocrx_word' id='word_1_739' title='bbox 2367 4710 2421 4753; x_wconf 90' lang='lat' dir='ltr'><strong>et</strong></span> <span class='ocrx_word' id='word_1_740' title='bbox 2454 4700 2593 4753; x_wconf 89' lang='lat' dir='ltr'><strong>adeo</strong></span> <span class='ocrx_word' id='word_1_741' title='bbox 2624 4700 2864 4770; x_wconf 84' lang='lat' dir='ltr'><strong>prolixos</strong></span> <span class='ocrx_word' id='word_1_742' title='bbox 2894 4717 3176 4757; x_wconf 82' lang='lat' dir='ltr'><strong>sermones</strong></span> <span class='ocrx_word' id='word_1_743' title='bbox 3229 4703 3434 4756; x_wconf 86' lang='lat' dir='ltr'><strong>habue-</strong></span> 
     </span>
    </p>
   </div>
   <div class='ocr_carea' id='block_1_107' title="bbox 1859 4792 3441 4861">
    <p class='ocr_par' dir='ltr' id='par_1_107' title="bbox 1859 4792 3441 4861">
     <span class='ocr_line' id='line_1_107' title="bbox 1859 4792 3441 4861; baseline 0 -15"><span class='ocrx_word' id='word_1_744' title='bbox 1859 4809 1969 4856; x_wconf 85' lang='lat' dir='ltr'><strong>ras,</strong></span> <span class='ocrx_word' id='word_1_745' title='bbox 2001 4792 2224 4847; x_wconf 90' lang='lat' dir='ltr'><strong>audires</strong></span> <span class='ocrx_word' id='word_1_746' title='bbox 2281 4792 2447 4846; x_wconf 88' lang='lat' dir='ltr'><strong>etiam</strong></span> <span class='ocrx_word' id='word_1_747' title='bbox 2486 4792 2906 4861; x_wconf 88' lang='lat' dir='ltr'><strong>responsiones;</strong></span> <span class='ocrx_word' id='word_1_748' title='bbox 2947 4808 3125 4861; x_wconf 89' lang='lat' dir='ltr'><strong>neque</strong></span> <span class='ocrx_word' id='word_1_749' title='bbox 3178 4794 3323 4847; x_wconf 87' lang='lat' dir='ltr'><strong>enim</strong></span> <span class='ocrx_word' id='word_1_750' title='bbox 3348 4792 3441 4861; x_wconf 80' lang='lat' dir='ltr'><strong>ju-</strong></span> 
     </span>
    </p>
   </div>
   <div class='ocr_carea' id='block_1_108' title="bbox 1856 4880 3436 4951">
    <p class='ocr_par' dir='ltr' id='par_1_108' title="bbox 1856 4880 3436 4951">
     <span class='ocr_line' id='line_1_108' title="bbox 1856 4880 3436 4951; baseline -0.001 -13"><span class='ocrx_word' id='word_1_751' title='bbox 1856 4894 1999 4938; x_wconf 90' lang='lat' dir='ltr'><strong>stum</strong></span> <span class='ocrx_word' id='word_1_752' title='bbox 2050 4892 2134 4937; x_wconf 89' lang='lat' dir='ltr'><strong>est</strong></span> <span class='ocrx_word' id='word_1_753' title='bbox 2182 4883 2359 4937; x_wconf 91' lang='lat' dir='ltr'><strong>solum</strong></span> <span class='ocrx_word' id='word_1_754' title='bbox 2419 4882 2786 4951; x_wconf 85' lang='lat' dir='ltr'><strong>disputantem</strong></span> <span class='ocrx_word' id='word_1_755' title='bbox 2830 4880 3033 4947; x_wconf 89' lang='lat' dir='ltr'><strong>dicere,</strong></span> <span class='ocrx_word' id='word_1_756' title='bbox 3086 4891 3137 4935; x_wconf 92' lang='lat' dir='ltr'><strong>et</strong></span> <span class='ocrx_word' id='word_1_757' title='bbox 3177 4897 3436 4950; x_wconf 86' lang='lat' dir='ltr'><strong>responsa</strong></span> 
     </span>
    </p>
   </div>
   <div class='ocr_carea' id='block_1_109' title="bbox 1857 4972 3439 5043">
    <p class='ocr_par' dir='ltr' id='par_1_109' title="bbox 1857 4972 3439 5043">
     <span class='ocr_line' id='line_1_109' title="bbox 1857 4972 3439 5043; baseline -0.003 -14"><span class='ocrx_word' id='word_1_758' title='bbox 1857 4990 1965 5029; x_wconf 92' lang='lat' dir='ltr'><strong>non</strong></span> <span class='ocrx_word' id='word_1_759' title='bbox 1998 4975 2209 5029; x_wconf 84' lang='lat' dir='ltr'><strong>audire.</strong></span> <span class='ocrx_word' id='word_1_760' title='bbox 2245 4975 2309 5028; x_wconf 84' lang='lat' dir='ltr'><strong>Et</strong></span> <span class='ocrx_word' id='word_1_761' title='bbox 2342 4982 2395 5027; x_wconf 94' lang='lat' dir='ltr'><strong>tu</strong></span> <span class='ocrx_word' id='word_1_762' title='bbox 2424 4974 2642 5043; x_wconf 88' lang='lat' dir='ltr'><strong>quidem</strong></span> <span class='ocrx_word' id='word_1_763' title='bbox 2670 4989 2821 5037; x_wconf 90' lang='lat' dir='ltr'><strong>cum,</strong></span> <span class='ocrx_word' id='word_1_764' title='bbox 2849 4972 3058 5027; x_wconf 67' lang='lat' dir='ltr'><strong>Saecula</strong></span> <span class='ocrx_word' id='word_1_765' title='bbox 3084 4974 3439 5038; x_wconf 64' lang='lat' dir='ltr'><strong>saeculorum,</strong></span> 
     </span>
    </p>
   </div>
   <div class='ocr_carea' id='block_1_110' title="bbox 1859 5063 3440 5136">
    <p class='ocr_par' dir='ltr' id='par_1_110' title="bbox 1859 5063 3440 5136">
     <span class='ocr_line' id='line_1_110' title="bbox 1859 5063 3440 5136; baseline -0.002 -16"><span class='ocrx_word' id='word_1_766' title='bbox 1859 5066 2295 5136; x_wconf 89' lang='lat' dir='ltr'><strong>pronuntiasses,</strong></span> <span class='ocrx_word' id='word_1_767' title='bbox 2326 5080 2436 5135; x_wconf 68' lang='lat' dir='ltr'><strong>pra:</strong></span> <span class='ocrx_word' id='word_1_768' title='bbox 2467 5065 2696 5135; x_wconf 81' lang='lat' dir='ltr'><strong>pudore,</strong></span> <span class='ocrx_word' id='word_1_769' title='bbox 2731 5067 2876 5135; x_wconf 89' lang='lat' dir='ltr'><strong>quod</strong></span> <span class='ocrx_word' id='word_1_770' title='bbox 2911 5076 2963 5119; x_wconf 93' lang='lat' dir='ltr'><strong>te</strong></span> <span class='ocrx_word' id='word_1_771' title='bbox 2997 5066 3167 5118; x_wconf 84' lang='lat' dir='ltr'><strong>frater</strong></span> <span class='ocrx_word' id='word_1_772' title='bbox 3195 5063 3440 5117; x_wconf 80' lang='lat' dir='ltr'><strong>Joannes</strong></span> 
     </span>
    </p>
   </div>
   <div class='ocr_carea' id='block_1_111' title="bbox 1859 5156 3437 5228">
    <p class='ocr_par' dir='ltr' id='par_1_111' title="bbox 1859 5156 3437 5228">
     <span class='ocr_line' id='line_1_111' title="bbox 1859 5156 3437 5228; baseline -0.004 -14"><span class='ocrx_word' id='word_1_773' title='bbox 1859 5160 1914 5214; x_wconf 93' lang='lat' dir='ltr'><strong>in</strong></span> <span class='ocrx_word' id='word_1_774' title='bbox 1939 5160 2217 5227; x_wconf 79' lang='lat' dir='ltr'><strong>angustias</strong></span> <span class='ocrx_word' id='word_1_775' title='bbox 2272 5158 2595 5228; x_wconf 79' lang='lat' dir='ltr'><strong>redegisset,</strong></span> <span class='ocrx_word' id='word_1_776' title='bbox 2620 5158 2920 5222; x_wconf 89' lang='lat' dir='ltr'><strong>recessisti,</strong></span> <span class='ocrx_word' id='word_1_777' title='bbox 2981 5173 3079 5211; x_wconf 89' lang='lat' dir='ltr'><strong>nec</strong></span> <span class='ocrx_word' id='word_1_778' title='bbox 3115 5156 3352 5225; x_wconf 87' lang='lat' dir='ltr'><strong>amplius</strong></span> <span class='ocrx_word' id='word_1_779' title='bbox 3382 5158 3437 5208; x_wconf 91' lang='lat' dir='ltr'><strong>in</strong></span> 
     </span>
    </p>
   </div>
   <div class='ocr_carea' id='block_1_112' title="bbox 1859 5249 3441 5323">
    <p class='ocr_par' dir='ltr' id='par_1_112' title="bbox 1859 5249 3441 5323">
     <span class='ocr_line' id='line_1_112' title="bbox 1859 5249 3441 5323; baseline -0.003 -18"><span class='ocrx_word' id='word_1_780' title='bbox 1859 5251 2127 5323; x_wconf 89' lang='lat' dir='ltr'><strong>synodum</strong></span> <span class='ocrx_word' id='word_1_781' title='bbox 2162 5251 2244 5317; x_wconf 84' lang='lat' dir='ltr'><strong>ire</strong></span> <span class='ocrx_word' id='word_1_782' title='bbox 2293 5250 2549 5313; x_wconf 87' lang='lat' dir='ltr'><strong>voluisti;</strong></span> <span class='ocrx_word' id='word_1_783' title='bbox 2582 5249 2760 5305; x_wconf 90' lang='lat' dir='ltr'><strong>Latini</strong></span> <span class='ocrx_word' id='word_1_784' title='bbox 2788 5267 2915 5305; x_wconf 84' lang='lat' dir='ltr'><strong>vero</strong></span> <span class='ocrx_word' id='word_1_785' title='bbox 2962 5251 3125 5305; x_wconf 84' lang='lat' dir='ltr'><strong>silere</strong></span> <span class='ocrx_word' id='word_1_786' title='bbox 3155 5252 3441 5320; x_wconf 79' lang='lat' dir='ltr'><strong>haudqua-</strong></span> 
     </span>
    </p>
   </div>
   <div class='ocr_carea' id='block_1_113' title="bbox 1859 5343 3440 5414">
    <p class='ocr_par' dir='ltr' id='par_1_113' title="bbox 1859 5343 3440 5414">
     <span class='ocr_line' id='line_1_113' title="bbox 1859 5343 3440 5414; baseline -0.002 -16"><span class='ocrx_word' id='word_1_787' title='bbox 1859 5360 2022 5414; x_wconf 90' lang='lat' dir='ltr'><strong>quam</strong></span> <span class='ocrx_word' id='word_1_788' title='bbox 2054 5344 2422 5409; x_wconf 85' lang='lat' dir='ltr'><strong>sustinebant,</strong></span> <span class='ocrx_word' id='word_1_789' title='bbox 2476 5354 2529 5399; x_wconf 85' lang='lat' dir='ltr'><strong>et</strong></span> <span class='ocrx_word' id='word_1_790' title='bbox 2563 5345 2669 5399; x_wconf 88' lang='lat' dir='ltr'><strong>tuis</strong></span> <span class='ocrx_word' id='word_1_791' title='bbox 2703 5343 3051 5397; x_wconf 75' lang='lat' dir='ltr'><strong>sermonibus</strong></span> <span class='ocrx_word' id='word_1_792' title='bbox 3100 5344 3303 5397; x_wconf 88' lang='lat' dir='ltr'><strong>nullam</strong></span> <span class='ocrx_word' id='word_1_793' title='bbox 3340 5358 3440 5411; x_wconf 78' lang='lat' dir='ltr'><strong>0p-</strong></span> 
     </span>
    </p>
   </div>
   <div class='ocr_carea' id='block_1_114' title="bbox 1868 5436 3445 5509">
    <p class='ocr_par' dir='ltr' id='par_1_114' title="bbox 1868 5436 3445 5509">
     <span class='ocr_line' id='line_1_114' title="bbox 1868 5436 3445 5509; baseline -0.003 -16"><span class='ocrx_word' id='word_1_794' title='bbox 1868 5452 2070 5509; x_wconf 88' lang='lat' dir='ltr'><strong>ponere</strong></span> <span class='ocrx_word' id='word_1_795' title='bbox 2100 5437 2495 5491; x_wconf 85' lang='lat' dir='ltr'><strong>defensionem.</strong></span> <span class='ocrx_word' id='word_1_796' title='bbox 2519 5436 2858 5507; x_wconf 82' lang='lat' dir='ltr'><strong>QuaprOpter</strong></span> <span class='ocrx_word' id='word_1_797' title='bbox 2894 5437 3155 5491; x_wconf 86' lang='lat' dir='ltr'><strong>canenice</strong></span> <span class='ocrx_word' id='word_1_798' title='bbox 3182 5452 3276 5491; x_wconf 86' lang='lat' dir='ltr'><strong>vos</strong></span> <span class='ocrx_word' id='word_1_799' title='bbox 3305 5453 3445 5491; x_wconf 78' lang='lat' dir='ltr'><strong>con-</strong></span> 
     </span>
    </p>
   </div>
   <div class='ocr_carea' id='block_1_115' title="bbox 1862 5531 3445 5599">
    <p class='ocr_par' dir='ltr' id='par_1_115' title="bbox 1862 5531 3445 5599">
     <span class='ocr_line' id='line_1_115' title="bbox 1862 5531 3445 5599; baseline 0.001 -16"><span class='ocrx_word' id='word_1_800' title='bbox 1862 5531 2155 5596; x_wconf 85' lang='lat' dir='ltr'><strong>vocabant,</strong></span> <span class='ocrx_word' id='word_1_801' title='bbox 2182 5538 2242 5582; x_wconf 94' lang='lat' dir='ltr'><strong>ut</strong></span> <span class='ocrx_word' id='word_1_802' title='bbox 2277 5531 2665 5592; x_wconf 81' lang='lat' dir='ltr'><strong>convenirelis,</strong></span> <span class='ocrx_word' id='word_1_803' title='bbox 2697 5539 2750 5583; x_wconf 92' lang='lat' dir='ltr'><strong>et</strong></span> <span class='ocrx_word' id='word_1_804' title='bbox 2779 5545 3040 5599; x_wconf 89' lang='lat' dir='ltr'><strong>responsa</strong></span> <span class='ocrx_word' id='word_1_805' title='bbox 3066 5531 3131 5584; x_wconf 89' lang='lat' dir='ltr'><strong>ad</strong></span> <span class='ocrx_word' id='word_1_806' title='bbox 3157 5546 3445 5585; x_wconf 89' lang='lat' dir='ltr'><strong>sermones</strong></span> 
     </span>
    </p>
   </div>
   <div class='ocr_carea' id='block_1_116' title="bbox 1864 5620 3442 5686">
    <p class='ocr_par' dir='ltr' id='par_1_116' title="bbox 1864 5620 3442 5686">
     <span class='ocr_line' id='line_1_116' title="bbox 1864 5620 3442 5686; baseline -0.002 -12"><span class='ocrx_word' id='word_1_807' title='bbox 1864 5620 2081 5674; x_wconf 86' lang='lat' dir='ltr'><strong>habitos</strong></span> <span class='ocrx_word' id='word_1_808' title='bbox 2110 5620 2373 5675; x_wconf 84' lang='lat' dir='ltr'><strong>audiretis</strong></span> <span class='ocrx_word' id='word_1_809' title='bbox 2401 5638 2414 5674; x_wconf 88' lang='lat'><strong>:</strong></span> <span class='ocrx_word' id='word_1_810' title='bbox 2467 5630 2517 5673; x_wconf 92' lang='lat' dir='ltr'><strong>te</strong></span> <span class='ocrx_word' id='word_1_811' title='bbox 2552 5634 2681 5674; x_wconf 86' lang='lat' dir='ltr'><strong>vero</strong></span> <span class='ocrx_word' id='word_1_812' title='bbox 2716 5631 2983 5675; x_wconf 91' lang='lat' dir='ltr'><strong>renuente</strong></span> <span class='ocrx_word' id='word_1_813' title='bbox 3012 5630 3066 5675; x_wconf 95' lang='lat' dir='ltr'><strong>et</strong></span> <span class='ocrx_word' id='word_1_814' title='bbox 3114 5636 3223 5676; x_wconf 88' lang='lat' dir='ltr'><strong>non</strong></span> <span class='ocrx_word' id='word_1_815' title='bbox 3252 5632 3442 5686; x_wconf 74' lang='lat' dir='ltr'><strong>eunte,</strong></span> 
     </span>
    </p>
   </div>
   <div class='ocr_carea' id='block_1_117' title="bbox 1863 5710 3441 5782">
    <p class='ocr_par' dir='ltr' id='par_1_117' title="bbox 1863 5710 3441 5782">
     <span class='ocr_line' id='line_1_117' title="bbox 1863 5710 3441 5782; baseline 0.001 -17"><span class='ocrx_word' id='word_1_816' title='bbox 1863 5712 2185 5782; x_wconf 86' lang='lat' dir='ltr'><strong>imperator,</strong></span> <span class='ocrx_word' id='word_1_817' title='bbox 2232 5722 2286 5766; x_wconf 91' lang='lat' dir='ltr'><strong>et</strong></span> <span class='ocrx_word' id='word_1_818' title='bbox 2319 5713 2648 5781; x_wconf 85' lang='lat' dir='ltr'><strong>patriarcha.</strong></span> <span class='ocrx_word' id='word_1_819' title='bbox 2680 5723 2732 5766; x_wconf 91' lang='lat' dir='ltr'><strong>et</strong></span> <span class='ocrx_word' id='word_1_820' title='bbox 2764 5712 2955 5782; x_wconf 86' lang='lat' dir='ltr'><strong>reliqui</strong></span> <span class='ocrx_word' id='word_1_821' title='bbox 3011 5710 3303 5767; x_wconf 90' lang='lat' dir='ltr'><strong>Orientalis</strong></span> <span class='ocrx_word' id='word_1_822' title='bbox 3336 5713 3441 5767; x_wconf 84' lang='lat' dir='ltr'><strong>Ec-</strong></span> 
     </span>
    </p>
   </div>
   <div class='ocr_carea' id='block_1_118' title="bbox 1862 5805 3442 5875">
    <p class='ocr_par' dir='ltr' id='par_1_118' title="bbox 1862 5805 3442 5875">
     <span class='ocr_line' id='line_1_118' title="bbox 1862 5805 3442 5875; baseline 0 -18"><span class='ocrx_word' id='word_1_823' title='bbox 1862 5805 2039 5857; x_wconf 70' lang='lat' dir='ltr'><strong>clesiae</strong></span> <span class='ocrx_word' id='word_1_824' title='bbox 2089 5806 2379 5874; x_wconf 88' lang='lat' dir='ltr'><strong>optimates</strong></span> <span class='ocrx_word' id='word_1_825' title='bbox 2438 5805 2874 5857; x_wconf 72' lang='lat' dir='ltr'><strong>comenicndum</strong></span> <span class='ocrx_word' id='word_1_826' title='bbox 2930 5820 3050 5858; x_wconf 90' lang='lat' dir='ltr'><strong>esse</strong></span> <span class='ocrx_word' id='word_1_827' title='bbox 3097 5806 3442 5875; x_wconf 76' lang='lat' dir='ltr'><strong>iudicarunt,</strong></span> 
     </span>
    </p>
   </div>
   <div class='ocr_carea' id='block_1_119' title="bbox 1856 5896 3441 5969">
    <p class='ocr_par' dir='ltr' id='par_1_119' title="bbox 1856 5896 3441 5969">
     <span class='ocr_line' id='line_1_119' title="bbox 1856 5896 3441 5969; baseline 0.001 -17"><span class='ocrx_word' id='word_1_828' title='bbox 1856 5906 2018 5967; x_wconf 80' lang='lat' dir='ltr'><strong>atque</strong></span> <span class='ocrx_word' id='word_1_829' title='bbox 2041 5896 2113 5951; x_wconf 84' lang='lat' dir='ltr'><strong>ita</strong></span> <span class='ocrx_word' id='word_1_830' title='bbox 2158 5906 2553 5955; x_wconf 79' lang='lat' dir='ltr'><strong>convenerunt.</strong></span> <span class='ocrx_word' id='word_1_831' title='bbox 2611 5899 2919 5955; x_wconf 77' lang='lat' dir='ltr'><strong>Accersitus</strong></span> <span class='ocrx_word' id='word_1_832' title='bbox 2948 5909 3002 5953; x_wconf 91' lang='lat' dir='ltr'><strong>tn</strong></span> <span class='ocrx_word' id='word_1_833' title='bbox 3029 5915 3250 5969; x_wconf 83' lang='lat' dir='ltr'><strong>quoque</strong></span> <span class='ocrx_word' id='word_1_834' title='bbox 3291 5898 3441 5953; x_wconf 78' lang='lat' dir='ltr'><strong>fuisti</strong></span> 
     </span>
    </p>
   </div>
  </div>
