4164 6426
275 395 408 458 1069

962 516 1151 574 ΕΦΕΣ.

359 606 514 659 Ἐπεὶ
542 606 597 658 δέ
634 624 736 676 μου
771 609 1203 677 σεσιωπηκότος,
1234 609 1409 671 οὐδεὶς
1444 612 1526 661 ἔτι
1560 611 1668 661 τῶν
1701 614 1834 678 ἠμε-

276 700 451 769 τέρων
480 702 617 768 πρὸς
647 701 847 763 αὐτοὺς
880 700 1192 771 ἐθάρρησεν
1222 702 1636 767 ἀντιτάξασθαι,
1678 704 1836 755 τοῦτο

282 791 383 859 μὲν
404 790 513 841 τῶν
541 791 819 859 ἀρχόντων
840 790 984 844 οὕτω
1007 792 1128 845 δέον
1158 789 1298 845 εἶναι
1332 795 1649 862 κρινόντων,
1683 795 1839 848 τοῦτο

278 882 334 935 δὲ
372 882 467 933 καὶ
504 882 794 944 ὀκνοῦντες
841 882 1080 945 ἅπαντες
1127 884 1220 935 τὸν
1266 885 1471 951 ἀγῶνα,
1508 890 1603 938 καὶ
1652 888 1724 955 μὴ
1760 889 1839 949 εἰς

279 976 462 1045 ἐριδας
484 978 575 1028 καὶ
607 976 850 1045 ταραχὰς
881 978 1167 1048 ἐμπέσωσι
1200 978 1434 1041 δεδιότες
1462 994 1477 1009 °
1516 982 1711 1034 ἐκεῖνοι
1741 982 1841 1050 τὴν

279 1069 560 1137 ἡμετέραν
586 1069 794 1139 σιωπὴν
830 1068 903 1132 ὼς
931 1070 1162 1140 ἕρμαιον
1191 1071 1558 1139 λογισάμενοι,
1587 1073 1841 1143 καθάπερ

279 1160 430 1221 τινὰς
466 1161 709 1228 φυγάδας
771 1160 1175 1229 προεκαλοῦντο
1220 1164 1343 1226 τοὺς
1372 1166 1672 1234 ἡμετέρους
1707 1167 1841 1234 πρὸς

288 1249 470 1319 μάχην
494 1266 509 1281 ο
543 1250 637 1303 καὶ
676 1250 942 1320 μηδαμῶς
977 1254 1362 1305 ὑπακουόντων
1393 1256 1569 1323 ἡμῶν,
1610 1256 1842 1323 ἐπεκρό-

282 1357 411 1391 τουν
462 1340 536 1403 ὡς
591 1325 831 1411 νικῆταὶ,
872 1344 965 1395 καὶ
1012 1344 1111 1413 τὴν
1172 1344 1427 1413 ἀλήθειαν
1465 1345 1585 1415 μεθ’
1633 1348 1842 1400 ἑαυτῶν

281 1431 518 1500 ἔχοντες.

951 1528 1158 1582 ΔΠΟΛ.

371 1615 737 1687 Ἐπεκρότουν
780 1621 878 1690 οὺχ
923 1623 997 1683 ὡς
1028 1627 1267 1690 νικηταὶ,
1303 1622 1420 1675 ἀλλ’
1452 1624 1525 1684 ὡς
1551 1624 1718 1679 ἀθῶοι
1744 1625 1845 1693 τῆς

287 1707 383 1773 σῆς
413 1708 691 1779 διασολῆς·
727 1712 791 1764 σὺ
834 1713 941 1781 γὰρ
976 1716 1069 1767 καὶ
1096 1716 1144 1768 οῖ
1176 1719 1318 1771 κατά
1342 1719 1401 1770 σὲ
1436 1717 1559 1779 τοὺς
1584 1717 1845 1777 Λατίνους

282 1800 596 1866 αἱρετικοὺς
655 1802 829 1870 εἴχετε
884 1802 971 1856 διὰ
1022 1806 1081 1857 τὸ
1129 1806 1313 1873 λέγειν
1359 1808 1452 1860 καὶ
1489 1808 1551 1860 ἐκ
1587 1806 1680 1860 τοῦ
1708 1807 1841 1861 Υἱοῦ

286 1888 513 1958 Πνεῦμα
545 1894 1000 1961 ἐκπορευόμενον,
1041 1899 1135 1950 καὶ
1172 1900 1479 1952 ἐνεκαλεῖτε
1512 1899 1716 1961 αὐτοῖς,
1749 1902 1843 1952 καὶ

281 1979 562 2048 τολμητὰς
600 1982 693 2034 τοῦ
749 1983 1025 2051 συμϐόλου
1088 1988 1185 2041 καὶ
1233 1991 1672 2060 παραχαράκτας
1716 1992 1842 2043 ἐκα-

278 2068 448 2121 λεῖτε·
468 2074 666 2125 ἐκεῖνοι
692 2074 744 2126 δὲ
765 2077 891 2140 τοὺς
915 2078 1102 2145 ἁγίους
1124 2080 1249 2140 τοὺς
1266 2080 1646 2144 ’Δνατολικούς
1667 2099 1723 2135 τε
1752 2083 1845 2135 καὶ

282 2162 545 2225 Δυτικοὺς
601 2167 1034 2235 προκομίσαντες
1072 2172 1494 2239 συμφωνοῦντας
1519 2174 1596 2242 τῷ
1635 2174 1844 2227 ἑαυτῶν

278 2252 536 2323 δόγματι,
586 2256 617 2323 ἢ
673 2256 879 2327 βέλτιον
908 2262 1072 2328 φάναι
1095 2266 1158 2331 τῇ
1197 2264 1448 2332 ἀληθεία,
1488 2268 1840 2338 ἐπεκράτουν,

280 2346 359 2404 ὼς
410 2345 509 2398 οῦκ
542 2350 651 2401 είσι
681 2350 949 2419 τολμηταὶ
1006 2356 1099 2407 τοῦ
1151 2358 1421 2425 συμϐόλου
1470 2360 1500 2426 ἦ
1556 2363 1843 2430 αἱρετικοὶ,

280 2438 400 2489 ἀλλ’
431 2438 506 2502 ὼς
556 2443 653 2509 τὴν
687 2443 946 2511 ἀλήθειαν
980 2447 1260 2515 λέγοντες,
1293 2451 1394 2521 ἤδη
1448 2453 1545 2520 τῆς
1590 2452 1845 2521 ἀληθείας

284 2530 553 2600 φανείσης
578 2534 663 2585 διὰ
681 2536 789 2587 τῶν
809 2536 1144 2591 διδασκάλων
1176 2541 1274 2609 τῆς
1301 2541 1645 2611 Ἑκκλησὶας.
1673 2546 1844 2615 Προε-

284 2623 551 2677 καλοῦντο
605 2626 659 2679 δὲ
702 2628 831 2691 τοὺς
864 2630 1187 2699 ἡμετέρους,
1237 2635 1284 2685 εί
1336 2633 1619 2703 βούλονται
1670 2638 1847 2689 ἀντει-

282 2720 410 2768 πεῖν
440 2722 552 2780 τοῖς
589 2720 700 2771 τῶν
733 2721 1069 2776 διδασκάλων
1100 2727 1307 2795 ῥητοῖς.
1343 2728 1406 2778 Ol
1451 2728 1715 2798 ἡμέτεροι
1754 2725 1849 2784 οὖν

282 2811 591 2878 ἀντιλέγειν
621 2813 762 2868 οὕτω
798 2817 933 2885 πρδς
976 2820 1043 2870 τά
1081 2820 1354 2886 φανότατα
1387 2821 1486 2873 οὐκ
1517 2822 1847 2894 ἐθάρρησαν,

281 2902 405 2955 οῦδέ
440 2904 626 2967 ἁπλῶς
662 2908 1047 2973 ἀντιτάξασθαι
1078 2910 1290 2980 ἤθελον,
1321 2913 1419 2981 οὐχ
1440 2914 1514 2973 ὼς
1544 2915 1847 2982 ὀκνοῦντες,

280 2996 315 3064 ἦ
356 2994 605 3060 δεδιότες,
654 2999 729 3063 ὡς
770 3002 833 3052 σὺ
865 3001 992 3071 φῂς,
1039 3002 1154 3055 ἀλλ’
1186 3004 1261 3067 ὡς
1305 3007 1519 3073 μωρίαν
1554 3008 1848 3075 ἡγούμενοι

280 3089 587 3157 ἀντιλέγειν
620 3094 685 3161 τῇ
737 3093 998 3165 ἀληθείᾳ,
1033 3096 1175 3149 οὕτω
1226 3100 1479 3168 φανερῶς
1523 3101 1849 3173 δεικνυμένῃ

1331 402 1761 461 REFUTATiO
1794 396 2022 455 MARCI
2072 392 2393 453 EPHESIN
2411 394 2454 451 Ῐ.

2603 505 2841 561 ΕΡΗΕΞ.

2009 603 2271 668 Quoniam
2308 618 2457 664 vero,
2522 599 2612 652 ubi
2656 600 2943 652 tacuissent
3003 611 3122 663 ego,
3183 610 3244 646 ex
3302 593 3502 644 ιιοςιιῖε

1938 710 2098 747 nemo
2142 710 2308 747 ausus
2331 706 2408 747 est
2438 692 2672 759 amplius
2725 705 2844 742 sese
2903 688 3008 741 illis
3060 700 3351 754 opponere,
3393 695 3503 735 tum

1940 787 2065 852 quia
2091 787 2377 852 optimates
2436 786 2507 837 ita
2541 783 2652 835 fieri
2712 788 2964 848 oportere
3015 779 3328 837 censebant,
3391 786 3503 828 tum

1940 878 2066 947 quia
2091 893 2278 932 omnes
2298 889 2573 930 certamen
2608 873 3006 931 detrectabant,
3044 873 3298 925 timentes
3352 883 3420 920 ne
3449 882 3505 919 se

1944 970 2130 1023 litibus
2177 982 2239 1019 ac
2288 966 2462 1039 turbis
2524 965 2899 1033 implicarcnt;
2956 962 3027 1015 illi
3085 959 3502 1014 taciturnitatem

1942 1072 2185 1115 nostram
2212 1059 2380 1113 veluti
2412 1058 2625 1111 lucrum
2662 1056 2944 1126 inopinato
2968 1055 3069 1108 sibi
3094 1055 3333 1107 oblatum
3379 1053 3506 1111 rati.

1944 1162 2161 1205 nostros
2200 1151 2362 1204 veluti
2424 1149 2477 1202 in
2542 1147 2721 1216 fugam
2785 1161 2971 1199 versos
3021 1145 3386 1213 provocabant
3440 1143 3505 1195 ad

1942 1257 2175 1314 pugnam
2206 1257 2219 1293 :
2265 1242 2421 1294 nobis
2447 1248 2627 1293 autem
2664 1239 3045 1299 renuentibus,
3106 1236 3509 1305 applaudebaut

1944 1334 2018 1389 illi
2052 1333 2489 1402 quasivictores,
2520 1339 2577 1386 et
2624 1331 2907 1385 veritatem
2966 1344 2995 1382 a
3024 1342 3081 1382 se
3135 1337 3374 1383 Stantem
3412 1328 3509 1379 lia-

1944 1429 2155 1481 bentes.

2632 1512 2827 1567 RESP.

2013 1610 2431 1682 Applaudebant
2460 1622 2564 1660 non
2602 1614 2662 1659 ut
2694 1606 2950 1667 victores,
3002 1602 3095 1656 sed
3126 1610 3186 1655 ut
3223 1601 3381 1669 culpa
3415 1616 3511 1653 va-

1946 1715 2151 1767 cantes,
2184 1718 2346 1772 quam
2382 1702 2433 1754 in
2466 1701 2589 1755 illos
2636 1714 2732 1767 per
2775 1699 3100 1751 calumniam
3135 1696 3507 1764 conjiciebas;

1950 1809 2003 1853 tit
2036 1797 2173 1851 enim
2205 1805 2258 1849 et
2279 1796 2368 1864 qui
2397 1806 2571 1847 tecum
2630 1792 2893 1853 sentiunt,
2952 1789 3173 1843 Latinos
3228 1790 3511 1842 haereticos

1874 1859 1915 1914 Β
1949 1888 2250 1952 habebatis,
2285 1859 2427 1949 quod
2459 1884 2665 1947 dicant,
2718 1884 2885 1936 etiam
2936 1897 2998 1934 ex
3032 1881 3171 1934 Filio
3217 1882 3513 1948 procedi-re

1946 1980 2245 2050 Spiritum;
2280 1988 2333 2032 et
2361 1976 2694 2031 incusabatis
2718 1990 2833 2039 eos,
2872 1973 3220 2044 Synibolique
3279 1982 3508 2026 lenii-ra-

1948 2084 2092 2128 tores
2121 2087 2182 2125 ac
2209 2072 2596 2139 depravatores
2620 2067 3006 2135 appellabatis.
3036 2065 3113 2118 llli
3139 2080 3266 2119 vero
3284 2066 3511 2134 prolatis

1946 2164 2259 2219 doctoribus
2285 2171 2340 2215 et
2397 2159 2765 2214 Orientalibus
2792 2170 2840 2211 et
2901 2156 3361 2219 Occidentalibus,
3416 2158 3509 2224 qui

1946 2270 2131 2310 eorum
2169 2252 2406 2323 dogmati
2466 2267 2558 2305 seu
2620 2250 2795 2320 potius
2861 2249 3068 2303 veritati
3124 2250 3510 2319 suﬂragantur,

1947 2350 2366 2418 applaudcbant,
2445 2347 2585 2413 quod
2664 2360 3006 2414 nequaquam
3084 2345 3193 2397 sint
3236 2343 3511 2397 temerarii

1949 2442 2190 2513 Symboli
2255 2451 2625 2508 corruptores,
2693 2441 2777 2493 vel
2836 2437 3223 2498 haeretici,sed
3271 2435 3513 2489 veritatis

1948 2547 2272 2596 assertores,
2314 2549 2435 2585 cum
2456 2548 2552 2601 per
2575 2532 2827 2585 doctores
2862 2530 3117 2584 Ecclesiae
3150 2528 3349 2582 veritas
3401 2533 3510 2594 jam

1948 2624 2226 2678 cinxisset.
2254 2621 2479 2677 Nostros
2508 2638 2669 2691 porro
2710 2623 3029 2685 evocabant,
3076 2620 3118 2673 si
3154 2620 3285 2683 quid
3320 2620 3517 2675 vellent

1950 2718 2129 2771 dicere
2163 2726 2349 2771 contra
2371 2716 2669 2770 sententias
2699 2714 3023 2778 doctorum;
3054 2724 3107 2766 at
3149 2714 3224 2767 illi
3258 2728 3365 2766 nou
3389 2724 3518 2766 sunt

1950 2811 2069 2864 ausi
2100 2811 2363 2865 adversus
2395 2810 2729 2864 lucidissima
2759 2810 3033 2878 proloqui,
3070 2824 3246 2879 neque
3288 2808 3513 2863 omnino

1950 2919 2008 2958 se
2038 2918 2313 2971 opponere
2346 2903 2657 2966 voluerunt,
2688 2916 2819 2968 non,
2851 2911 2913 2956 ut
2952 2903 3057 2962 ais.
3100 2904 3242 2971 quod
3297 2903 3517 2969 refuge-

1950 3006 2069 3049 rent
2104 3005 2194 3049 aut
2248 2996 2519 3059 timerent,
2582 2995 2676 3050 sed
2738 2995 2866 3064 quia
2910 2995 3135 3050 stultum
3171 3012 3293 3050 esse
3327 2997 3518 3064 Opina-

1951 3095 2141 3139 rentur
2171 3095 2361 3139 contra
2391 3088 2673 3141 veritatem
2710 3087 2992 3156 disputare
3043 3099 3149 3141 tam
3205 3097 3389 3155 aperte
3426 3089 3520 3143 de-

279 3179 371 3233 διά
406 3181 516 3232 τῶν
545 3182 907 3237 Ἀνατολικῶν
958 3204 1015 3238 τε
1059 3190 1157 3239 xal
1195 3189 1439 3241 Δυτικῶν
1486 3191 1845 3249 διδασκάλων.

1952 3189 2305 3232 monstratam
2333 3195 2394 3231 ex
2448 3177 2685 3233 Orientis
2732 3189 2785 3232 et
2818 3178 3129 3234 Occidentis
3170 3180 3514 3235 doctoribus.

282 3271 358 3322 Σὺ
410 3270 468 3324 δὲ
521 3273 833 3344 ἐσιώπησας
884 3278 1235 3346 τεχνηέντως,
1265 3281 1362 3349 οὐχ
1404 3280 1479 3345 ὼς
1526 3283 1847 3353 βουλόμενος

284 3366 522 3434 σιωπᾷν,
557 3365 671 3417 ἀλλ’
703 3365 777 3428 ὼς
810 3366 888 3437 μὴ
920 3366 1219 3439 δυνάμενος
1246 3371 1544 3439 ἀντιλέγειν
1571 3390 1584 3404 ο
1621 3377 1704 3436 τῖς
1739 3376 1848 3445 γάρ

280 3458 673 3527 διαλεγόμενος
728 3462 786 3513 ἐν
822 3461 1023 3530 σταδίῳ
1080 3466 1260 3535 σιωπᾷ
1315 3466 1617 3532 ἐκουσίως;
1666 3470 1698 3536 ἡ
1741 3469 1849 3539 γὰρ

282 3548 467 3616 σιωπὴ
495 3547 650 3616 νίκην
698 3549 857 3612 εὐθὺς
890 3550 1160 3604 δείκνυσι·
1191 3555 1273 3605 δεῖ
1294 3553 1385 3606 οὖν
1415 3557 1504 3607 τὸν
1525 3556 1849 3625 διαλεγόμε-

282 3654 377 3688 νον
406 3638 492 3690 ἀεὶ
538 3641 739 3705 λέγειν,
774 3640 885 3691 ἔστ’
923 3641 989 3695 ἂν
1017 3643 1244 3714 νικήσῃ,
1273 3644 1305 3711 ἢ
1340 3646 1560 3715 νικηθῇ.
1590 3648 1661 3699 Σὺ
1686 3648 1739 3700 δὲ
1775 3648 1849 3719 μὴ

278 3732 584 3799 δυνάμενος
638 3731 718 3783 ἔτι
771 3733 976 3799 λέγειν,
1012 3736 1224 3804 σιωπὴν
1278 3736 1532 3790 ἀκούσιον
1576 3739 1847 3810 ἧσκησας,

277 3821 384 3889 τὴν
407 3819 694 3872 ἀσθένειαν
723 3820 1162 3891 ὑποκρινάμενος
1192 3842 1206 3857 ·
1238 3825 1330 3877 καὶ
1360 3826 1534 3896 τούτῳ
1558 3830 1633 3897 τῷ
1661 3831 1850 3900 τρόπῳ

274 3910 376 3962 τοῦ
423 3911 633 3975 ἀγῶνος
680 3910 975 3977 ἐξέκλινας,
1026 3912 1189 3981 δῆλον
1231 3916 1369 3983 μετά
1413 3917 1605 3989 ημῆς,
1636 3917 1710 3980 ὡς
1749 3919 1849 3972 οὐκ

276 4000 539 4068 ἐνικήθης
590 4003 647 4053 ἐν
706 4006 772 4073 τῇ
828 4004 1064 4074 συνόδῳ⁶
1099 4004 1198 4073 τὴν
1261 4007 1370 4076 γάρ
1422 4008 1684 4079 αἰσχύνην
1744 4011 1850 4081 πρὸ

272 4087 576 4159 ὀφθαλμῶν
606 4088 744 4159 έχων
777 4091 876 4143 οὐκ
903 4092 1215 4162 ὴὸουλήθης
1245 4094 1543 4150 συνελθεῖν.

964 4270 1155 4327 ΕΦΕΣ.

350 4362 525 4417 Τοῦτο
566 4362 624 4416 δὲ
660 4362 756 4417 καὶ
807 4365 895 4417 ἀεὶ
926 4368 1105 4418 ποιεῖν
1138 4365 1388 4436 ἔμελλον,
1420 4367 1564 4423 οὕτω
1592 4372 1850 4437 καθάπαξ

270 4455 798 4525 παρεσκευασμένοι
854 4458 991 4526 πρὸς
1041 4460 1149 4511 πᾶν
1181 4460 1241 4511 τὸ
1289 4459 1584 4529 λεγόμενον
1636 4466 1849 4517 ἀντιλέ-

265 4565 425 4619 γειν,
453 4549 547 4600 καὶ
578 4548 794 4612 ἑαυτοῖς
829 4548 926 4617 τὴν
960 4550 1118 4620 νίκην
1152 4551 1535 4621 ἐπιφημίζειν.

964 4734 1175 4789 ΔΠΟΛ.

346 4820 860 4890 Παρεσκευασμίνοι
910 4823 1018 4875 εἰσὶ
1060 4823 1293 4876 πάντοτε
1342 4826 1390 4877 οἱ
1437 4826 1538 4894 τὴν
1595 4827 1851 4897 ἀλήθειαν

266 4909 403 4980 μεθ’
448 4908 658 4962 ἐαυτῶν
714 4911 929 4979 ἔχοντες
982 4912 1290 4979 ἀντιλέγειν
1350 4914 1427 4983 τῷ
1473 4915 1681 4984 ψεύδει.
1736 4919 1846 4971 Kal

262 5002 441 5071 ἡμεῖς
501 5002 595 5055 νῦν
655 5001 867 5070 ἕτοιμοι
939 5005 1034 5056 καὶ
1107 5009 1621 5075 παρεσκευασμένοι
1677 5010 1843 5079 ἐσμὲν

258 5094 390 5152 τοῖς
448 5092 662 5162 ἐχθροῖς
700 5092 799 5162 τῆς
833 5093 1080 5155 ὲνὼσεως
1128 5097 1573 5153 ἀντιτάσσεσθαι.
1629 5102 1742 5153 Kal
1794 5102 1843 5154 oi

260 5184 501 5238 Λατῖνοι
540 5181 632 5236 οὖν
679 5184 772 5236 καὶ
799 5186 921 5236 τότε
972 5186 1070 5238 καὶ
1104 5185 1202 5240 νῦν
1242 5188 1335 5241 καὶ
1369 5189 1457 5241 ἀεὶ
1498 5206 1844 5261 παρεσκευα-

263 5262 469 5342 σμένοι
517 5274 624 5326 είσὶ
660 5277 754 5326 καὶ
787 5274 999 5328 έσονται
1032 5277 1093 5330 οὐ
1134 5279 1271 5347 πρὸς
1305 5280 1365 5332 τὸ
1410 5280 1585 5344 καλῶς
1622 5281 1844 5351 λεγόμε-

257 5382 366 5419 νον
398 5364 726 5433 ἀντιλέγειν,
764 5365 903 5419 ἀλλά
936 5370 1073 5437 πρὸς
1126 5369 1188 5422 τὸ
1244 5372 1430 5435 κακῶς
1476 5376 1573 5426 καὶ
1633 5376 1845 5444 ψευδῶς

258 5456 581 5525 λεγόμενον
632 5458 898 5523 γενναίως
935 5460 1297 5515 ἀνθίστασθαι
1332 5465 1428 5519 καὶ
1477 5467 1848 5536 ἀποσκορακί-

259 5547 419 5614 (etv,
450 5548 548 5617 οὐχ
586 5548 663 5612 ὡς
693 5551 1121 5619 ἐπιφημίζοντες
1148 5555 1361 5618 ἑαυτοῖς
1398 5557 1496 5627 τὴν
1525 5560 1703 5629 νίκην,
1730 5562 1847 5613 ἀλλ’

256 5638 348 5699 ὠς
378 5638 783 5709 ἐκπληροῦντες
819 5642 880 5694 τὸ
907 5644 1089 5713 χρέος,
1117 5647 1400 5701 τουτέστιν
1428 5651 1751 5705 ἀποδιώκειν
1785 5655 1845 5706 τὸ

256 5729 469 5798 ψεῦδος
502 5730 611 5783 ἀπὸ
640 5730 739 5799 τῆς
761 5732 1042 5803 ἀληθείας,
1079 5736 1167 5789 ἵνα
1203 5737 1276 5806 μὴ
1304 5740 1473 5809 αὐτὴν
1506 5743 1839 5815 ἀμαυρώσῃ.

258 5824 381 5877 Καὶ
424 5823 517 5875 σοῦ
558 5823 657 5891 μὲν
709 5826 769 5876 ἐκ
826 5827 987 5895 μόνου
1022 5828 1115 5882 τοῦ
1166 5831 1379 5900 Πατρδς
1406 5837 1464 5885 τὺ
1503 5834 1724 5910 Πνεῦμα
1759 5838 1842 5889 λέ-

1949 3267 2209 3323 Caeterum
2237 3281 2287 3322 tu
2322 3270 2513 3324 callide
2546 3272 2745 3325 siluisti
2776 3289 2789 3335 ;
2829 3287 3004 3340 neque
3033 3274 3175 3327 enim
3234 3273 3393 3327 silere
3421 3287 3521 3326 vo-

1950 3358 2119 3420 lebas,
2154 3361 2245 3411 sed
2281 3360 2659 3415 contradicere
2717 3375 2825 3416 non
2880 3362 3100 3417 valebas
3136 3365 3306 3433 aquis
3370 3364 3516 3420 enim

1952 3451 2004 3503 in
2036 3450 2212 3503 stadio
2264 3452 2551 3520 disputans
2606 3468 2705 3506 sua
2736 3455 2945 3522 [sponte
2998 3457 3367 3512 conticescit?
3429 3460 3519 3513 Si-

1950 3543 2117 3596 lentio
2143 3542 2343 3611 quippe
2398 3543 2624 3596 victoria
2693 3546 2876 3598 statim
2906 3547 3236 3601 ostenditur.
3284 3548 3521 3616 Oportet

1950 3648 2079 3701 ergo
2117 3636 2485 3702 dsputautetn
2541 3643 2802 3703 perpetuo
2861 3637 3042 3691 dicere
3069 3639 3245 3707 quoad
3306 3641 3510 3701 vincat,

1951 3733 2045 3777 aut
2080 3724 2350 3778 vincatur.
2409 3723 2530 3777 Tibi
2591 3740 2745 3790 vero,
2797 3742 2920 3781 cum
2983 3731 3125 3782 ultra
3186 3732 3365 3785 dicere
3408 3749 3513 3786 non

1950 3833 2162 3887 posses.
2198 3818 2421 3871 minime
2452 3828 2815 3886 spontaneum
2874 3820 3152 3874 silentium
3191 3822 3314 3887 fuit,
3376 3839 3523 3877 mor-

1952 3909 2080 3964 bum
2143 3911 2447 3973 simulanti,
2508 3919 2669 3979 atque
2700 3912 2771 3964 ita
2828 3928 3183 3981 congressum
3238 3915 3517 3979 devitanti,

1952 4010 2013 4055 ut
2074 4002 2282 4057 scilicet
2342 4002 2565 4056 honoris
2625 4002 2701 4055 tui
2749 4018 2914 4057 causa
2970 4020 3078 4057 non
3136 4008 3521 4063 succumberes

1952 4107 2136 4147 coram
2201 4093 2451 4161 synodo;
2490 4108 2723 4161 namque
2779 4094 3131 4161 ignominiam
3178 4112 3289 4167 prae
3346 4099 3520 4153 oculis

1950 4184 2160 4237 habens
2194 4182 2259 4236 ad
2297 4182 2570 4253 synodum
2609 4186 2871 4238 accedere
2910 4186 3154 4242 noluisti.

2631 4275 2869 4331 EPHES.

2019 4368 2174 4435 Quod
2225 4368 2328 4438 ipsi
2386 4384 2517 4424 sane
2563 4386 2839 4438 nunquam
2898 4387 3002 4426 non
3057 4383 3213 4427 erant
3273 4374 3517 4440 facturi;

1955 4478 2075 4516 cum
2109 4477 2175 4515 eo
2203 4461 2313 4516 sint
2342 4477 2565 4529 prorsus
2598 4463 2837 4530 ingenio,
2879 4475 2938 4517 ut
2984 4469 3156 4534 parati
3187 4467 3295 4521 sint
3326 4481 3517 4523 contra

1954 4569 2113 4607 omne
2142 4553 2282 4621 quod
2337 4553 2622 4616 asseritur,
2656 4552 2862 4618 dicere,
2920 4564 2974 4607 et
3028 4556 3270 4612 victoriae
3318 4558 3517 4613 [ainant

1952 4645 2055 4701 sibi
2089 4646 2350 4699 tribuere.

2632 4736 2828 4791 RESP.

2020 4831 2201 4885 Parati
2244 4847 2456 4897 semper
2508 4845 2636 4888 sunt
2669 4834 2768 4899 illi,
2801 4849 2829 4885 a
2888 4833 3090 4902 quibus
3152 4842 3236 4889 est
3295 4835 3518 4897 veritas,

1951 4933 2140 4977 contra
2182 4923 2521 4977 mendacium
2580 4926 2786 4979 dicere.
2850 4924 2959 4979 Nos
3022 4940 3237 4993 quoque
3286 4928 3519 4994 prompti

1951 5015 2229 5085 paratique
2261 5032 2405 5070 nunc
2435 5032 2623 5071 sumus
2653 5018 2716 5070 ad
2749 5016 3152 5085 repugnandum
3186 5018 3335 5086 pacis
3373 5018 3523 5070 inita:

1951 5105 2212 5158 inimicis.
2278 5105 2419 5176 Ergo
2460 5106 2637 5161 Latini
2670 5109 2831 5161 etiam
2889 5118 2941 5161 et
2998 5109 3090 5162 illo
3146 5120 3410 5176 tempore,
3467 5119 3523 5161 et

1952 5210 2115 5257 nunc,
2160 5206 2213 5249 et
2255 5196 2305 5249 in
2360 5207 2681 5265 perpetuum
2738 5209 2863 5250 sunt
2893 5209 3161 5268 eruntque
3188 5200 3364 5267 parati
3413 5214 3519 5253 nea

1952 5294 2143 5339 contra
2194 5286 2249 5339 id
2290 5287 2434 5355 quod
2478 5289 2614 5341 bene
2666 5290 2927 5343 asseritur
2986 5291 3183 5355 dicere,
3244 5290 3337 5343 sed
3374 5291 3519 5358 quod

1952 5392 2234 5446 perperam
2286 5388 2341 5433 et
2402 5378 2543 5432 falso
2588 5381 2810 5441 dicitur,
2885 5391 3204 5435 constanter
3255 5381 3518 5447 refellere,

1948 5470 2110 5537 idque
2160 5470 2308 5523 velut
2365 5472 2759 5524 exsecrandum
2817 5471 3146 5540 proﬂigare;
3193 5487 3301 5525 non
3363 5473 3517 5540 quasi

1946 5560 2190 5613 victoria:
2235 5575 2432 5613 nomen
2490 5561 2593 5614 sibi
2630 5562 2964 5627 tribuentes,
3015 5578 3205 5616 verum
3271 5563 3323 5615 id
3374 5561 3516 5629 quod

1946 5653 2144 5704 debent
2168 5660 2508 5720 praestantes,
2562 5653 2665 5706 hoc
2700 5663 2779 5706 est
2839 5655 3181 5707 mendacium
3220 5670 3248 5707 a
3296 5655 3521 5708 veritate

1950 5743 2301 5809 depe‘tlciites.
2340 5759 2408 5797 ne
2431 5744 2578 5798 illam
2616 5746 2894 5800 obscuret.
2937 5744 3012 5799 Te
3044 5747 3207 5815 igitur
3251 5744 3516 5814 Spiritum

1949 5851 2010 5889 ex
2047 5838 2163 5889 solo
2192 5835 2346 5890 Patre
2390 5836 2711 5903 allirmante,
2768 5838 2928 5902 idque
2985 5854 3049 5893 ex
3096 5839 3245 5892 nullo
3300 5839 3518 5893 doctore
