  <div class='ocr_page' id='page_1' title='image "/cluster/home/n/w/nwhite01/storage/ocr_20150623/159/nnc1.0046980628/546.png"; bbox 0 0 4164 6426; ppageno 0'>
   <div class='ocr_carea' id='block_1_1' title="bbox 231 392 333 456">
    <p class='ocr_par' dir='ltr' id='par_1_1' title="bbox 231 392 333 456">
     <span class='ocr_line' id='line_1_1' title="bbox 231 392 333 456; baseline -0.039 0"><span class='ocrx_word' id='word_1_1' title='bbox 231 392 333 456; x_wconf 75' lang='grc'><strong>107]</strong></span> 
     </span>
    </p>
   </div>
   <div class='ocr_carea' id='block_1_2' title="bbox 1227 382 2373 446">
    <p class='ocr_par' dir='ltr' id='par_1_2' title="bbox 1227 382 2373 446">
     <span class='ocr_line' id='line_1_2' title="bbox 1227 382 2373 446; baseline -0.002 -2"><span class='ocrx_word' id='word_1_2' title='bbox 1227 384 1671 446; x_wconf 71' lang='lat' dir='ltr'><strong>liEFUTATiO</strong></span> <span class='ocrx_word' id='word_1_3' title='bbox 1714 385 1811 442; x_wconf 74' lang='lat' dir='ltr'><strong>MA</strong></span> <span class='ocrx_word' id='word_1_4' title='bbox 1826 386 1944 443; x_wconf 79' lang='lat' dir='ltr'><strong>RCI</strong></span> <span class='ocrx_word' id='word_1_5' title='bbox 1987 383 2260 443; x_wconf 78' lang='lat' dir='ltr'><strong>Ei‘IlESl</strong></span> <span class='ocrx_word' id='word_1_6' title='bbox 2276 382 2373 442; x_wconf 84' lang='lat' dir='ltr'><strong>NI.</strong></span> 
     </span>
    </p>
   </div>
   <div class='ocr_carea' id='block_1_3' title="bbox 3270 375 3407 442">
    <p class='ocr_par' dir='ltr' id='par_1_3' title="bbox 3270 375 3407 442">
     <span class='ocr_line' id='line_1_3' title="bbox 3270 375 3407 442; baseline -0.007 0"><span class='ocrx_word' id='word_1_7' title='bbox 3270 375 3407 442; x_wconf 61' lang='grc'><strong>1074</strong></span> 
     </span>
    </p>
   </div>
   <div class='ocr_carea' id='block_1_4' title="bbox 228 491 1736 573">
    <p class='ocr_par' dir='ltr' id='par_1_4' title="bbox 228 496 1725 573">
     <span class='ocr_line' id='line_1_4' title="bbox 228 496 1725 573; baseline -0.007 -17"><span class='ocrx_word' id='word_1_8' title='bbox 228 504 476 573; x_wconf 73' lang='grc' dir='ltr'><strong>σημαίνειν,</strong></span> <span class='ocrx_word' id='word_1_9' title='bbox 531 504 625 556; x_wconf 71' lang='grc' dir='ltr'><strong>καὶ</strong></span> <span class='ocrx_word' id='word_1_10' title='bbox 675 503 869 555; x_wconf 80' lang='grc' dir='ltr'>ταυτὸν</span> <span class='ocrx_word' id='word_1_11' title='bbox 917 504 982 571; x_wconf 81' lang='grc' dir='ltr'>τῇ</span> <span class='ocrx_word' id='word_1_12' title='bbox 1033 500 1099 553; x_wconf 78' lang='grc' dir='ltr'><strong>ἐκ</strong></span> <span class='ocrx_word' id='word_1_13' title='bbox 1150 500 1449 563; x_wconf 76' lang='grc' dir='ltr'>δύνασθαι,</span> <span class='ocrx_word' id='word_1_14' title='bbox 1504 499 1595 550; x_wconf 70' lang='grc' dir='ltr'><strong>καὶ</strong></span> <span class='ocrx_word' id='word_1_15' title='bbox 1635 496 1725 547; x_wconf 69' lang='grc' dir='ltr'>τὸν</span> 
     </span>
    </p>
   </div>
   <div class='ocr_carea' id='block_1_5' title="bbox 1841 491 3404 573">
    <p class='ocr_par' dir='ltr' id='par_1_5' title="bbox 1841 491 3404 560">
     <span class='ocr_line' id='line_1_5' title="bbox 1841 491 3404 560; baseline 0.003 -14"><span class='ocrx_word' id='word_1_16' title='bbox 1841 494 2104 560; x_wconf 61' lang='lat' dir='ltr'><strong>partit-ulte</strong></span> <span class='ocrx_word' id='word_1_17' title='bbox 2146 511 2239 558; x_wconf 75' lang='lat' dir='ltr'><strong>ex;</strong></span> <span class='ocrx_word' id='word_1_18' title='bbox 2283 491 2590 560; x_wconf 87' lang='lat' dir='ltr'><strong>Filiumque</strong></span> <span class='ocrx_word' id='word_1_19' title='bbox 2626 507 2733 546; x_wconf 92' lang='lat' dir='ltr'><strong>non</strong></span> <span class='ocrx_word' id='word_1_20' title='bbox 2768 504 2889 545; x_wconf 83' lang='lat' dir='ltr'><strong>esse</strong></span> <span class='ocrx_word' id='word_1_21' title='bbox 2934 493 3175 546; x_wconf 87' lang='lat' dir='ltr'><strong>omnium</strong></span> <span class='ocrx_word' id='word_1_22' title='bbox 3220 505 3404 549; x_wconf 78' lang='lat' dir='ltr'><strong>aucto-</strong></span> 
     </span>
    </p>
   </div>
   <div class='ocr_carea' id='block_1_6' title="bbox 228 589 1731 657">
    <p class='ocr_par' dir='ltr' id='par_1_6' title="bbox 228 589 1731 657">
     <span class='ocr_line' id='line_1_6' title="bbox 228 589 1731 657; baseline -0.006 -10"><span class='ocrx_word' id='word_1_23' title='bbox 228 595 325 647; x_wconf 77' lang='grc' dir='ltr'>Υἱὸν</span> <span class='ocrx_word' id='word_1_24' title='bbox 364 594 527 646; x_wconf 74' lang='grc' dir='ltr'>αἰτίαν</span> <span class='ocrx_word' id='word_1_25' title='bbox 569 590 709 647; x_wconf 75' lang='grc' dir='ltr'>εἶναι</span> <span class='ocrx_word' id='word_1_26' title='bbox 756 592 864 646; x_wconf 83' lang='grc' dir='ltr'><strong>τῶν</strong></span> <span class='ocrx_word' id='word_1_27' title='bbox 907 594 1165 657; x_wconf 85' lang='grc' dir='ltr'>πάντων;</span> <span class='ocrx_word' id='word_1_28' title='bbox 1199 593 1322 642; x_wconf 83' lang='grc' dir='ltr'>’Ότι</span> <span class='ocrx_word' id='word_1_29' title='bbox 1371 591 1427 642; x_wconf 82' lang='grc' dir='ltr'><strong>δὲ</strong></span> <span class='ocrx_word' id='word_1_30' title='bbox 1469 589 1665 641; x_wconf 76' lang='grc' dir='ltr'>ταυτὸν</span> <span class='ocrx_word' id='word_1_31' title='bbox 1700 590 1731 655; x_wconf 78' lang='grc' dir='ltr'>ἡ</span> 
     </span>
    </p>
   </div>
   <div class='ocr_carea' id='block_1_7' title="bbox 224 678 1733 751">
    <p class='ocr_par' dir='ltr' id='par_1_7' title="bbox 224 678 1733 751">
     <span class='ocr_line' id='line_1_7' title="bbox 224 678 1733 751; baseline -0.006 -16"><span class='ocrx_word' id='word_1_32' title='bbox 224 681 302 735; x_wconf 72' lang='grc' dir='ltr'><strong>διὰ</strong></span> <span class='ocrx_word' id='word_1_33' title='bbox 339 684 391 750; x_wconf 80' lang='grc' dir='ltr'>τῇ</span> <span class='ocrx_word' id='word_1_34' title='bbox 436 682 503 734; x_wconf 81' lang='grc' dir='ltr'><strong>ἐκ</strong></span> <span class='ocrx_word' id='word_1_35' title='bbox 553 681 839 751; x_wconf 79' lang='grc' dir='ltr'>βούλεται,</span> <span class='ocrx_word' id='word_1_36' title='bbox 895 682 1171 742; x_wconf 76' lang='grc' dir='ltr'>Βασίλειος</span> <span class='ocrx_word' id='word_1_37' title='bbox 1227 682 1319 731; x_wconf 69' lang='grc' dir='ltr'><strong>καὶ</strong></span> <span class='ocrx_word' id='word_1_38' title='bbox 1354 678 1733 749; x_wconf 75' lang='grc' dir='ltr'>Χρυςόστομος</span> 
     </span>
    </p>
   </div>
   <div class='ocr_carea' id='block_1_8' title="bbox 224 771 1734 844">
    <p class='ocr_par' dir='ltr' id='par_1_8' title="bbox 224 771 1734 844">
     <span class='ocr_line' id='line_1_8' title="bbox 224 771 1734 844; baseline -0.003 -18"><span class='ocrx_word' id='word_1_39' title='bbox 224 774 346 826; x_wconf 86' lang='grc' dir='ltr'>τοῦτο</span> <span class='ocrx_word' id='word_1_40' title='bbox 374 773 663 843; x_wconf 77' lang='grc' dir='ltr'>βούλονται,</span> <span class='ocrx_word' id='word_1_41' title='bbox 711 774 1068 844; x_wconf 72' lang='grc' dir='ltr'><strong>ἐξηγούμενοι</strong></span> <span class='ocrx_word' id='word_1_42' title='bbox 1100 774 1158 825; x_wconf 70' lang='grc' dir='ltr'><strong>τὸ</strong></span> <span class='ocrx_word' id='word_1_43' title='bbox 1189 776 1244 826; x_wconf 83' lang='grc' dir='ltr'>ὲν</span> <span class='ocrx_word' id='word_1_44' title='bbox 1290 776 1354 841; x_wconf 84' lang='grc' dir='ltr'><strong>τῇ</strong></span> <span class='ocrx_word' id='word_1_45' title='bbox 1401 772 1615 839; x_wconf 79' lang='grc' dir='ltr'><strong>γενέσει</strong></span> <span class='ocrx_word' id='word_1_46' title='bbox 1658 771 1734 822; x_wconf 79' lang='grc' dir='ltr'>εί-</span> 
     </span>
    </p>
   </div>
   <div class='ocr_carea' id='block_1_9' title="bbox 226 865 1738 937">
    <p class='ocr_par' dir='ltr' id='par_1_9' title="bbox 226 865 1738 937">
     <span class='ocr_line' id='line_1_9' title="bbox 226 865 1738 937; baseline -0.003 -19"><span class='ocrx_word' id='word_1_47' title='bbox 226 868 420 937; x_wconf 77' lang='grc' dir='ltr'>ρημὲνον</span> <span class='ocrx_word' id='word_1_48' title='bbox 477 866 624 934; x_wconf 86' lang='grc' dir='ltr'>παρὰ</span> <span class='ocrx_word' id='word_1_49' title='bbox 668 868 761 919; x_wconf 74' lang='grc' dir='ltr'>τοῦ</span> <span class='ocrx_word' id='word_1_50' title='bbox 808 867 1018 933; x_wconf 85' lang='grc' dir='ltr'><strong>’Λδάμ·</strong></span> <span class='ocrx_word' id='word_1_51' title='bbox 1076 867 1459 933; x_wconf 81' lang='grc' dir='ltr'>Ἑκτησάμην</span> <span class='ocrx_word' id='word_1_52' title='bbox 1514 865 1738 929; x_wconf 74' lang='grc' dir='ltr'><strong>ἅνθρω-</strong></span> 
     </span>
    </p>
   </div>
   <div class='ocr_carea' id='block_1_10' title="bbox 223 957 1736 1026">
    <p class='ocr_par' dir='ltr' id='par_1_10' title="bbox 223 957 1736 1026">
     <span class='ocr_line' id='line_1_10' title="bbox 223 957 1736 1026; baseline -0.002 -17"><span class='ocrx_word' id='word_1_53' title='bbox 223 972 319 1012; x_wconf 61' lang='lat' dir='ltr'><strong>nor</strong></span> <span class='ocrx_word' id='word_1_54' title='bbox 338 958 418 1009; x_wconf 81' lang='grc' dir='ltr'><strong>διὰ</strong></span> <span class='ocrx_word' id='word_1_55' title='bbox 440 957 545 1010; x_wconf 85' lang='grc' dir='ltr'>τοῦ</span> <span class='ocrx_word' id='word_1_56' title='bbox 575 958 745 1012; x_wconf 72' lang='grc' dir='ltr'><strong>Θεοῦ⁸</strong></span> <span class='ocrx_word' id='word_1_57' title='bbox 775 957 849 1022; x_wconf 84' lang='grc' dir='ltr'><strong>ὡς</strong></span> <span class='ocrx_word' id='word_1_58' title='bbox 881 959 1080 1011; x_wconf 82' lang='grc' dir='ltr'>ταυτὸν</span> <span class='ocrx_word' id='word_1_59' title='bbox 1105 958 1349 1026; x_wconf 81' lang='grc' dir='ltr'>δηλονότι</span> <span class='ocrx_word' id='word_1_60' title='bbox 1377 959 1527 1010; x_wconf 74' lang='grc' dir='ltr'>ἐστὶν</span> <span class='ocrx_word' id='word_1_61' title='bbox 1562 958 1736 1008; x_wconf 81' lang='grc' dir='ltr'>εἰπεῖν</span> 
     </span>
    </p>
   </div>
   <div class='ocr_carea' id='block_1_11' title="bbox 216 1048 1741 1119">
    <p class='ocr_par' dir='ltr' id='par_1_11' title="bbox 216 1048 1741 1119">
     <span class='ocr_line' id='line_1_11' title="bbox 216 1048 1741 1119; baseline -0.001 -19"><span class='ocrx_word' id='word_1_62' title='bbox 216 1049 299 1115; x_wconf 82' lang='grc' dir='ltr'>τῷ,</span> <span class='ocrx_word' id='word_1_63' title='bbox 325 1051 375 1101; x_wconf 83' lang='grc' dir='ltr'><strong>ἐκ</strong></span> <span class='ocrx_word' id='word_1_64' title='bbox 413 1049 501 1102; x_wconf 81' lang='grc' dir='ltr'><strong>τοῦ</strong></span> <span class='ocrx_word' id='word_1_65' title='bbox 555 1048 712 1102; x_wconf 79' lang='grc' dir='ltr'>Θεοῦ.</span> <span class='ocrx_word' id='word_1_66' title='bbox 754 1050 916 1102; x_wconf 82' lang='grc' dir='ltr'>Ὅθεν</span> <span class='ocrx_word' id='word_1_67' title='bbox 960 1051 987 1102; x_wconf 93' lang='lat'><strong>6</strong></span> <span class='ocrx_word' id='word_1_68' title='bbox 1038 1050 1139 1119; x_wconf 83' lang='grc' dir='ltr'>μὲν</span> <span class='ocrx_word' id='word_1_69' title='bbox 1168 1052 1224 1103; x_wconf 79' lang='grc' dir='ltr'>ὲν</span> <span class='ocrx_word' id='word_1_70' title='bbox 1253 1050 1330 1119; x_wconf 82' lang='grc' dir='ltr'>τῷ</span> <span class='ocrx_word' id='word_1_71' title='bbox 1360 1051 1497 1118; x_wconf 63' lang='grc' dir='ltr'>πρδς</span> <span class='ocrx_word' id='word_1_72' title='bbox 1542 1049 1741 1116; x_wconf 73' lang='grc' dir='ltr'>Ἄμφι-</span> 
     </span>
    </p>
   </div>
   <div class='ocr_carea' id='block_1_12' title="bbox 217 1139 1739 1213">
    <p class='ocr_par' dir='ltr' id='par_1_12' title="bbox 217 1139 1739 1213">
     <span class='ocr_line' id='line_1_12' title="bbox 217 1139 1739 1213; baseline 0.003 -25"><span class='ocrx_word' id='word_1_73' title='bbox 217 1139 367 1209; x_wconf 78' lang='grc' dir='ltr'>λόχιον</span> <span class='ocrx_word' id='word_1_74' title='bbox 410 1143 771 1209; x_wconf 80' lang='grc' dir='ltr'><strong>κεφαλαιώδει</strong></span> <span class='ocrx_word' id='word_1_75' title='bbox 817 1144 962 1213; x_wconf 76' lang='grc' dir='ltr'>λόγῳ</span> <span class='ocrx_word' id='word_1_76' title='bbox 1010 1141 1152 1195; x_wconf 85' lang='grc' dir='ltr'>οὑτω</span> <span class='ocrx_word' id='word_1_77' title='bbox 1191 1142 1449 1208; x_wconf 80' lang='grc' dir='ltr'><strong>διασαφεῖ</strong></span> <span class='ocrx_word' id='word_1_78' title='bbox 1493 1140 1586 1191; x_wconf 83' lang='grc' dir='ltr'>καί</span> <span class='ocrx_word' id='word_1_79' title='bbox 1635 1155 1739 1206; x_wconf 84' lang='grc' dir='ltr'><strong>φη-</strong></span> 
     </span>
    </p>
   </div>
   <div class='ocr_carea' id='block_1_13' title="bbox 216 1229 1739 1300">
    <p class='ocr_par' dir='ltr' id='par_1_13' title="bbox 216 1229 1739 1300">
     <span class='ocr_line' id='line_1_13' title="bbox 216 1229 1739 1300; baseline 0 -21"><span class='ocrx_word' id='word_1_80' title='bbox 216 1246 306 1280; x_wconf 79' lang='grc' dir='ltr'>σιν’</span> <span class='ocrx_word' id='word_1_81' title='bbox 336 1231 457 1299; x_wconf 81' lang='grc' dir='ltr'><strong>Ἤδη</strong></span> <span class='ocrx_word' id='word_1_82' title='bbox 504 1232 561 1284; x_wconf 82' lang='grc' dir='ltr'><strong>δὲ</strong></span> <span class='ocrx_word' id='word_1_83' title='bbox 606 1234 701 1284; x_wconf 74' lang='grc' dir='ltr'><strong>καὶ</strong></span> <span class='ocrx_word' id='word_1_84' title='bbox 751 1232 893 1300; x_wconf 80' lang='grc' dir='ltr'>πρὸς</span> <span class='ocrx_word' id='word_1_85' title='bbox 948 1234 1016 1285; x_wconf 69' lang='grc' dir='ltr'><strong>τὰ</strong></span> <span class='ocrx_word' id='word_1_86' title='bbox 1061 1233 1154 1283; x_wconf 83' lang='grc' dir='ltr'>ὑπ’</span> <span class='ocrx_word' id='word_1_87' title='bbox 1196 1231 1444 1297; x_wconf 83' lang='grc' dir='ltr'>ἀλλήλων</span> <span class='ocrx_word' id='word_1_88' title='bbox 1477 1229 1739 1297; x_wconf 83' lang='grc' dir='ltr'>σημαινό-</span> 
     </span>
    </p>
   </div>
   <div class='ocr_carea' id='block_1_14' title="bbox 217 1320 1739 1392">
    <p class='ocr_par' dir='ltr' id='par_1_14' title="bbox 217 1320 1739 1392">
     <span class='ocr_line' id='line_1_14' title="bbox 217 1320 1739 1392; baseline -0.001 -20"><span class='ocrx_word' id='word_1_89' title='bbox 217 1338 333 1389; x_wconf 83' lang='grc' dir='ltr'>μενα</span> <span class='ocrx_word' id='word_1_90' title='bbox 372 1322 623 1384; x_wconf 75' lang='grc' dir='ltr'><strong>πολλάκις</strong></span> <span class='ocrx_word' id='word_1_91' title='bbox 672 1322 1119 1392; x_wconf 85' lang='grc' dir='ltr'>άντιμεθίσταται</span> <span class='ocrx_word' id='word_1_92' title='bbox 1151 1324 1184 1390; x_wconf 83' lang='grc' dir='ltr'>ἡ</span> <span class='ocrx_word' id='word_1_93' title='bbox 1235 1322 1331 1374; x_wconf 79' lang='grc' dir='ltr'><strong>διὰ</strong></span> <span class='ocrx_word' id='word_1_94' title='bbox 1363 1324 1429 1391; x_wconf 74' lang='grc' dir='ltr'>τῇ</span> <span class='ocrx_word' id='word_1_95' title='bbox 1471 1321 1537 1373; x_wconf 81' lang='grc' dir='ltr'><strong>ἑκ</strong></span> <span class='ocrx_word' id='word_1_96' title='bbox 1562 1364 1574 1385; x_wconf 90' lang='grc'><strong>,</strong></span> <span class='ocrx_word' id='word_1_97' title='bbox 1612 1320 1739 1371; x_wconf 81' lang='grc' dir='ltr'>ὅταν</span> 
     </span>
    </p>
   </div>
   <div class='ocr_carea' id='block_1_15' title="bbox 212 1412 1737 1486">
    <p class='ocr_par' dir='ltr' id='par_1_15' title="bbox 212 1412 1737 1486">
     <span class='ocr_line' id='line_1_15' title="bbox 212 1412 1737 1486; baseline -0.002 -21"><span class='ocrx_word' id='word_1_98' title='bbox 212 1414 416 1483; x_wconf 82' lang='grc' dir='ltr'>ήὲτέρα</span> <span class='ocrx_word' id='word_1_99' title='bbox 466 1416 567 1480; x_wconf 75' lang='grc' dir='ltr'>τὴν</span> <span class='ocrx_word' id='word_1_100' title='bbox 614 1417 712 1483; x_wconf 80' lang='grc' dir='ltr'>τῆς</span> <span class='ocrx_word' id='word_1_101' title='bbox 763 1416 956 1486; x_wconf 78' lang='grc' dir='ltr'>ἐτέρας</span> <span class='ocrx_word' id='word_1_102' title='bbox 1012 1416 1287 1485; x_wconf 79' lang='grc' dir='ltr'>σημασίαν</span> <span class='ocrx_word' id='word_1_103' title='bbox 1321 1412 1692 1481; x_wconf 77' lang='grc' dir='ltr'>ἀντιλαμϐάνῃ</span> <span class='ocrx_word' id='word_1_104' title='bbox 1724 1427 1737 1441; x_wconf 85' lang='lat'>&#39;</span> 
     </span>
    </p>
   </div>
   <div class='ocr_carea' id='block_1_16' title="bbox 210 1497 1741 1574">
    <p class='ocr_par' dir='ltr' id='par_1_16' title="bbox 210 1497 1741 1574">
     <span class='ocr_line' id='line_1_16' title="bbox 210 1497 1741 1574; baseline -0.001 -21"><span class='ocrx_word' id='word_1_105' title='bbox 210 1497 325 1565; x_wconf 80' lang='grc' dir='ltr'>οἷον,</span> <span class='ocrx_word' id='word_1_106' title='bbox 366 1505 743 1573; x_wconf 77' lang='grc' dir='ltr'>Ἑκτησάμην</span> <span class='ocrx_word' id='word_1_107' title='bbox 780 1508 1092 1574; x_wconf 77' lang='grc' dir='ltr'>ἄνθρωπον</span> <span class='ocrx_word' id='word_1_108' title='bbox 1121 1507 1226 1559; x_wconf 83' lang='grc' dir='ltr'>τοῦ</span> <span class='ocrx_word' id='word_1_109' title='bbox 1268 1505 1414 1558; x_wconf 84' lang='grc' dir='ltr'><strong>Θεοῦ</strong></span> <span class='ocrx_word' id='word_1_110' title='bbox 1441 1547 1454 1569; x_wconf 87' lang='grc'><strong>,</strong></span> <span class='ocrx_word' id='word_1_111' title='bbox 1511 1504 1624 1555; x_wconf 78' lang='grc' dir='ltr'>ἴσον</span> <span class='ocrx_word' id='word_1_112' title='bbox 1658 1503 1741 1553; x_wconf 81' lang='grc' dir='ltr'><strong>λέ-</strong></span> 
     </span>
    </p>
   </div>
   <div class='ocr_carea' id='block_1_17' title="bbox 210 1593 1739 1665">
    <p class='ocr_par' dir='ltr' id='par_1_17' title="bbox 210 1593 1739 1665">
     <span class='ocr_line' id='line_1_17' title="bbox 210 1593 1739 1665; baseline 0.001 -22"><span class='ocrx_word' id='word_1_113' title='bbox 210 1611 310 1658; x_wconf 83' lang='grc' dir='ltr'><strong>γων</strong></span> <span class='ocrx_word' id='word_1_114' title='bbox 353 1594 452 1662; x_wconf 82' lang='grc' dir='ltr'>τῷ,</span> <span class='ocrx_word' id='word_1_115' title='bbox 493 1599 556 1649; x_wconf 84' lang='grc' dir='ltr'><strong>ἐκ</strong></span> <span class='ocrx_word' id='word_1_116' title='bbox 609 1597 704 1649; x_wconf 82' lang='grc' dir='ltr'><strong>τοῦ</strong></span> <span class='ocrx_word' id='word_1_117' title='bbox 747 1597 917 1652; x_wconf 76' lang='grc' dir='ltr'>-Θεοῧ,</span> <span class='ocrx_word' id='word_1_118' title='bbox 964 1597 1022 1650; x_wconf 73' lang='lat'><strong>&#39;0</strong></span> <span class='ocrx_word' id='word_1_119' title='bbox 1072 1599 1149 1658; x_wconf 79' lang='grc' dir='ltr'>δὲ,</span> <span class='ocrx_word' id='word_1_120' title='bbox 1210 1600 1268 1650; x_wconf 81' lang='grc' dir='ltr'>ἐν</span> <span class='ocrx_word' id='word_1_121' title='bbox 1325 1599 1388 1665; x_wconf 83' lang='grc' dir='ltr'><strong>τῇ</strong></span> <span class='ocrx_word' id='word_1_122' title='bbox 1445 1595 1538 1647; x_wconf 80' lang='grc' dir='ltr'><strong>τοῦ</strong></span> <span class='ocrx_word' id='word_1_123' title='bbox 1598 1593 1739 1645; x_wconf 68' lang='grc' dir='ltr'>κατὰ</span> 
     </span>
    </p>
   </div>
   <div class='ocr_carea' id='block_1_18' title="bbox 212 1678 1741 1758">
    <p class='ocr_par' dir='ltr' id='par_1_18' title="bbox 212 1678 1741 1758">
     <span class='ocr_line' id='line_1_18' title="bbox 212 1678 1741 1758; baseline 0.002 -21"><span class='ocrx_word' id='word_1_124' title='bbox 212 1686 455 1737; x_wconf 61' lang='lat' dir='ltr'><strong>Mat-istim:</strong></span> <span class='ocrx_word' id='word_1_125' title='bbox 493 1688 680 1757; x_wconf 73' lang='grc' dir='ltr'>ρμιλίᾳ</span> <span class='ocrx_word' id='word_1_126' title='bbox 727 1687 805 1754; x_wconf 79' lang='grc' dir='ltr'>νγ¹</span> <span class='ocrx_word' id='word_1_127' title='bbox 839 1689 1004 1758; x_wconf 81' lang='grc' dir='ltr'>φησίν</span> <span class='ocrx_word' id='word_1_128' title='bbox 1028 1707 1041 1719; x_wconf 70' lang='grc'><strong><em>⁸</em></strong></span> <span class='ocrx_word' id='word_1_129' title='bbox 1076 1686 1196 1741; x_wconf 76' lang='grc' dir='ltr'>υἷδε</span> <span class='ocrx_word' id='word_1_130' title='bbox 1236 1689 1343 1757; x_wconf 73' lang='grc' dir='ltr'><strong>γὰρ</strong></span> <span class='ocrx_word' id='word_1_131' title='bbox 1384 1689 1442 1740; x_wconf 85' lang='grc' dir='ltr'>τὸ</span> <span class='ocrx_word' id='word_1_132' title='bbox 1472 1688 1540 1740; x_wconf 85' lang='grc' dir='ltr'>δι’</span> <span class='ocrx_word' id='word_1_133' title='bbox 1579 1678 1638 1738; x_wconf 74' lang='grc' dir='ltr'>οὑ</span> <span class='ocrx_word' id='word_1_134' title='bbox 1682 1687 1741 1739; x_wconf 73' lang='grc' dir='ltr'>τὸ</span> 
     </span>
    </p>
   </div>
   <div class='ocr_carea' id='block_1_19' title="bbox 204 1775 1739 1853">
    <p class='ocr_par' dir='ltr' id='par_1_19' title="bbox 204 1775 1739 1853">
     <span class='ocr_line' id='line_1_19' title="bbox 204 1775 1739 1853; baseline 0.001 -24"><span class='ocrx_word' id='word_1_135' title='bbox 204 1778 287 1843; x_wconf 76' lang='grc' dir='ltr'>ὑφ’</span> <span class='ocrx_word' id='word_1_136' title='bbox 316 1775 366 1831; x_wconf 70' lang='grc' dir='ltr'>οὗ</span> <span class='ocrx_word' id='word_1_137' title='bbox 391 1780 567 1846; x_wconf 78' lang='grc' dir='ltr'>λέγειν</span> <span class='ocrx_word' id='word_1_138' title='bbox 612 1784 641 1850; x_wconf 83' lang='grc' dir='ltr'><strong>ή</strong></span> <span class='ocrx_word' id='word_1_139' title='bbox 678 1781 887 1851; x_wconf 81' lang='grc' dir='ltr'>Γραφὴ,</span> <span class='ocrx_word' id='word_1_140' title='bbox 929 1782 1003 1843; x_wconf 87' lang='grc' dir='ltr'>ὡς</span> <span class='ocrx_word' id='word_1_141' title='bbox 1048 1783 1179 1835; x_wconf 82' lang='grc' dir='ltr'>ὅταν</span> <span class='ocrx_word' id='word_1_142' title='bbox 1227 1784 1358 1853; x_wconf 82' lang='grc' dir='ltr'>λέγῃ</span> <span class='ocrx_word' id='word_1_143' title='bbox 1387 1800 1401 1814; x_wconf 75' lang='grc' dir='ltr'>ο</span> <span class='ocrx_word' id='word_1_144' title='bbox 1446 1778 1739 1845; x_wconf 83' lang='grc' dir='ltr'>Ἐκτησά-</span> 
     </span>
    </p>
   </div>
   <div class='ocr_carea' id='block_1_20' title="bbox 1837 580 3410 650">
    <p class='ocr_par' dir='ltr' id='par_1_20' title="bbox 1837 580 3410 650">
     <span class='ocr_line' id='line_1_20' title="bbox 1837 580 3410 650; baseline 0.003 -15"><span class='ocrx_word' id='word_1_145' title='bbox 1837 582 1965 635; x_wconf 79' lang='lat' dir='ltr'><strong>cui?</strong></span> <span class='ocrx_word' id='word_1_146' title='bbox 2012 582 2178 635; x_wconf 84' lang='lat' dir='ltr'><strong>Porro</strong></span> <span class='ocrx_word' id='word_1_147' title='bbox 2222 598 2285 634; x_wconf 74' lang='lat' dir='ltr'><strong>ex</strong></span> <span class='ocrx_word' id='word_1_148' title='bbox 2336 580 2557 650; x_wconf 89' lang='lat' dir='ltr'><strong>perinde</strong></span> <span class='ocrx_word' id='word_1_149' title='bbox 2597 582 2775 635; x_wconf 81' lang='lat' dir='ltr'><strong>valere</strong></span> <span class='ocrx_word' id='word_1_150' title='bbox 2838 590 2999 650; x_wconf 86' lang='lat' dir='ltr'><strong>atque</strong></span> <span class='ocrx_word' id='word_1_151' title='bbox 3059 597 3173 650; x_wconf 82' lang='lat' dir='ltr'><strong>per,</strong></span> <span class='ocrx_word' id='word_1_152' title='bbox 3219 585 3410 640; x_wconf 71' lang='lat' dir='ltr'><strong>volunt</strong></span> 
     </span>
    </p>
   </div>
   <div class='ocr_carea' id='block_1_21' title="bbox 1838 672 3406 743">
    <p class='ocr_par' dir='ltr' id='par_1_21' title="bbox 1838 672 3406 743">
     <span class='ocr_line' id='line_1_21' title="bbox 1838 672 3406 743; baseline 0.004 -19"><span class='ocrx_word' id='word_1_153' title='bbox 1838 672 2069 726; x_wconf 83' lang='lat' dir='ltr'><strong>Basilius</strong></span> <span class='ocrx_word' id='word_1_154' title='bbox 2096 673 2609 742; x_wconf 77' lang='lat' dir='ltr'><strong>etChrysostomus,</strong></span> <span class='ocrx_word' id='word_1_155' title='bbox 2666 672 3026 741; x_wconf 79' lang='lat' dir='ltr'><strong>explanantes</strong></span> <span class='ocrx_word' id='word_1_156' title='bbox 3058 674 3206 739; x_wconf 85' lang='lat' dir='ltr'><strong>illud,</strong></span> <span class='ocrx_word' id='word_1_157' title='bbox 3258 678 3406 743; x_wconf 83' lang='lat' dir='ltr'><strong>quod</strong></span> 
     </span>
    </p>
   </div>
   <div class='ocr_carea' id='block_1_22' title="bbox 1840 763 3409 823">
    <p class='ocr_par' dir='ltr' id='par_1_22' title="bbox 1840 763 3409 823">
     <span class='ocr_line' id='line_1_22' title="bbox 1840 763 3409 823; baseline 0.003 -5"><span class='ocrx_word' id='word_1_158' title='bbox 1840 764 2066 818; x_wconf 85' lang='lat' dir='ltr'><strong>habetur</strong></span> <span class='ocrx_word' id='word_1_159' title='bbox 2127 766 2177 817; x_wconf 91' lang='lat' dir='ltr'><strong>in</strong></span> <span class='ocrx_word' id='word_1_160' title='bbox 2230 764 2425 819; x_wconf 91' lang='lat' dir='ltr'><strong>Genesi</strong></span> <span class='ocrx_word' id='word_1_161' title='bbox 2504 763 2708 817; x_wconf 88' lang='lat' dir='ltr'><strong>dictum</strong></span> <span class='ocrx_word' id='word_1_162' title='bbox 2786 764 2853 817; x_wconf 88' lang='lat' dir='ltr'><strong>ab</strong></span> <span class='ocrx_word' id='word_1_163' title='bbox 2922 764 3132 820; x_wconf 83' lang='lat' dir='ltr'><strong>Adamo</strong></span> <span class='ocrx_word' id='word_1_164' title='bbox 3196 784 3208 819; x_wconf 92' lang='lat'><strong>:</strong></span> <span class='ocrx_word' id='word_1_165' title='bbox 3274 769 3409 823; x_wconf 77' lang='lat' dir='ltr'><strong>Pos—</strong></span> 
     </span>
    </p>
   </div>
   <div class='ocr_carea' id='block_1_23' title="bbox 1837 857 3411 927">
    <p class='ocr_par' dir='ltr' id='par_1_23' title="bbox 1837 857 3411 927">
     <span class='ocr_line' id='line_1_23' title="bbox 1837 857 3411 927; baseline 0.004 -16"><span class='ocrx_word' id='word_1_166' title='bbox 1837 859 1952 911; x_wconf 74' lang='lat' dir='ltr'><strong>sedi</strong></span> <span class='ocrx_word' id='word_1_167' title='bbox 2008 858 2268 911; x_wconf 79' lang='lat' dir='ltr'><strong>hominem</strong></span> <span class='ocrx_word' id='word_1_168' title='bbox 2307 874 2397 925; x_wconf 77' lang='lat' dir='ltr'><strong>per</strong></span> <span class='ocrx_word' id='word_1_169' title='bbox 2443 858 2605 911; x_wconf 83' lang='lat' dir='ltr'><strong>Deum</strong></span> <span class='ocrx_word' id='word_1_170' title='bbox 2638 857 2723 920; x_wconf 63' lang='lat'><strong>‘3;</strong></span> <span class='ocrx_word' id='word_1_171' title='bbox 2758 866 2816 910; x_wconf 91' lang='lat' dir='ltr'><strong>ut</strong></span> <span class='ocrx_word' id='word_1_172' title='bbox 2870 860 3112 927; x_wconf 80' lang='lat' dir='ltr'><strong>profecto</strong></span> <span class='ocrx_word' id='word_1_173' title='bbox 3146 862 3285 915; x_wconf 88' lang='lat' dir='ltr'><strong>idem</strong></span> <span class='ocrx_word' id='word_1_174' title='bbox 3339 865 3411 918; x_wconf 87' lang='lat' dir='ltr'><strong>sit</strong></span> 
     </span>
    </p>
   </div>
   <div class='ocr_carea' id='block_1_24' title="bbox 1840 947 3397 1019">
    <p class='ocr_par' dir='ltr' id='par_1_24' title="bbox 1840 947 3397 1019">
     <span class='ocr_line' id='line_1_24' title="bbox 1840 947 3397 1019; baseline 0.004 -19"><span class='ocrx_word' id='word_1_175' title='bbox 1840 962 1901 1000; x_wconf 91' lang='lat' dir='ltr'><strong>ac</strong></span> <span class='ocrx_word' id='word_1_176' title='bbox 1924 948 1971 1002; x_wconf 89' lang='lat' dir='ltr'><strong>si</strong></span> <span class='ocrx_word' id='word_1_177' title='bbox 1997 949 2234 1001; x_wconf 90' lang='lat' dir='ltr'><strong>diceret:</strong></span> <span class='ocrx_word' id='word_1_178' title='bbox 2273 947 2343 1000; x_wconf 77' lang='lat' dir='ltr'><strong>Ex</strong></span> <span class='ocrx_word' id='word_1_179' title='bbox 2378 948 2506 1001; x_wconf 77' lang='lat' dir='ltr'><strong>Deo.</strong></span> <span class='ocrx_word' id='word_1_180' title='bbox 2566 949 2913 1019; x_wconf 69' lang='lat' dir='ltr'><strong>Quapropter</strong></span> <span class='ocrx_word' id='word_1_181' title='bbox 2948 950 3205 1019; x_wconf 80' lang='lat' dir='ltr'><strong>Basilius,</strong></span> <span class='ocrx_word' id='word_1_182' title='bbox 3241 953 3295 1007; x_wconf 92' lang='lat' dir='ltr'><strong>in</strong></span> <span class='ocrx_word' id='word_1_183' title='bbox 3342 955 3397 1007; x_wconf 91' lang='lat' dir='ltr'><strong>li-</strong></span> 
     </span>
    </p>
   </div>
   <div class='ocr_carea' id='block_1_25' title="bbox 1838 1038 3404 1113">
    <p class='ocr_par' dir='ltr' id='par_1_25' title="bbox 1838 1038 3404 1113">
     <span class='ocr_line' id='line_1_25' title="bbox 1838 1038 3404 1113; baseline 0.004 -20"><span class='ocrx_word' id='word_1_184' title='bbox 1838 1038 1936 1093; x_wconf 90' lang='lat' dir='ltr'><strong>bro</strong></span> <span class='ocrx_word' id='word_1_185' title='bbox 1980 1055 2141 1108; x_wconf 88' lang='lat' dir='ltr'><strong>quem</strong></span> <span class='ocrx_word' id='word_1_186' title='bbox 2172 1055 2270 1109; x_wconf 90' lang='lat' dir='ltr'><strong>per</strong></span> <span class='ocrx_word' id='word_1_187' title='bbox 2325 1041 2503 1107; x_wconf 89' lang='lat' dir='ltr'><strong>capita</strong></span> <span class='ocrx_word' id='word_1_188' title='bbox 2549 1042 2767 1110; x_wconf 76' lang='lat' dir='ltr'><strong>scripsit</strong></span> <span class='ocrx_word' id='word_1_189' title='bbox 2816 1042 2881 1095; x_wconf 90' lang='lat' dir='ltr'><strong>ad</strong></span> <span class='ocrx_word' id='word_1_190' title='bbox 2935 1043 3404 1113; x_wconf 78' lang='lat' dir='ltr'><strong>Amphilochium,</strong></span> 
     </span>
    </p>
   </div>
   <div class='ocr_carea' id='block_1_26' title="bbox 1817 1131 3409 1202">
    <p class='ocr_par' dir='ltr' id='par_1_26' title="bbox 1817 1131 3409 1202">
     <span class='ocr_line' id='line_1_26' title="bbox 1817 1131 3409 1202; baseline 0.009 -23"><span class='ocrx_word' id='word_1_191' title='bbox 1817 1132 1922 1184; x_wconf 90' lang='lat' dir='ltr'><strong>.sic</strong></span> <span class='ocrx_word' id='word_1_192' title='bbox 1963 1131 2073 1184; x_wconf 85' lang='lat' dir='ltr'><strong>ait:</strong></span> <span class='ocrx_word' id='word_1_193' title='bbox 2116 1131 2270 1201; x_wconf 79' lang='lat' dir='ltr'><strong>Saepe</strong></span> <span class='ocrx_word' id='word_1_194' title='bbox 2320 1134 2482 1185; x_wconf 76' lang='lat' dir='ltr'><strong>etiam</strong></span> <span class='ocrx_word' id='word_1_195' title='bbox 2534 1149 2597 1185; x_wconf 75' lang='lat' dir='ltr'><strong>cx</strong></span> <span class='ocrx_word' id='word_1_196' title='bbox 2642 1143 2692 1186; x_wconf 88' lang='lat' dir='ltr'><strong>et</strong></span> <span class='ocrx_word' id='word_1_197' title='bbox 2741 1150 2834 1202; x_wconf 86' lang='lat' dir='ltr'><strong>per</strong></span> <span class='ocrx_word' id='word_1_198' title='bbox 2870 1135 2939 1189; x_wconf 90' lang='lat' dir='ltr'><strong>ita</strong></span> <span class='ocrx_word' id='word_1_199' title='bbox 2974 1136 3143 1191; x_wconf 89' lang='lat' dir='ltr'><strong>altera</strong></span> <span class='ocrx_word' id='word_1_200' title='bbox 3180 1140 3409 1193; x_wconf 84' lang='lat' dir='ltr'><strong>alterius</strong></span> 
     </span>
    </p>
   </div>
   <div class='ocr_carea' id='block_1_27' title="bbox 1842 1224 3408 1299">
    <p class='ocr_par' dir='ltr' id='par_1_27' title="bbox 1842 1224 3408 1299">
     <span class='ocr_line' id='line_1_27' title="bbox 1842 1224 3408 1299; baseline 0.006 -22"><span class='ocrx_word' id='word_1_201' title='bbox 1842 1224 2295 1291; x_wconf 70' lang='lat' dir='ltr'><strong>signiﬁczitionem</strong></span> <span class='ocrx_word' id='word_1_202' title='bbox 2335 1226 2501 1289; x_wconf 86' lang='lat' dir='ltr'><strong>subit,</strong></span> <span class='ocrx_word' id='word_1_203' title='bbox 2527 1236 2585 1279; x_wconf 92' lang='lat' dir='ltr'><strong>ut</strong></span> <span class='ocrx_word' id='word_1_204' title='bbox 2618 1227 2784 1281; x_wconf 86' lang='lat' dir='ltr'><strong>altera</strong></span> <span class='ocrx_word' id='word_1_205' title='bbox 2813 1239 3062 1283; x_wconf 82' lang='lat' dir='ltr'><strong>sumatur</strong></span> <span class='ocrx_word' id='word_1_206' title='bbox 3087 1246 3182 1299; x_wconf 91' lang='lat' dir='ltr'><strong>pro</strong></span> <span class='ocrx_word' id='word_1_207' title='bbox 3216 1234 3408 1298; x_wconf 87' lang='lat' dir='ltr'><strong>altera;</strong></span> 
     </span>
    </p>
   </div>
   <div class='ocr_carea' id='block_1_28' title="bbox 1844 1314 3411 1392">
    <p class='ocr_par' dir='ltr' id='par_1_28' title="bbox 1844 1314 3411 1392">
     <span class='ocr_line' id='line_1_28' title="bbox 1844 1314 3411 1392; baseline 0.008 -28"><span class='ocrx_word' id='word_1_208' title='bbox 1844 1314 2301 1379; x_wconf 79' lang='lat' dir='ltr'><strong>quemadmodum</strong></span> <span class='ocrx_word' id='word_1_209' title='bbox 2326 1317 2377 1368; x_wconf 92' lang='lat' dir='ltr'><strong>in</strong></span> <span class='ocrx_word' id='word_1_210' title='bbox 2407 1317 2496 1369; x_wconf 92' lang='lat' dir='ltr'><strong>illo</strong></span> <span class='ocrx_word' id='word_1_211' title='bbox 2522 1317 2665 1372; x_wconf 90' lang='lat' dir='ltr'><strong>dicto</strong></span> <span class='ocrx_word' id='word_1_212' title='bbox 2695 1337 2708 1372; x_wconf 93' lang='lat'><strong>:</strong></span> <span class='ocrx_word' id='word_1_213' title='bbox 2744 1318 2961 1373; x_wconf 72' lang='lat' dir='ltr'><strong>l’ossedi</strong></span> <span class='ocrx_word' id='word_1_214' title='bbox 3016 1322 3278 1375; x_wconf 77' lang='lat' dir='ltr'><strong>hominem</strong></span> <span class='ocrx_word' id='word_1_215' title='bbox 3323 1340 3411 1392; x_wconf 86' lang='lat' dir='ltr'><strong>per</strong></span> 
     </span>
    </p>
   </div>
   <div class='ocr_carea' id='block_1_29' title="bbox 1843 1402 3409 1474">
    <p class='ocr_par' dir='ltr' id='par_1_29' title="bbox 1843 1402 3409 1474">
     <span class='ocr_line' id='line_1_29' title="bbox 1843 1402 3409 1474; baseline 0.009 -20"><span class='ocrx_word' id='word_1_216' title='bbox 1843 1402 2227 1472; x_wconf 87' lang='lat' dir='ltr'><strong>Deum;quod</strong></span> <span class='ocrx_word' id='word_1_217' title='bbox 2262 1406 2488 1474; x_wconf 88' lang='lat' dir='ltr'><strong>perinde</strong></span> <span class='ocrx_word' id='word_1_218' title='bbox 2540 1418 2621 1461; x_wconf 90' lang='lat' dir='ltr'><strong>est</strong></span> <span class='ocrx_word' id='word_1_219' title='bbox 2649 1424 2712 1462; x_wconf 90' lang='lat' dir='ltr'><strong>ac</strong></span> <span class='ocrx_word' id='word_1_220' title='bbox 2765 1410 2811 1463; x_wconf 88' lang='lat' dir='ltr'><strong>si</strong></span> <span class='ocrx_word' id='word_1_221' title='bbox 2870 1410 3097 1473; x_wconf 84' lang='lat' dir='ltr'><strong>diceret,</strong></span> <span class='ocrx_word' id='word_1_222' title='bbox 3148 1411 3222 1467; x_wconf 78' lang='lat' dir='ltr'><strong>Ex</strong></span> <span class='ocrx_word' id='word_1_223' title='bbox 3278 1412 3409 1468; x_wconf 91' lang='lat' dir='ltr'><strong>Deo.</strong></span> 
     </span>
    </p>
   </div>
   <div class='ocr_carea' id='block_1_30' title="bbox 1843 1494 3409 1571">
    <p class='ocr_par' dir='ltr' id='par_1_30' title="bbox 1843 1494 3409 1571">
     <span class='ocr_line' id='line_1_30' title="bbox 1843 1494 3409 1571; baseline 0.006 -22"><span class='ocrx_word' id='word_1_224' title='bbox 1843 1494 2264 1565; x_wconf 89' lang='lat' dir='ltr'><strong>Chrysostomus</strong></span> <span class='ocrx_word' id='word_1_225' title='bbox 2296 1508 2499 1564; x_wconf 86' lang='lat' dir='ltr'><strong>autem,</strong></span> <span class='ocrx_word' id='word_1_226' title='bbox 2524 1500 2747 1554; x_wconf 82' lang='lat' dir='ltr'><strong>bomilia</strong></span> <span class='ocrx_word' id='word_1_227' title='bbox 2772 1501 3227 1571; x_wconf 79' lang='lat' dir='ltr'><strong>quinquagesima</strong></span> <span class='ocrx_word' id='word_1_228' title='bbox 3250 1507 3409 1560; x_wconf 88' lang='lat' dir='ltr'><strong>tertia</strong></span> 
     </span>
    </p>
   </div>
   <div class='ocr_carea' id='block_1_31' title="bbox 1845 1588 3411 1664">
    <p class='ocr_par' dir='ltr' id='par_1_31' title="bbox 1845 1588 3411 1664">
     <span class='ocr_line' id='line_1_31' title="bbox 1845 1588 3411 1664; baseline 0.008 -22"><span class='ocrx_word' id='word_1_229' title='bbox 1845 1588 1897 1642; x_wconf 94' lang='lat' dir='ltr'><strong>in</strong></span> <span class='ocrx_word' id='word_1_230' title='bbox 1937 1588 2291 1643; x_wconf 70' lang='lat' dir='ltr'><strong>Matthaaum:</strong></span> <span class='ocrx_word' id='word_1_231' title='bbox 2328 1592 2488 1644; x_wconf 83' lang='lat' dir='ltr'><strong>Novit</strong></span> <span class='ocrx_word' id='word_1_232' title='bbox 2515 1593 2661 1646; x_wconf 91' lang='lat' dir='ltr'><strong>enim</strong></span> <span class='ocrx_word' id='word_1_233' title='bbox 2692 1594 2991 1663; x_wconf 86' lang='lat' dir='ltr'><strong>Scriptura,</strong></span> <span class='ocrx_word' id='word_1_234' title='bbox 3029 1598 3226 1664; x_wconf 85' lang='lat' dir='ltr'><strong>inquit,</strong></span> <span class='ocrx_word' id='word_1_235' title='bbox 3292 1599 3411 1653; x_wconf 90' lang='lat' dir='ltr'><strong>loco</strong></span> 
     </span>
    </p>
   </div>
   <div class='ocr_carea' id='block_1_32' title="bbox 1845 1682 3408 1758">
    <p class='ocr_par' dir='ltr' id='par_1_32' title="bbox 1845 1682 3408 1758">
     <span class='ocr_line' id='line_1_32' title="bbox 1845 1682 3408 1758; baseline 0.005 -23"><span class='ocrx_word' id='word_1_236' title='bbox 1845 1682 2007 1748; x_wconf 85' lang='lat' dir='ltr'><strong>hujus</strong></span> <span class='ocrx_word' id='word_1_237' title='bbox 2035 1683 2204 1744; x_wconf 82' lang='lat' dir='ltr'><strong>vocis,</strong></span> <span class='ocrx_word' id='word_1_238' title='bbox 2236 1682 2310 1736; x_wconf 73' lang='lat' dir='ltr'><strong>Ex</strong></span> <span class='ocrx_word' id='word_1_239' title='bbox 2346 1683 2549 1751; x_wconf 85' lang='lat' dir='ltr'><strong>aliquo,</strong></span> <span class='ocrx_word' id='word_1_240' title='bbox 2584 1687 2658 1737; x_wconf 89' lang='lat' dir='ltr'><strong>uti</strong></span> <span class='ocrx_word' id='word_1_241' title='bbox 2694 1687 2795 1739; x_wconf 89' lang='lat' dir='ltr'><strong>hac</strong></span> <span class='ocrx_word' id='word_1_242' title='bbox 2820 1703 2971 1751; x_wconf 88' lang='lat' dir='ltr'><strong>voce,</strong></span> <span class='ocrx_word' id='word_1_243' title='bbox 3002 1686 3105 1741; x_wconf 87' lang='lat' dir='ltr'><strong>Per</strong></span> <span class='ocrx_word' id='word_1_244' title='bbox 3147 1690 3408 1758; x_wconf 82' lang='lat' dir='ltr'><strong>aliquem;</strong></span> 
     </span>
    </p>
   </div>
   <div class='ocr_carea' id='block_1_33' title="bbox 1846 1760 3381 1853">
    <p class='ocr_par' dir='ltr' id='par_1_33' title="bbox 1846 1760 3381 1853">
     <span class='ocr_line' id='line_1_33' title="bbox 1846 1760 3381 1853; baseline 0.006 -27"><span class='ocrx_word' id='word_1_245' title='bbox 1846 1783 1903 1826; x_wconf 92' lang='lat' dir='ltr'><strong>ut</strong></span> <span class='ocrx_word' id='word_1_246' title='bbox 1938 1788 2059 1826; x_wconf 85' lang='lat' dir='ltr'><strong>cum</strong></span> <span class='ocrx_word' id='word_1_247' title='bbox 2095 1774 2267 1828; x_wconf 88' lang='lat' dir='ltr'><strong>dicit:</strong></span> <span class='ocrx_word' id='word_1_248' title='bbox 2302 1773 2525 1853; x_wconf 73' lang='lat' dir='ltr'><strong>Possedi</strong></span> <span class='ocrx_word' id='word_1_249' title='bbox 2548 1760 2819 1830; x_wconf 24' lang='lat' dir='ltr'><strong>[hominem</strong></span> <span class='ocrx_word' id='word_1_250' title='bbox 2868 1795 2957 1844; x_wconf 80' lang='lat' dir='ltr'><strong>per</strong></span> <span class='ocrx_word' id='word_1_251' title='bbox 2989 1779 3186 1847; x_wconf 81' lang='lat' dir='ltr'><strong>Deum;</strong></span> <span class='ocrx_word' id='word_1_252' title='bbox 3246 1783 3381 1850; x_wconf 80' lang='lat' dir='ltr'><strong>signi</strong></span> 
     </span>
    </p>
   </div>
   <div class='ocr_carea' id='block_1_34' title="bbox 197 1832 1736 1943">
    <p class='ocr_par' dir='ltr' id='par_1_34' title="bbox 197 1832 1736 1943">
     <span class='ocr_line' id='line_1_34' title="bbox 249 1832 1619 1853; baseline 0 -7"><span class='ocrx_word' id='word_1_253' title='bbox 249 1832 259 1843; x_wconf 86' lang='lat'><strong>.</strong></span> <span class='ocrx_word' id='word_1_254' title='bbox 459 1832 470 1846; x_wconf 92' lang='lat'><strong>.</strong></span> <span class='ocrx_word' id='word_1_255' title='bbox 632 1832 641 1850; x_wconf 93' lang='lat'><strong>.</strong></span> <span class='ocrx_word' id='word_1_256' title='bbox 1229 1832 1358 1853; x_wconf 60' lang='grc' dir='ltr'><strong>η-η.</strong></span> <span class='ocrx_word' id='word_1_257' title='bbox 1468 1832 1619 1845; x_wconf 38' lang='grc' dir='ltr'><strong>κη.</strong></span> 
     </span>
     <span class='ocr_line' id='line_1_35' title="bbox 197 1870 1736 1943; baseline 0.001 -22"><span class='ocrx_word' id='word_1_258' title='bbox 197 1887 312 1936; x_wconf 78' lang='grc' dir='ltr'><strong>μην</strong></span> <span class='ocrx_word' id='word_1_259' title='bbox 335 1870 634 1937; x_wconf 66' lang='grc' dir='ltr'>ἄνθρωπον</span> <span class='ocrx_word' id='word_1_260' title='bbox 665 1872 761 1925; x_wconf 79' lang='grc' dir='ltr'><strong>διὰ</strong></span> <span class='ocrx_word' id='word_1_261' title='bbox 810 1871 913 1925; x_wconf 83' lang='grc' dir='ltr'>τοῦ</span> <span class='ocrx_word' id='word_1_262' title='bbox 944 1873 1119 1925; x_wconf 75' lang='grc' dir='ltr'>Θεοῦσ</span> <span class='ocrx_word' id='word_1_263' title='bbox 1152 1876 1212 1926; x_wconf 88' lang='grc' dir='ltr'>οὑ</span> <span class='ocrx_word' id='word_1_264' title='bbox 1261 1874 1322 1926; x_wconf 81' lang='grc' dir='ltr'>τὸ</span> <span class='ocrx_word' id='word_1_265' title='bbox 1357 1873 1609 1943; x_wconf 79' lang='grc' dir='ltr'>δεύτερον</span> <span class='ocrx_word' id='word_1_266' title='bbox 1654 1871 1736 1925; x_wconf 76' lang='grc' dir='ltr'><strong>αἴ-</strong></span> 
     </span>
    </p>
   </div>
   <div class='ocr_carea' id='block_1_35' title="bbox 1841 1832 3411 1943">
    <p class='ocr_par' dir='ltr' id='par_1_35' title="bbox 1847 1832 3411 1942">
     <span class='ocr_line' id='line_1_36' title="bbox 2459 1832 3381 1853; baseline 0.007 0"><span class='ocrx_word' id='word_1_267' title='bbox 2459 1847 2465 1853; x_wconf 89' lang='lat'><strong>.</strong></span> <span class='ocrx_word' id='word_1_268' title='bbox 2868 1832 2876 1844; x_wconf 89' lang='lat'>&#39;</span> <span class='ocrx_word' id='word_1_269' title='bbox 3044 1832 3051 1833; x_wconf 24' lang='grc' dir='ltr'>ί</span> <span class='ocrx_word' id='word_1_270' title='bbox 3172 1832 3186 1847; x_wconf 78' lang='grc'><em>⁷</em></span> <span class='ocrx_word' id='word_1_271' title='bbox 3247 1832 3323 1850; x_wconf 41' lang='grc' dir='ltr'><strong>*⁷ο</strong></span> <span class='ocrx_word' id='word_1_272' title='bbox 3352 1832 3381 1835; x_wconf 30' lang='lat' dir='ltr'><strong>V—</strong></span> 
     </span>
     <span class='ocr_line' id='line_1_37' title="bbox 1847 1865 3411 1942; baseline 0.006 -24"><span class='ocrx_word' id='word_1_273' title='bbox 1847 1865 2141 1919; x_wconf 83' lang='lat' dir='ltr'><strong>ﬁcansnnn</strong></span> <span class='ocrx_word' id='word_1_274' title='bbox 2176 1882 2398 1921; x_wconf 83' lang='lat' dir='ltr'><strong>causam</strong></span> <span class='ocrx_word' id='word_1_275' title='bbox 2433 1870 2834 1937; x_wconf 80' lang='lat' dir='ltr'><strong>secundariam,</strong></span> <span class='ocrx_word' id='word_1_276' title='bbox 2862 1872 2954 1925; x_wconf 89' lang='lat' dir='ltr'><strong>sed</strong></span> <span class='ocrx_word' id='word_1_277' title='bbox 2996 1873 3176 1940; x_wconf 89' lang='lat' dir='ltr'><strong>potius</strong></span> <span class='ocrx_word' id='word_1_278' title='bbox 3210 1876 3411 1942; x_wconf 91' lang='lat' dir='ltr'><strong>prima-</strong></span> 
     </span>
    </p>
   </div>
   <div class='ocr_carea' id='block_1_36' title="bbox 199 1963 1733 2034">
    <p class='ocr_par' dir='ltr' id='par_1_36' title="bbox 199 1963 1733 2034">
     <span class='ocr_line' id='line_1_38' title="bbox 199 1963 1733 2034; baseline 0.003 -22"><span class='ocrx_word' id='word_1_279' title='bbox 199 1979 326 2023; x_wconf 86' lang='grc' dir='ltr'>τιον,</span> <span class='ocrx_word' id='word_1_280' title='bbox 356 1963 484 2015; x_wconf 71' lang='grc' dir='ltr'>ἀλλὰ</span> <span class='ocrx_word' id='word_1_281' title='bbox 526 1965 587 2015; x_wconf 84' lang='grc' dir='ltr'>τὸ</span> <span class='ocrx_word' id='word_1_282' title='bbox 626 1964 846 2034; x_wconf 81' lang='grc' dir='ltr'>πρῶτον</span> <span class='ocrx_word' id='word_1_283' title='bbox 880 1966 1082 2033; x_wconf 82' lang='grc' dir='ltr'>μᾶλλον</span> <span class='ocrx_word' id='word_1_284' title='bbox 1111 1966 1347 2018; x_wconf 82' lang='grc' dir='ltr'><strong>τιθεῖσα.</strong></span> <span class='ocrx_word' id='word_1_285' title='bbox 1383 1967 1488 2017; x_wconf 74' lang='grc' dir='ltr'><strong>Καὶ</strong></span> <span class='ocrx_word' id='word_1_286' title='bbox 1537 1966 1697 2018; x_wconf 79' lang='grc' dir='ltr'>πάλιν</span> <span class='ocrx_word' id='word_1_287' title='bbox 1720 1980 1733 1993; x_wconf 87' lang='grc'><strong>·</strong></span> 
     </span>
    </p>
   </div>
   <div class='ocr_carea' id='block_1_37' title="bbox 200 2056 1735 2129">
    <p class='ocr_par' dir='ltr' id='par_1_37' title="bbox 200 2056 1735 2129">
     <span class='ocr_line' id='line_1_39' title="bbox 200 2056 1735 2129; baseline 0.003 -22"><span class='ocrx_word' id='word_1_288' title='bbox 200 2056 569 2123; x_wconf 75' lang='grc' dir='ltr'><strong>οὐχίέκ.τοῦ</strong></span> <span class='ocrx_word' id='word_1_289' title='bbox 623 2057 769 2111; x_wconf 87' lang='grc' dir='ltr'><strong>Θεοῦ</strong></span> <span class='ocrx_word' id='word_1_290' title='bbox 819 2060 856 2126; x_wconf 80' lang='grc' dir='ltr'>ἡ</span> <span class='ocrx_word' id='word_1_291' title='bbox 911 2059 1285 2129; x_wconf 71' lang='grc' dir='ltr'>διασάφησις</span> <span class='ocrx_word' id='word_1_292' title='bbox 1332 2058 1531 2112; x_wconf 80' lang='grc' dir='ltr'>αὐτῶν</span> <span class='ocrx_word' id='word_1_293' title='bbox 1573 2059 1735 2111; x_wconf 72' lang='grc' dir='ltr'>ἐστι*</span> 
     </span>
    </p>
   </div>
   <div class='ocr_carea' id='block_1_38' title="bbox 196 2147 1736 2220">
    <p class='ocr_par' dir='ltr' id='par_1_38' title="bbox 196 2147 1736 2220">
     <span class='ocr_line' id='line_1_40' title="bbox 196 2147 1736 2220; baseline 0.001 -23"><span class='ocrx_word' id='word_1_294' title='bbox 196 2147 296 2197; x_wconf 82' lang='grc' dir='ltr'><strong>Καὶ</strong></span> <span class='ocrx_word' id='word_1_295' title='bbox 329 2148 586 2217; x_wconf 84' lang='grc' dir='ltr'>Κύριλλος</span> <span class='ocrx_word' id='word_1_296' title='bbox 619 2150 673 2201; x_wconf 77' lang='grc' dir='ltr'>δὲ</span> <span class='ocrx_word' id='word_1_297' title='bbox 703 2150 731 2201; x_wconf 91' lang='lat'><strong>6</strong></span> <span class='ocrx_word' id='word_1_298' title='bbox 765 2151 1035 2219; x_wconf 80' lang='grc' dir='ltr'>μακάριος</span> <span class='ocrx_word' id='word_1_299' title='bbox 1083 2153 1142 2202; x_wconf 86' lang='grc' dir='ltr'>ὲν</span> <span class='ocrx_word' id='word_1_300' title='bbox 1173 2153 1239 2220; x_wconf 85' lang='grc' dir='ltr'>τῇ</span> <span class='ocrx_word' id='word_1_301' title='bbox 1276 2150 1410 2219; x_wconf 77' lang='grc' dir='ltr'>πρὸς</span> <span class='ocrx_word' id='word_1_302' title='bbox 1444 2150 1736 2218; x_wconf 86' lang='grc' dir='ltr'>Νεστόριον</span> 
     </span>
    </p>
   </div>
   <div class='ocr_carea' id='block_1_39' title="bbox 193 2233 1735 2312">
    <p class='ocr_par' dir='ltr' id='par_1_39' title="bbox 193 2233 1735 2312">
     <span class='ocr_line' id='line_1_41' title="bbox 193 2233 1735 2312; baseline 0.002 -24"><span class='ocrx_word' id='word_1_303' title='bbox 193 2233 543 2312; x_wconf 81' lang='grc' dir='ltr'>ἐπιστολῇ,ἦς</span> <span class='ocrx_word' id='word_1_304' title='bbox 592 2242 624 2311; x_wconf 80' lang='grc' dir='ltr'>ὴ</span> <span class='ocrx_word' id='word_1_305' title='bbox 680 2240 844 2311; x_wconf 78' lang='grc' dir='ltr'>ἁρχὴ,</span> <span class='ocrx_word' id='word_1_306' title='bbox 897 2240 1412 2311; x_wconf 79' lang='grc' dir='ltr'>Καταφλυαροῢσιν,</span> <span class='ocrx_word' id='word_1_307' title='bbox 1462 2239 1536 2303; x_wconf 82' lang='grc' dir='ltr'><strong>ὡς</strong></span> <span class='ocrx_word' id='word_1_308' title='bbox 1603 2258 1735 2308; x_wconf 75' lang='grc' dir='ltr'>μαν-</span> 
     </span>
    </p>
   </div>
   <div class='ocr_carea' id='block_1_40' title="bbox 191 2324 1737 2401">
    <p class='ocr_par' dir='ltr' id='par_1_40' title="bbox 191 2324 1737 2401">
     <span class='ocr_line' id='line_1_42' title="bbox 191 2324 1737 2401; baseline -0.001 -23"><span class='ocrx_word' id='word_1_309' title='bbox 191 2326 347 2391; x_wconf 75' lang='grc' dir='ltr'>θάνω,</span> <span class='ocrx_word' id='word_1_310' title='bbox 377 2329 537 2390; x_wconf 78' lang='grc' dir='ltr'>τινὲς,</span> <span class='ocrx_word' id='word_1_311' title='bbox 570 2330 732 2401; x_wconf 84' lang='grc' dir='ltr'>φησίν</span> <span class='ocrx_word' id='word_1_312' title='bbox 760 2348 773 2362; x_wconf 90' lang='grc'><strong>·</strong></span> <span class='ocrx_word' id='word_1_313' title='bbox 820 2332 1140 2398; x_wconf 74' lang='grc' dir='ltr'><strong>Ἀναγκαῖον</strong></span> <span class='ocrx_word' id='word_1_314' title='bbox 1183 2330 1482 2398; x_wconf 73' lang='grc' dir='ltr'><strong>ὁμολογεῖν,</strong></span> <span class='ocrx_word' id='word_1_315' title='bbox 1512 2328 1592 2379; x_wconf 84' lang='grc' dir='ltr'>ὅτι</span> <span class='ocrx_word' id='word_1_316' title='bbox 1646 2324 1737 2377; x_wconf 77' lang='grc' dir='ltr'><strong>καὶ</strong></span> 
     </span>
    </p>
   </div>
   <div class='ocr_carea' id='block_1_41' title="bbox 191 2418 1734 2491">
    <p class='ocr_par' dir='ltr' id='par_1_41' title="bbox 191 2418 1734 2491">
     <span class='ocr_line' id='line_1_43' title="bbox 191 2418 1734 2491; baseline -0.002 -18"><span class='ocrx_word' id='word_1_317' title='bbox 191 2423 495 2491; x_wconf 72' lang='grc' dir='ltr'>γεγέννηται</span> <span class='ocrx_word' id='word_1_318' title='bbox 547 2424 687 2477; x_wconf 70' lang='grc' dir='ltr'>κατὰ</span> <span class='ocrx_word' id='word_1_319' title='bbox 744 2426 920 2491; x_wconf 69' lang='grc' dir='ltr'>σὲρκοι</span> <span class='ocrx_word' id='word_1_320' title='bbox 974 2425 1062 2477; x_wconf 71' lang='grc' dir='ltr'>διὰ</span> <span class='ocrx_word' id='word_1_321' title='bbox 1116 2423 1392 2491; x_wconf 69' lang='grc' dir='ltr'>γυναικός.</span> <span class='ocrx_word' id='word_1_322' title='bbox 1448 2421 1555 2474; x_wconf 73' lang='grc' dir='ltr'><strong>Καὶ</strong></span> <span class='ocrx_word' id='word_1_323' title='bbox 1618 2418 1734 2489; x_wconf 79' lang='grc' dir='ltr'>μετ’</span> 
     </span>
    </p>
   </div>
   <div class='ocr_carea' id='block_1_42' title="bbox 184 2512 1735 2584">
    <p class='ocr_par' dir='ltr' id='par_1_42' title="bbox 184 2512 1735 2584">
     <span class='ocr_line' id='line_1_44' title="bbox 184 2512 1735 2584; baseline -0.001 -20"><span class='ocrx_word' id='word_1_324' title='bbox 184 2514 369 2575; x_wconf 69' lang='grc' dir='ltr'>ὀλίγαν</span> <span class='ocrx_word' id='word_1_325' title='bbox 416 2516 747 2584; x_wconf 85' lang='grc' dir='ltr'>Γεγέννηται</span> <span class='ocrx_word' id='word_1_326' title='bbox 801 2516 922 2569; x_wconf 70' lang='grc' dir='ltr'>καθ’</span> <span class='ocrx_word' id='word_1_327' title='bbox 974 2517 1119 2584; x_wconf 78' lang='grc' dir='ltr'>ἡμᾶς</span> <span class='ocrx_word' id='word_1_328' title='bbox 1178 2518 1240 2568; x_wconf 82' lang='grc' dir='ltr'>ὲκ</span> <span class='ocrx_word' id='word_1_329' title='bbox 1294 2514 1573 2582; x_wconf 77' lang='grc' dir='ltr'>γυναικός.</span> <span class='ocrx_word' id='word_1_330' title='bbox 1627 2512 1735 2564; x_wconf 71' lang='grc' dir='ltr'><strong>Καὶ</strong></span> 
     </span>
    </p>
   </div>
   <div class='ocr_carea' id='block_1_43' title="bbox 188 2603 1734 2677">
    <p class='ocr_par' dir='ltr' id='par_1_43' title="bbox 188 2603 1734 2677">
     <span class='ocr_line' id='line_1_45' title="bbox 188 2603 1734 2677; baseline 0 -22"><span class='ocrx_word' id='word_1_331' title='bbox 188 2603 433 2668; x_wconf 72' lang='grc' dir='ltr'><strong>πολλάκις</strong></span> <span class='ocrx_word' id='word_1_332' title='bbox 486 2607 542 2657; x_wconf 84' lang='grc' dir='ltr'>ὲν</span> <span class='ocrx_word' id='word_1_333' title='bbox 581 2608 647 2676; x_wconf 71' lang='grc' dir='ltr'>τῇ</span> <span class='ocrx_word' id='word_1_334' title='bbox 706 2605 871 2657; x_wconf 79' lang='grc' dir='ltr'>αὑτοῦ</span> <span class='ocrx_word' id='word_1_335' title='bbox 923 2607 1182 2677; x_wconf 78' lang='grc' dir='ltr'><strong>ἐπιστολῇ</strong></span> <span class='ocrx_word' id='word_1_336' title='bbox 1234 2604 1734 2673; x_wconf 69' lang='grc' dir='ltr'>ὑπαλλαττομέναες</span> 
     </span>
    </p>
   </div>
   <div class='ocr_carea' id='block_1_44' title="bbox 183 2696 1734 2767">
    <p class='ocr_par' dir='ltr' id='par_1_44' title="bbox 183 2696 1734 2767">
     <span class='ocr_line' id='line_1_46' title="bbox 183 2696 1734 2767; baseline -0.001 -20"><span class='ocrx_word' id='word_1_337' title='bbox 183 2698 327 2766; x_wconf 80' lang='grc' dir='ltr'>εὖροι</span> <span class='ocrx_word' id='word_1_338' title='bbox 354 2715 432 2760; x_wconf 81' lang='grc' dir='ltr'><strong>τις</strong></span> <span class='ocrx_word' id='word_1_339' title='bbox 464 2698 529 2749; x_wconf 81' lang='grc' dir='ltr'>ἂν</span> <span class='ocrx_word' id='word_1_340' title='bbox 556 2699 717 2751; x_wconf 68' lang='grc' dir='ltr'>αὑτὸν</span> <span class='ocrx_word' id='word_1_341' title='bbox 756 2701 877 2760; x_wconf 84' lang='grc' dir='ltr'>ταῖς</span> <span class='ocrx_word' id='word_1_342' title='bbox 911 2698 1200 2767; x_wconf 78' lang='grc' dir='ltr'><strong>προθέσεσι</strong></span> <span class='ocrx_word' id='word_1_343' title='bbox 1228 2698 1477 2759; x_wconf 81' lang='grc' dir='ltr'><strong>ταύταις,</strong></span> <span class='ocrx_word' id='word_1_344' title='bbox 1512 2700 1601 2750; x_wconf 79' lang='grc' dir='ltr'>ὅτε</span> <span class='ocrx_word' id='word_1_345' title='bbox 1637 2696 1734 2763; x_wconf 76' lang='grc' dir='ltr'>μὲν</span> 
     </span>
    </p>
   </div>
   <div class='ocr_carea' id='block_1_45' title="bbox 180 2789 1732 2861">
    <p class='ocr_par' dir='ltr' id='par_1_45' title="bbox 180 2789 1732 2861">
     <span class='ocr_line' id='line_1_47' title="bbox 180 2789 1732 2861; baseline -0.003 -19"><span class='ocrx_word' id='word_1_346' title='bbox 180 2795 244 2861; x_wconf 80' lang='grc' dir='ltr'>τῇ</span> <span class='ocrx_word' id='word_1_347' title='bbox 281 2791 395 2854; x_wconf 80' lang='grc' dir='ltr'>διὰ,</span> <span class='ocrx_word' id='word_1_348' title='bbox 450 2792 537 2844; x_wconf 80' lang='grc' dir='ltr'>ὅτε</span> <span class='ocrx_word' id='word_1_349' title='bbox 590 2792 645 2843; x_wconf 83' lang='grc' dir='ltr'>δὲ</span> <span class='ocrx_word' id='word_1_350' title='bbox 691 2794 759 2861; x_wconf 78' lang='grc' dir='ltr'>τῇ</span> <span class='ocrx_word' id='word_1_351' title='bbox 808 2792 899 2854; x_wconf 78' lang='grc' dir='ltr'><strong>ἐκ,</strong></span> <span class='ocrx_word' id='word_1_352' title='bbox 948 2792 1022 2853; x_wconf 84' lang='grc' dir='ltr'>ὡς</span> <span class='ocrx_word' id='word_1_353' title='bbox 1086 2789 1531 2857; x_wconf 77' lang='grc' dir='ltr'>ῖσοδυναμοὺσαις</span> <span class='ocrx_word' id='word_1_354' title='bbox 1583 2790 1732 2840; x_wconf 87' lang='grc' dir='ltr'>ἀδια-</span> 
     </span>
    </p>
   </div>
   <div class='ocr_carea' id='block_1_46' title="bbox 178 2877 1735 2950">
    <p class='ocr_par' dir='ltr' id='par_1_46' title="bbox 178 2877 1735 2950">
     <span class='ocr_line' id='line_1_48' title="bbox 178 2877 1735 2950; baseline -0.001 -19"><span class='ocrx_word' id='word_1_355' title='bbox 178 2881 354 2950; x_wconf 77' lang='grc' dir='ltr'>φόρως</span> <span class='ocrx_word' id='word_1_356' title='bbox 413 2880 715 2950; x_wconf 81' lang='grc' dir='ltr'>χρώμενον.</span> <span class='ocrx_word' id='word_1_357' title='bbox 750 2882 858 2935; x_wconf 76' lang='grc' dir='ltr'>Καὶ</span> <span class='ocrx_word' id='word_1_358' title='bbox 915 2880 1129 2943; x_wconf 80' lang='grc' dir='ltr'>Παῦλος</span> <span class='ocrx_word' id='word_1_359' title='bbox 1181 2880 1235 2933; x_wconf 75' lang='grc' dir='ltr'><strong>δὲ</strong></span> <span class='ocrx_word' id='word_1_360' title='bbox 1291 2877 1429 2947; x_wconf 78' lang='grc' dir='ltr'>πρὸς</span> <span class='ocrx_word' id='word_1_361' title='bbox 1492 2879 1735 2938; x_wconf 81' lang='grc' dir='ltr'>Γαλάτας</span> 
     </span>
    </p>
   </div>
   <div class='ocr_carea' id='block_1_47' title="bbox 179 2967 1735 3039">
    <p class='ocr_par' dir='ltr' id='par_1_47' title="bbox 179 2967 1735 3039">
     <span class='ocr_line' id='line_1_49' title="bbox 179 2967 1735 3039; baseline -0.001 -16"><span class='ocrx_word' id='word_1_362' title='bbox 179 2973 377 3039; x_wconf 79' lang='grc' dir='ltr'>φησέν·</span> <span class='ocrx_word' id='word_1_363' title='bbox 414 2972 873 3035; x_wconf 73' lang='grc' dir='ltr'>Ἐξαπέστειλεν</span> <span class='ocrx_word' id='word_1_364' title='bbox 926 2989 959 3026; x_wconf 76' lang='grc' dir='ltr'>ο</span> <span class='ocrx_word' id='word_1_365' title='bbox 1010 2972 1155 3036; x_wconf 80' lang='grc' dir='ltr'>Θεὸς</span> <span class='ocrx_word' id='word_1_366' title='bbox 1202 2972 1310 3023; x_wconf 83' lang='grc' dir='ltr'>τὸν</span> <span class='ocrx_word' id='word_1_367' title='bbox 1368 2970 1506 3023; x_wconf 78' lang='grc' dir='ltr'>Υίὸν</span> <span class='ocrx_word' id='word_1_368' title='bbox 1551 2967 1735 3023; x_wconf 80' lang='grc' dir='ltr'>αὐτοῦ</span> 
     </span>
    </p>
   </div>
   <div class='ocr_carea' id='block_1_48' title="bbox 176 3063 1734 3132">
    <p class='ocr_par' dir='ltr' id='par_1_48' title="bbox 176 3063 1734 3132">
     <span class='ocr_line' id='line_1_50' title="bbox 176 3063 1734 3132; baseline 0.001 -18"><span class='ocrx_word' id='word_1_369' title='bbox 176 3064 498 3130; x_wconf 74' lang='grc' dir='ltr'>γενόμενον</span> <span class='ocrx_word' id='word_1_370' title='bbox 555 3064 622 3115; x_wconf 84' lang='grc' dir='ltr'><strong><em>ἐκ</em></strong></span> <span class='ocrx_word' id='word_1_371' title='bbox 680 3066 988 3131; x_wconf 76' lang='grc' dir='ltr'>γυναικός.</span> <span class='ocrx_word' id='word_1_372' title='bbox 1062 3064 1120 3116; x_wconf 84' lang='lat'><strong>&#39;0</strong></span> <span class='ocrx_word' id='word_1_373' title='bbox 1184 3065 1240 3117; x_wconf 80' lang='grc' dir='ltr'><strong>δὲ</strong></span> <span class='ocrx_word' id='word_1_374' title='bbox 1293 3063 1653 3132; x_wconf 75' lang='grc' dir='ltr'>Δαμασκηνὸς</span> <span class='ocrx_word' id='word_1_375' title='bbox 1707 3065 1734 3115; x_wconf 80' lang='grc' dir='ltr'><strong>ὁ</strong></span> 
     </span>
    </p>
   </div>
   <div class='ocr_carea' id='block_1_49' title="bbox 1844 1955 3412 2031">
    <p class='ocr_par' dir='ltr' id='par_1_49' title="bbox 1844 1955 3412 2031">
     <span class='ocr_line' id='line_1_51' title="bbox 1844 1955 3412 2031; baseline 0.006 -22"><span class='ocrx_word' id='word_1_376' title='bbox 1844 1955 2001 2009; x_wconf 91' lang='lat' dir='ltr'><strong>riam.</strong></span> <span class='ocrx_word' id='word_1_377' title='bbox 2034 1956 2097 2010; x_wconf 85' lang='lat' dir='ltr'><strong>Et</strong></span> <span class='ocrx_word' id='word_1_378' title='bbox 2128 1973 2356 2014; x_wconf 83' lang='lat' dir='ltr'><strong>rursus:</strong></span> <span class='ocrx_word' id='word_1_379' title='bbox 2395 1959 2665 2030; x_wconf 80' lang='lat' dir='ltr'><strong>Numquid</strong></span> <span class='ocrx_word' id='word_1_380' title='bbox 2699 1980 2799 2015; x_wconf 86' lang='lat' dir='ltr'><strong>non</strong></span> <span class='ocrx_word' id='word_1_381' title='bbox 2860 1982 2953 2031; x_wconf 84' lang='lat' dir='ltr'><strong>per</strong></span> <span class='ocrx_word' id='word_1_382' title='bbox 2990 1964 3154 2018; x_wconf 85' lang='lat' dir='ltr'><strong>Deum</strong></span> <span class='ocrx_word' id='word_1_383' title='bbox 3212 1977 3288 2020; x_wconf 80' lang='lat' dir='ltr'><strong>est</strong></span> <span class='ocrx_word' id='word_1_384' title='bbox 3326 1968 3412 2019; x_wconf 79' lang='lat' dir='ltr'><strong>iu-</strong></span> 
     </span>
    </p>
   </div>
   <div class='ocr_carea' id='block_1_50' title="bbox 1844 2053 3407 2129">
    <p class='ocr_par' dir='ltr' id='par_1_50' title="bbox 1844 2053 3407 2129">
     <span class='ocr_line' id='line_1_52' title="bbox 1844 2053 3407 2129; baseline 0.006 -28"><span class='ocrx_word' id='word_1_385' title='bbox 1844 2053 2145 2116; x_wconf 82' lang='lat' dir='ltr'><strong>terpretatio</strong></span> <span class='ocrx_word' id='word_1_386' title='bbox 2167 2069 2349 2106; x_wconf 86' lang='lat' dir='ltr'><strong>eorum</strong></span> <span class='ocrx_word' id='word_1_387' title='bbox 2397 2055 2492 2107; x_wconf 71' lang='lat'><strong>&quot;2</strong></span> <span class='ocrx_word' id='word_1_388' title='bbox 2543 2056 2741 2111; x_wconf 85' lang='lat' dir='ltr'><strong>Beatus</strong></span> <span class='ocrx_word' id='word_1_389' title='bbox 2801 2073 3020 2127; x_wconf 87' lang='lat' dir='ltr'><strong>quoque</strong></span> <span class='ocrx_word' id='word_1_390' title='bbox 3058 2058 3293 2129; x_wconf 81' lang='lat' dir='ltr'><strong>Cyrillus</strong></span> <span class='ocrx_word' id='word_1_391' title='bbox 3356 2060 3407 2112; x_wconf 90' lang='lat' dir='ltr'><strong>in</strong></span> 
     </span>
    </p>
   </div>
   <div class='ocr_carea' id='block_1_51' title="bbox 1841 2141 3409 2217">
    <p class='ocr_par' dir='ltr' id='par_1_51' title="bbox 1841 2141 3409 2217">
     <span class='ocr_line' id='line_1_53' title="bbox 1841 2141 3409 2217; baseline 0.006 -22"><span class='ocrx_word' id='word_1_392' title='bbox 1841 2141 2070 2210; x_wconf 83' lang='lat' dir='ltr'><strong>epistola</strong></span> <span class='ocrx_word' id='word_1_393' title='bbox 2097 2144 2160 2195; x_wconf 87' lang='lat' dir='ltr'><strong>ad</strong></span> <span class='ocrx_word' id='word_1_394' title='bbox 2190 2144 2536 2209; x_wconf 82' lang='lat' dir='ltr'><strong>Nestorium,</strong></span> <span class='ocrx_word' id='word_1_395' title='bbox 2578 2148 2735 2217; x_wconf 81' lang='lat' dir='ltr'><strong>cujus</strong></span> <span class='ocrx_word' id='word_1_396' title='bbox 2786 2148 3002 2201; x_wconf 91' lang='lat' dir='ltr'><strong>initium</strong></span> <span class='ocrx_word' id='word_1_397' title='bbox 3050 2159 3173 2203; x_wconf 87' lang='lat' dir='ltr'><strong>est:</strong></span> <span class='ocrx_word' id='word_1_398' title='bbox 3232 2151 3409 2205; x_wconf 83' lang='lat' dir='ltr'><strong>Audio</strong></span> 
     </span>
    </p>
   </div>
   <div class='ocr_carea' id='block_1_52' title="bbox 1842 2234 3405 2308">
    <p class='ocr_par' dir='ltr' id='par_1_52' title="bbox 1842 2234 3405 2308">
     <span class='ocr_line' id='line_1_54' title="bbox 1842 2234 3405 2308; baseline 0.011 -28"><span class='ocrx_word' id='word_1_399' title='bbox 1842 2234 2104 2301; x_wconf 85' lang='lat' dir='ltr'><strong>quosdam</strong></span> <span class='ocrx_word' id='word_1_400' title='bbox 2135 2235 2525 2291; x_wconf 80' lang='lat' dir='ltr'><strong>existimationi</strong></span> <span class='ocrx_word' id='word_1_401' title='bbox 2562 2255 2695 2293; x_wconf 59' lang='lat' dir='ltr'><strong>mea!</strong></span> <span class='ocrx_word' id='word_1_402' title='bbox 2725 2240 3008 2295; x_wconf 79' lang='lat' dir='ltr'><strong>detrahere</strong></span> <span class='ocrx_word' id='word_1_403' title='bbox 3037 2260 3050 2308; x_wconf 94' lang='lat'><strong>;</strong></span> <span class='ocrx_word' id='word_1_404' title='bbox 3077 2242 3189 2295; x_wconf 75' lang='lat' dir='ltr'><strong>haec</strong></span> <span class='ocrx_word' id='word_1_405' title='bbox 3223 2242 3405 2297; x_wconf 82' lang='lat' dir='ltr'><strong>habet:</strong></span> 
     </span>
    </p>
   </div>
   <div class='ocr_carea' id='block_1_53' title="bbox 1841 2326 3405 2400">
    <p class='ocr_par' dir='ltr' id='par_1_53' title="bbox 1841 2326 3405 2400">
     <span class='ocr_line' id='line_1_55' title="bbox 1841 2326 3405 2400; baseline 0.008 -23"><span class='ocrx_word' id='word_1_406' title='bbox 1841 2326 2073 2381; x_wconf 83' lang='lat' dir='ltr'><strong>Necesse</strong></span> <span class='ocrx_word' id='word_1_407' title='bbox 2105 2336 2186 2382; x_wconf 88' lang='lat' dir='ltr'><strong>est</strong></span> <span class='ocrx_word' id='word_1_408' title='bbox 2211 2330 2386 2393; x_wconf 77' lang='lat' dir='ltr'><strong>fateri,</strong></span> <span class='ocrx_word' id='word_1_409' title='bbox 2412 2332 2555 2400; x_wconf 88' lang='lat' dir='ltr'><strong>quod</strong></span> <span class='ocrx_word' id='word_1_410' title='bbox 2597 2343 2755 2387; x_wconf 90' lang='lat' dir='ltr'><strong>natus</strong></span> <span class='ocrx_word' id='word_1_411' title='bbox 2781 2334 2854 2388; x_wconf 88' lang='lat' dir='ltr'><strong>sit</strong></span> <span class='ocrx_word' id='word_1_412' title='bbox 2893 2336 3053 2388; x_wconf 82' lang='lat' dir='ltr'><strong>etiam</strong></span> <span class='ocrx_word' id='word_1_413' title='bbox 3104 2336 3405 2389; x_wconf 87' lang='lat' dir='ltr'><strong>secundum</strong></span> 
     </span>
    </p>
   </div>
   <div class='ocr_carea' id='block_1_54' title="bbox 1840 2423 3411 2496">
    <p class='ocr_par' dir='ltr' id='par_1_54' title="bbox 1840 2423 3411 2496">
     <span class='ocr_line' id='line_1_56' title="bbox 1840 2423 3411 2496; baseline 0.006 -24"><span class='ocrx_word' id='word_1_414' title='bbox 1840 2434 2059 2475; x_wconf 87' lang='lat' dir='ltr'><strong>carnem</strong></span> <span class='ocrx_word' id='word_1_415' title='bbox 2090 2437 2183 2490; x_wconf 89' lang='lat' dir='ltr'><strong>per</strong></span> <span class='ocrx_word' id='word_1_416' title='bbox 2216 2423 2523 2477; x_wconf 88' lang='lat' dir='ltr'><strong>mulierem.</strong></span> <span class='ocrx_word' id='word_1_417' title='bbox 2557 2424 2623 2478; x_wconf 88' lang='lat' dir='ltr'><strong>Et</strong></span> <span class='ocrx_word' id='word_1_418' title='bbox 2677 2426 2836 2493; x_wconf 87' lang='lat' dir='ltr'><strong>paulo</strong></span> <span class='ocrx_word' id='word_1_419' title='bbox 2888 2438 3006 2496; x_wconf 77' lang='lat' dir='ltr'><strong>post</strong></span> <span class='ocrx_word' id='word_1_420' title='bbox 3047 2448 3058 2481; x_wconf 86' lang='lat'><strong>:</strong></span> <span class='ocrx_word' id='word_1_421' title='bbox 3098 2428 3266 2481; x_wconf 87' lang='lat' dir='ltr'><strong>Natus</strong></span> <span class='ocrx_word' id='word_1_422' title='bbox 3326 2442 3411 2483; x_wconf 88' lang='lat' dir='ltr'><strong>est</strong></span> 
     </span>
    </p>
   </div>
   <div class='ocr_carea' id='block_1_55' title="bbox 1841 2514 3406 2591">
    <p class='ocr_par' dir='ltr' id='par_1_55' title="bbox 1841 2514 3406 2591">
     <span class='ocr_line' id='line_1_57' title="bbox 1841 2514 3406 2591; baseline 0.003 -23"><span class='ocrx_word' id='word_1_423' title='bbox 1841 2514 2068 2582; x_wconf 88' lang='lat' dir='ltr'><strong>perinde</strong></span> <span class='ocrx_word' id='word_1_424' title='bbox 2112 2524 2275 2584; x_wconf 87' lang='lat' dir='ltr'><strong>atque</strong></span> <span class='ocrx_word' id='word_1_425' title='bbox 2318 2532 2415 2571; x_wconf 87' lang='lat' dir='ltr'><strong>nos</strong></span> <span class='ocrx_word' id='word_1_426' title='bbox 2465 2533 2529 2571; x_wconf 77' lang='lat' dir='ltr'><strong>ex</strong></span> <span class='ocrx_word' id='word_1_427' title='bbox 2588 2520 2838 2573; x_wconf 83' lang='lat' dir='ltr'><strong>muliere.</strong></span> <span class='ocrx_word' id='word_1_428' title='bbox 2879 2520 2940 2575; x_wconf 84' lang='lat' dir='ltr'><strong>Et</strong></span> <span class='ocrx_word' id='word_1_429' title='bbox 2987 2520 3299 2591; x_wconf 73' lang='lat' dir='ltr'><strong>frequenter</strong></span> <span class='ocrx_word' id='word_1_430' title='bbox 3356 2524 3406 2575; x_wconf 92' lang='lat' dir='ltr'><strong>in</strong></span> 
     </span>
    </p>
   </div>
   <div class='ocr_carea' id='block_1_56' title="bbox 1840 2596 3411 2681">
    <p class='ocr_par' dir='ltr' id='par_1_56' title="bbox 1840 2596 3411 2681">
     <span class='ocr_line' id='line_1_58' title="bbox 1840 2596 3411 2681; baseline 0.004 -25"><span class='ocrx_word' id='word_1_431' title='bbox 1840 2602 2030 2657; x_wconf 72' lang='lat' dir='ltr'><strong>eadem</strong></span> <span class='ocrx_word' id='word_1_432' title='bbox 2062 2606 2289 2672; x_wconf 82' lang='lat' dir='ltr'><strong>epistola</strong></span> <span class='ocrx_word' id='word_1_433' title='bbox 2336 2609 2577 2676; x_wconf 79' lang='lat' dir='ltr'><strong>reperias</strong></span> <span class='ocrx_word' id='word_1_434' title='bbox 2631 2596 2806 2678; x_wconf 87' lang='lat' dir='ltr'><strong>ipsum</strong></span> <span class='ocrx_word' id='word_1_435' title='bbox 2852 2612 3161 2679; x_wconf 88' lang='lat' dir='ltr'><strong>promiscue</strong></span> <span class='ocrx_word' id='word_1_436' title='bbox 3190 2614 3264 2665; x_wconf 91' lang='lat' dir='ltr'><strong>uti</strong></span> <span class='ocrx_word' id='word_1_437' title='bbox 3321 2630 3411 2681; x_wconf 83' lang='lat' dir='ltr'><strong>per</strong></span> 
     </span>
    </p>
   </div>
   <div class='ocr_carea' id='block_1_57' title="bbox 1839 2697 3406 2763">
    <p class='ocr_par' dir='ltr' id='par_1_57' title="bbox 1839 2697 3406 2763">
     <span class='ocr_line' id='line_1_59' title="bbox 1839 2697 3406 2763; baseline 0.005 -16"><span class='ocrx_word' id='word_1_438' title='bbox 1839 2697 2449 2763; x_wconf 50' lang='lat' dir='ltr'><strong>ctexpra’positionum</strong></span> <span class='ocrx_word' id='word_1_439' title='bbox 2508 2700 2719 2753; x_wconf 88' lang='lat' dir='ltr'><strong>alterna</strong></span> <span class='ocrx_word' id='word_1_440' title='bbox 2784 2703 3111 2763; x_wconf 84' lang='lat' dir='ltr'><strong>mutatione.</strong></span> <span class='ocrx_word' id='word_1_441' title='bbox 3160 2713 3217 2755; x_wconf 93' lang='lat' dir='ltr'><strong>ut</strong></span> <span class='ocrx_word' id='word_1_442' title='bbox 3268 2705 3406 2755; x_wconf 75' lang='lat' dir='ltr'><strong>idem</strong></span> 
     </span>
    </p>
   </div>
   <div class='ocr_carea' id='block_1_58' title="bbox 1840 2786 3407 2862">
    <p class='ocr_par' dir='ltr' id='par_1_58' title="bbox 1840 2786 3407 2862">
     <span class='ocr_line' id='line_1_60' title="bbox 1840 2786 3407 2862; baseline 0.004 -23"><span class='ocrx_word' id='word_1_443' title='bbox 1840 2786 2285 2853; x_wconf 79' lang='lat' dir='ltr'><strong>signiﬁcantium.</strong></span> <span class='ocrx_word' id='word_1_444' title='bbox 2314 2788 2512 2842; x_wconf 81' lang='lat' dir='ltr'><strong>Paulus</strong></span> <span class='ocrx_word' id='word_1_445' title='bbox 2531 2806 2745 2860; x_wconf 84' lang='lat' dir='ltr'><strong>quoque</strong></span> <span class='ocrx_word' id='word_1_446' title='bbox 2782 2794 2832 2846; x_wconf 92' lang='lat' dir='ltr'><strong>iu</strong></span> <span class='ocrx_word' id='word_1_447' title='bbox 2882 2793 3122 2862; x_wconf 87' lang='lat' dir='ltr'><strong>Epistola</strong></span> <span class='ocrx_word' id='word_1_448' title='bbox 3162 2796 3234 2847; x_wconf 82' lang='lat' dir='ltr'><strong>&#39;ad</strong></span> <span class='ocrx_word' id='word_1_449' title='bbox 3290 2795 3407 2848; x_wconf 85' lang='lat' dir='ltr'><strong>Ga—</strong></span> 
     </span>
    </p>
   </div>
   <div class='ocr_carea' id='block_1_59' title="bbox 1838 2877 3407 2939">
    <p class='ocr_par' dir='ltr' id='par_1_59' title="bbox 1838 2877 3407 2939">
     <span class='ocr_line' id='line_1_61' title="bbox 1838 2877 3407 2939; baseline 0.004 -9"><span class='ocrx_word' id='word_1_450' title='bbox 1838 2877 1976 2931; x_wconf 83' lang='lat' dir='ltr'><strong>latas</strong></span> <span class='ocrx_word' id='word_1_451' title='bbox 2008 2880 2083 2931; x_wconf 94' lang='lat' dir='ltr'><strong>ait</strong></span> <span class='ocrx_word' id='word_1_452' title='bbox 2111 2898 2123 2932; x_wconf 90' lang='lat'><strong>:</strong></span> <span class='ocrx_word' id='word_1_453' title='bbox 2189 2879 2336 2932; x_wconf 79' lang='lat' dir='ltr'><strong>Misit</strong></span> <span class='ocrx_word' id='word_1_454' title='bbox 2378 2881 2514 2935; x_wconf 79' lang='lat' dir='ltr'><strong>Deus</strong></span> <span class='ocrx_word' id='word_1_455' title='bbox 2548 2882 2749 2936; x_wconf 79' lang='lat' dir='ltr'><strong>Filium</strong></span> <span class='ocrx_word' id='word_1_456' title='bbox 2809 2902 2960 2937; x_wconf 80' lang='lat' dir='ltr'><strong>suum</strong></span> <span class='ocrx_word' id='word_1_457' title='bbox 2989 2897 3173 2939; x_wconf 79' lang='lat' dir='ltr'><strong>natum</strong></span> <span class='ocrx_word' id='word_1_458' title='bbox 3205 2903 3266 2939; x_wconf 71' lang='lat' dir='ltr'><strong>ex</strong></span> <span class='ocrx_word' id='word_1_459' title='bbox 3296 2905 3407 2938; x_wconf 75' lang='lat' dir='ltr'><strong>mn-</strong></span> 
     </span>
    </p>
   </div>
   <div class='ocr_carea' id='block_1_60' title="bbox 1838 2970 3408 3041">
    <p class='ocr_par' dir='ltr' id='par_1_60' title="bbox 1838 2970 3408 3041">
     <span class='ocr_line' id='line_1_62' title="bbox 1838 2970 3408 3041; baseline 0.005 -20"><span class='ocrx_word' id='word_1_460' title='bbox 1838 2970 2054 3025; x_wconf 79' lang='lat' dir='ltr'><strong>liere”.</strong></span> <span class='ocrx_word' id='word_1_461' title='bbox 2114 2970 2319 3026; x_wconf 72' lang='lat' dir='ltr'><strong>Beatus</strong></span> <span class='ocrx_word' id='word_1_462' title='bbox 2372 2988 2587 3041; x_wconf 79' lang='lat' dir='ltr'><strong>quoque</strong></span> <span class='ocrx_word' id='word_1_463' title='bbox 2636 2975 3008 3031; x_wconf 77' lang='lat' dir='ltr'><strong>Datnascenus</strong></span> <span class='ocrx_word' id='word_1_464' title='bbox 3069 2979 3120 3029; x_wconf 91' lang='lat' dir='ltr'><strong>in</strong></span> <span class='ocrx_word' id='word_1_465' title='bbox 3174 2978 3288 3031; x_wconf 89' lang='lat' dir='ltr'><strong>suis</strong></span> <span class='ocrx_word' id='word_1_466' title='bbox 3344 2985 3408 3031; x_wconf 90' lang='lat' dir='ltr'><strong>ad</strong></span> 
     </span>
    </p>
   </div>
   <div class='ocr_carea' id='block_1_61' title="bbox 1840 3062 3402 3133">
    <p class='ocr_par' dir='ltr' id='par_1_61' title="bbox 1840 3062 3402 3133">
     <span class='ocr_line' id='line_1_63' title="bbox 1840 3062 3402 3133; baseline 0.006 -18"><span class='ocrx_word' id='word_1_467' title='bbox 1840 3062 2120 3131; x_wconf 67' lang='lat' dir='ltr'><strong>Virginem</strong></span> <span class='ocrx_word' id='word_1_468' title='bbox 2161 3065 2378 3133; x_wconf 65' lang='lat' dir='ltr'><strong>Egymuis</strong></span> <span class='ocrx_word' id='word_1_469' title='bbox 2427 3067 2586 3119; x_wconf 88' lang='lat' dir='ltr'><strong>modo</strong></span> <span class='ocrx_word' id='word_1_470' title='bbox 2609 3068 2723 3120; x_wconf 88' lang='lat' dir='ltr'><strong>ait:</strong></span> <span class='ocrx_word' id='word_1_471' title='bbox 2759 3068 2923 3121; x_wconf 89' lang='lat' dir='ltr'><strong>Deum</strong></span> <span class='ocrx_word' id='word_1_472' title='bbox 2960 3085 3019 3121; x_wconf 79' lang='lat' dir='ltr'><strong>ex</strong></span> <span class='ocrx_word' id='word_1_473' title='bbox 3073 3079 3124 3123; x_wconf 89' lang='lat' dir='ltr'><strong>te</strong></span> <span class='ocrx_word' id='word_1_474' title='bbox 3153 3072 3402 3124; x_wconf 71' lang='lat' dir='ltr'><strong>incarna-</strong></span> 
     </span>
    </p>
   </div>
   <div class='ocr_carea' id='block_1_62' title="bbox 176 3154 1736 3229">
    <p class='ocr_par' dir='ltr' id='par_1_62' title="bbox 176 3154 1736 3226">
     <span class='ocr_line' id='line_1_64' title="bbox 176 3154 1736 3226; baseline -0.001 -20"><span class='ocrx_word' id='word_1_475' title='bbox 176 3154 447 3222; x_wconf 80' lang='grc' dir='ltr'>μακάριος</span> <span class='ocrx_word' id='word_1_476' title='bbox 478 3155 606 3207; x_wconf 79' lang='grc' dir='ltr'>ποτὲ</span> <span class='ocrx_word' id='word_1_477' title='bbox 644 3155 739 3223; x_wconf 80' lang='grc' dir='ltr'>μὲν</span> <span class='ocrx_word' id='word_1_478' title='bbox 768 3154 916 3222; x_wconf 84' lang='grc' dir='ltr'>λέγει</span> <span class='ocrx_word' id='word_1_479' title='bbox 946 3155 1085 3226; x_wconf 71' lang='grc' dir='ltr'>ᾅδων</span> <span class='ocrx_word' id='word_1_480' title='bbox 1119 3155 1255 3224; x_wconf 78' lang='grc' dir='ltr'>πρὸς</span> <span class='ocrx_word' id='word_1_481' title='bbox 1286 3157 1385 3223; x_wconf 82' lang='grc' dir='ltr'>τὴν</span> <span class='ocrx_word' id='word_1_482' title='bbox 1432 3155 1692 3208; x_wconf 83' lang='grc' dir='ltr'>Θεοτόκον</span> <span class='ocrx_word' id='word_1_483' title='bbox 1715 3167 1736 3190; x_wconf 78' lang='grc' dir='ltr'><strong><em>ο</em></strong></span> 
     </span>
    </p>
   </div>
   <div class='ocr_carea' id='block_1_63' title="bbox 1841 3154 3407 3229">
    <p class='ocr_par' dir='ltr' id='par_1_63' title="bbox 1841 3157 3407 3226">
     <span class='ocr_line' id='line_1_65' title="bbox 1841 3157 3407 3226; baseline 0.004 -17"><span class='ocrx_word' id='word_1_484' title='bbox 1841 3164 1952 3209; x_wconf 89' lang='lat' dir='ltr'><strong>tum</strong></span> <span class='ocrx_word' id='word_1_485' title='bbox 1993 3157 2285 3221; x_wconf 82' lang='lat' dir='ltr'><strong>novimus;</strong></span> <span class='ocrx_word' id='word_1_486' title='bbox 2316 3157 2568 3226; x_wconf 79' lang='lat' dir='ltr'><strong>idemque</strong></span> <span class='ocrx_word' id='word_1_487' title='bbox 2601 3159 2770 3213; x_wconf 87' lang='lat' dir='ltr'><strong>alibi:</strong></span> <span class='ocrx_word' id='word_1_488' title='bbox 2823 3159 2896 3212; x_wconf 74' lang='lat' dir='ltr'><strong>Ex</strong></span> <span class='ocrx_word' id='word_1_489' title='bbox 2954 3169 3004 3214; x_wconf 82' lang='lat' dir='ltr'><strong>te</strong></span> <span class='ocrx_word' id='word_1_490' title='bbox 3058 3162 3407 3217; x_wconf 79' lang='lat' dir='ltr'><strong>iunnaenlata</strong></span> 
     </span>
    </p>
   </div>
   <div class='ocr_carea' id='block_1_64' title="bbox 167 3243 1729 3315">
    <p class='ocr_par' dir='ltr' id='par_1_64' title="bbox 167 3243 1729 3315">
     <span class='ocr_line' id='line_1_66' title="bbox 167 3243 1729 3315; baseline 0.001 -20"><span class='ocrx_word' id='word_1_491' title='bbox 167 3245 303 3297; x_wconf 69' lang='grc' dir='ltr'>θεὸν</span> <span class='ocrx_word' id='word_1_492' title='bbox 331 3247 394 3299; x_wconf 79' lang='grc' dir='ltr'><strong>ὲκ</strong></span> <span class='ocrx_word' id='word_1_493' title='bbox 428 3245 520 3296; x_wconf 84' lang='grc' dir='ltr'>σοῦ</span> <span class='ocrx_word' id='word_1_494' title='bbox 556 3245 905 3315; x_wconf 82' lang='grc' dir='ltr'>σαρκωοέντα</span> <span class='ocrx_word' id='word_1_495' title='bbox 935 3244 1183 3313; x_wconf 72' lang='grc' dir='ltr'>ἔγνωμεν</span> <span class='ocrx_word' id='word_1_496' title='bbox 1202 3262 1217 3277; x_wconf 73' lang='grc' dir='ltr'>σ</span> <span class='ocrx_word' id='word_1_497' title='bbox 1256 3247 1349 3299; x_wconf 75' lang='grc' dir='ltr'><strong>καὶ</strong></span> <span class='ocrx_word' id='word_1_498' title='bbox 1380 3243 1447 3298; x_wconf 80' lang='grc' dir='ltr'><strong>αὑ</strong></span> <span class='ocrx_word' id='word_1_499' title='bbox 1472 3247 1501 3299; x_wconf 92' lang='lat'><strong>6</strong></span> <span class='ocrx_word' id='word_1_500' title='bbox 1532 3246 1694 3307; x_wconf 84' lang='grc' dir='ltr'>αὑτός</span> <span class='ocrx_word' id='word_1_501' title='bbox 1716 3260 1729 3274; x_wconf 78' lang='grc'><strong><em>⁸</em></strong></span> 
     </span>
    </p>
   </div>
   <div class='ocr_carea' id='block_1_65' title="bbox 181 3334 1736 3406">
    <p class='ocr_par' dir='ltr' id='par_1_65' title="bbox 181 3334 1736 3406">
     <span class='ocr_line' id='line_1_67' title="bbox 181 3334 1736 3406; baseline 0.001 -20"><span class='ocrx_word' id='word_1_502' title='bbox 181 3334 278 3387; x_wconf 84' lang='grc' dir='ltr'>Ἐκ</span> <span class='ocrx_word' id='word_1_503' title='bbox 338 3334 431 3387; x_wconf 82' lang='grc' dir='ltr'><strong>σοῦ</strong></span> <span class='ocrx_word' id='word_1_504' title='bbox 486 3336 586 3405; x_wconf 85' lang='grc' dir='ltr'>τῆς</span> <span class='ocrx_word' id='word_1_505' title='bbox 633 3335 803 3406; x_wconf 81' lang='grc' dir='ltr'>ἁγνῆς</span> <span class='ocrx_word' id='word_1_506' title='bbox 860 3335 1131 3405; x_wconf 79' lang='grc' dir='ltr'>προῆλθεν</span> <span class='ocrx_word' id='word_1_507' title='bbox 1176 3336 1468 3405; x_wconf 76' lang='grc' dir='ltr'><strong>ἀφράστως</strong></span> <span class='ocrx_word' id='word_1_508' title='bbox 1519 3352 1736 3403; x_wconf 81' lang='grc' dir='ltr'>σαρκω-</span> 
     </span>
    </p>
   </div>
   <div class='ocr_carea' id='block_1_66' title="bbox 162 3427 1737 3498">
    <p class='ocr_par' dir='ltr' id='par_1_66' title="bbox 162 3427 1737 3498">
     <span class='ocr_line' id='line_1_68' title="bbox 162 3427 1737 3498; baseline -0.001 -18"><span class='ocrx_word' id='word_1_509' title='bbox 162 3430 282 3489; x_wconf 81' lang='grc' dir='ltr'>Οεῖς</span> <span class='ocrx_word' id='word_1_510' title='bbox 309 3445 323 3459; x_wconf 89' lang='grc'><strong>·</strong></span> <span class='ocrx_word' id='word_1_511' title='bbox 356 3429 483 3480; x_wconf 81' lang='grc' dir='ltr'>ποτὲ</span> <span class='ocrx_word' id='word_1_512' title='bbox 516 3429 571 3480; x_wconf 75' lang='grc' dir='ltr'><strong>δέ</strong></span> <span class='ocrx_word' id='word_1_513' title='bbox 596 3442 611 3457; x_wconf 87' lang='grc'><strong>·</strong></span> <span class='ocrx_word' id='word_1_514' title='bbox 649 3431 747 3481; x_wconf 75' lang='grc' dir='ltr'>Διὰ</span> <span class='ocrx_word' id='word_1_515' title='bbox 800 3428 915 3494; x_wconf 77' lang='grc' dir='ltr'>σοῦ,</span> <span class='ocrx_word' id='word_1_516' title='bbox 962 3428 1224 3498; x_wconf 66' lang='grc' dir='ltr'>Παροέιλε,</span> <span class='ocrx_word' id='word_1_517' title='bbox 1255 3429 1385 3490; x_wconf 82' lang='grc' dir='ltr'>Θεὸς</span> <span class='ocrx_word' id='word_1_518' title='bbox 1425 3427 1737 3496; x_wconf 83' lang='grc' dir='ltr'>ἀνθρώποις</span> 
     </span>
    </p>
   </div>
   <div class='ocr_carea' id='block_1_67' title="bbox 154 3519 1735 3589">
    <p class='ocr_par' dir='ltr' id='par_1_67' title="bbox 154 3519 1735 3589">
     <span class='ocr_line' id='line_1_69' title="bbox 154 3519 1735 3589; baseline -0.002 -18"><span class='ocrx_word' id='word_1_519' title='bbox 154 3521 450 3588; x_wconf 73' lang='grc' dir='ltr'>ὡμίλησε·</span> <span class='ocrx_word' id='word_1_520' title='bbox 515 3522 641 3583; x_wconf 72' lang='grc' dir='ltr'>καὶ,</span> <span class='ocrx_word' id='word_1_521' title='bbox 704 3522 760 3573; x_wconf 88' lang='grc' dir='ltr'><strong>Ὀ</strong></span> <span class='ocrx_word' id='word_1_522' title='bbox 812 3521 1089 3589; x_wconf 80' lang='grc' dir='ltr'>λυτρωτὴς</span> <span class='ocrx_word' id='word_1_523' title='bbox 1148 3520 1236 3572; x_wconf 80' lang='grc' dir='ltr'>διὰ</span> <span class='ocrx_word' id='word_1_524' title='bbox 1291 3520 1407 3586; x_wconf 78' lang='grc' dir='ltr'>σοῦ,</span> <span class='ocrx_word' id='word_1_525' title='bbox 1466 3519 1735 3589; x_wconf 77' lang='grc' dir='ltr'>Ιῐαρθένε,</span> 
     </span>
    </p>
   </div>
   <div class='ocr_carea' id='block_1_68' title="bbox 157 3611 1736 3681">
    <p class='ocr_par' dir='ltr' id='par_1_68' title="bbox 157 3611 1736 3681">
     <span class='ocr_line' id='line_1_70' title="bbox 157 3611 1736 3681; baseline -0.002 -17"><span class='ocrx_word' id='word_1_526' title='bbox 157 3612 539 3681; x_wconf 82' lang='grc' dir='ltr'><strong>ἐπεδήμησεν.</strong></span> <span class='ocrx_word' id='word_1_527' title='bbox 587 3614 709 3665; x_wconf 85' lang='grc' dir='ltr'>Ὅτι</span> <span class='ocrx_word' id='word_1_528' title='bbox 756 3613 813 3665; x_wconf 85' lang='grc' dir='ltr'><strong>δὲ</strong></span> <span class='ocrx_word' id='word_1_529' title='bbox 866 3611 1064 3681; x_wconf 85' lang='grc' dir='ltr'>ἀληθὲς</span> <span class='ocrx_word' id='word_1_530' title='bbox 1124 3612 1385 3681; x_wconf 77' lang='grc' dir='ltr'>ὑπάρχει,</span> <span class='ocrx_word' id='word_1_531' title='bbox 1418 3611 1497 3663; x_wconf 83' lang='grc' dir='ltr'>ὅτι</span> <span class='ocrx_word' id='word_1_532' title='bbox 1558 3611 1736 3664; x_wconf 77' lang='grc' dir='ltr'><strong>ἰσοδυ-</strong></span> 
     </span>
    </p>
   </div>
   <div class='ocr_carea' id='block_1_69' title="bbox 153 3702 1736 3774">
    <p class='ocr_par' dir='ltr' id='par_1_69' title="bbox 153 3702 1736 3774">
     <span class='ocr_line' id='line_1_71' title="bbox 153 3702 1736 3774; baseline -0.002 -18"><span class='ocrx_word' id='word_1_533' title='bbox 153 3707 333 3772; x_wconf 78' lang='grc' dir='ltr'>ναμεῖ</span> <span class='ocrx_word' id='word_1_534' title='bbox 390 3706 420 3773; x_wconf 85' lang='grc' dir='ltr'>ἡ</span> <span class='ocrx_word' id='word_1_535' title='bbox 475 3704 572 3757; x_wconf 78' lang='grc' dir='ltr'><strong>διὰ</strong></span> <span class='ocrx_word' id='word_1_536' title='bbox 624 3708 688 3774; x_wconf 79' lang='grc' dir='ltr'>τῇ</span> <span class='ocrx_word' id='word_1_537' title='bbox 745 3705 847 3768; x_wconf 81' lang='grc' dir='ltr'><strong>ἐκ,</strong></span> <span class='ocrx_word' id='word_1_538' title='bbox 909 3706 1003 3756; x_wconf 76' lang='grc' dir='ltr'>καὶ</span> <span class='ocrx_word' id='word_1_539' title='bbox 1064 3703 1196 3773; x_wconf 77' lang='grc' dir='ltr'>μίαν</span> <span class='ocrx_word' id='word_1_540' title='bbox 1268 3705 1419 3774; x_wconf 76' lang='grc' dir='ltr'>ἰσχὺν</span> <span class='ocrx_word' id='word_1_541' title='bbox 1481 3702 1736 3769; x_wconf 78' lang='grc' dir='ltr'>ἔχουσιν,</span> 
     </span>
    </p>
   </div>
   <div class='ocr_carea' id='block_1_70' title="bbox 150 3794 1737 3863">
    <p class='ocr_par' dir='ltr' id='par_1_70' title="bbox 150 3794 1737 3863">
     <span class='ocr_line' id='line_1_72' title="bbox 150 3794 1737 3863; baseline 0.001 -19"><span class='ocrx_word' id='word_1_542' title='bbox 150 3794 421 3845; x_wconf 74' lang='grc' dir='ltr'>ἐντεὺὑεν</span> <span class='ocrx_word' id='word_1_543' title='bbox 477 3794 652 3863; x_wconf 84' lang='grc' dir='ltr'>δῆλον.</span> <span class='ocrx_word' id='word_1_544' title='bbox 711 3794 1059 3863; x_wconf 75' lang='grc' dir='ltr'>Θεοδώρητος</span> <span class='ocrx_word' id='word_1_545' title='bbox 1116 3798 1143 3846; x_wconf 88' lang='lat'><strong>6</strong></span> <span class='ocrx_word' id='word_1_546' title='bbox 1197 3794 1380 3862; x_wconf 77' lang='grc' dir='ltr'>Κύρου</span> <span class='ocrx_word' id='word_1_547' title='bbox 1439 3795 1737 3852; x_wconf 79' lang='grc' dir='ltr'>ἐπίσκοπος</span> 
     </span>
    </p>
   </div>
   <div class='ocr_carea' id='block_1_71' title="bbox 146 3884 1739 3955">
    <p class='ocr_par' dir='ltr' id='par_1_71' title="bbox 146 3884 1739 3955">
     <span class='ocr_line' id='line_1_73' title="bbox 146 3884 1739 3955; baseline -0.003 -16"><span class='ocrx_word' id='word_1_548' title='bbox 146 3885 601 3952; x_wconf 71' lang='grc' dir='ltr'>ἐπιλαμόἑνετιι</span> <span class='ocrx_word' id='word_1_549' title='bbox 651 3885 745 3938; x_wconf 83' lang='grc' dir='ltr'>τοῦ</span> <span class='ocrx_word' id='word_1_550' title='bbox 794 3886 1033 3953; x_wconf 81' lang='grc' dir='ltr'>μεγάλου</span> <span class='ocrx_word' id='word_1_551' title='bbox 1097 3886 1364 3955; x_wconf 84' lang='grc' dir='ltr'>Κυρίλλου</span> <span class='ocrx_word' id='word_1_552' title='bbox 1418 3888 1476 3937; x_wconf 86' lang='grc' dir='ltr'>ὲν</span> <span class='ocrx_word' id='word_1_553' title='bbox 1523 3884 1739 3945; x_wconf 78' lang='grc' dir='ltr'>πολλοῖς</span> 
     </span>
    </p>
   </div>
   <div class='ocr_carea' id='block_1_72' title="bbox 142 3975 1740 4044">
    <p class='ocr_par' dir='ltr' id='par_1_72' title="bbox 142 3975 1740 4044">
     <span class='ocr_line' id='line_1_74' title="bbox 142 3975 1740 4044; baseline 0.001 -16"><span class='ocrx_word' id='word_1_554' title='bbox 142 3976 271 4028; x_wconf 80' lang='grc' dir='ltr'>τῶν</span> <span class='ocrx_word' id='word_1_555' title='bbox 312 3976 381 4043; x_wconf 83' lang='grc' dir='ltr'><strong>ιβ’</strong></span> <span class='ocrx_word' id='word_1_556' title='bbox 430 3976 761 4044; x_wconf 76' lang='grc' dir='ltr'>κεφαλαίων,</span> <span class='ocrx_word' id='word_1_557' title='bbox 794 3976 828 4029; x_wconf 72' lang='grc' dir='ltr'>ἃ</span> <span class='ocrx_word' id='word_1_558' title='bbox 862 3977 1072 4044; x_wconf 78' lang='grc' dir='ltr'>φθάσας</span> <span class='ocrx_word' id='word_1_559' title='bbox 1112 3980 1139 4030; x_wconf 75' lang='lat'><strong>6</strong></span> <span class='ocrx_word' id='word_1_560' title='bbox 1166 3976 1318 4044; x_wconf 86' lang='grc' dir='ltr'>ἆγιος</span> <span class='ocrx_word' id='word_1_561' title='bbox 1350 3975 1564 4041; x_wconf 79' lang='grc' dir='ltr'>ὲξὲοετο</span> <span class='ocrx_word' id='word_1_562' title='bbox 1600 3979 1740 4030; x_wconf 74' lang='grc' dir='ltr'>κατὰ</span> 
     </span>
    </p>
   </div>
   <div class='ocr_carea' id='block_1_73' title="bbox 140 4062 1739 4138">
    <p class='ocr_par' dir='ltr' id='par_1_73' title="bbox 140 4062 1739 4138">
     <span class='ocr_line' id='line_1_75' title="bbox 140 4062 1739 4138; baseline 0 -20"><span class='ocrx_word' id='word_1_563' title='bbox 140 4067 251 4119; x_wconf 81' lang='grc' dir='ltr'>τοῦ</span> <span class='ocrx_word' id='word_1_564' title='bbox 279 4067 586 4136; x_wconf 74' lang='grc' dir='ltr'>Νεστορίου</span> <span class='ocrx_word' id='word_1_565' title='bbox 606 4084 619 4097; x_wconf 85' lang='grc'><strong>·</strong></span> <span class='ocrx_word' id='word_1_566' title='bbox 660 4070 754 4121; x_wconf 73' lang='grc' dir='ltr'><strong>καὶ</strong></span> <span class='ocrx_word' id='word_1_567' title='bbox 803 4072 860 4121; x_wconf 84' lang='grc' dir='ltr'>ὲν</span> <span class='ocrx_word' id='word_1_568' title='bbox 887 4069 963 4138; x_wconf 81' lang='grc' dir='ltr'>τῷ</span> <span class='ocrx_word' id='word_1_569' title='bbox 992 4069 1034 4121; x_wconf 85' lang='lat'><strong>0&#39;</strong></span> <span class='ocrx_word' id='word_1_570' title='bbox 1066 4070 1525 4137; x_wconf 62' lang='lat' dir='ltr'><strong>dva’teuattopQ),</strong></span> <span class='ocrx_word' id='word_1_571' title='bbox 1552 4072 1609 4121; x_wconf 80' lang='grc' dir='ltr'>ἐν</span> <span class='ocrx_word' id='word_1_572' title='bbox 1640 4062 1681 4135; x_wconf 78' lang='grc' dir='ltr'>ᾧ</span> <span class='ocrx_word' id='word_1_573' title='bbox 1712 4070 1739 4118; x_wconf 97' lang='lat'><strong>6</strong></span> 
     </span>
    </p>
   </div>
   <div class='ocr_carea' id='block_1_74' title="bbox 139 4160 1740 4230">
    <p class='ocr_par' dir='ltr' id='par_1_74' title="bbox 139 4160 1740 4230">
     <span class='ocr_line' id='line_1_76' title="bbox 139 4160 1740 4230; baseline -0.001 -16"><span class='ocrx_word' id='word_1_574' title='bbox 139 4160 442 4228; x_wconf 76' lang='grc' dir='ltr'>Κύριλλὸς</span> <span class='ocrx_word' id='word_1_575' title='bbox 488 4177 690 4229; x_wconf 78' lang='grc' dir='ltr'>φησιν·</span> <span class='ocrx_word' id='word_1_576' title='bbox 723 4162 884 4213; x_wconf 81' lang='grc' dir='ltr'>Ἵδιον</span> <span class='ocrx_word' id='word_1_577' title='bbox 933 4162 1073 4230; x_wconf 75' lang='grc' dir='ltr'>ἔχων</span> <span class='ocrx_word' id='word_1_578' title='bbox 1124 4162 1152 4213; x_wconf 91' lang='lat'><strong>6</strong></span> <span class='ocrx_word' id='word_1_579' title='bbox 1204 4163 1329 4223; x_wconf 83' lang='grc' dir='ltr'><strong>Υἱὸς</strong></span> <span class='ocrx_word' id='word_1_580' title='bbox 1359 4165 1421 4215; x_wconf 83' lang='grc' dir='ltr'>τὸ</span> <span class='ocrx_word' id='word_1_581' title='bbox 1468 4162 1526 4225; x_wconf 78' lang='grc' dir='ltr'><strong>ἐξ</strong></span> <span class='ocrx_word' id='word_1_582' title='bbox 1578 4162 1740 4214; x_wconf 83' lang='grc' dir='ltr'>αὑτοῦ</span> 
     </span>
    </p>
   </div>
   <div class='ocr_carea' id='block_1_75' title="bbox 136 4253 1740 4324">
    <p class='ocr_par' dir='ltr' id='par_1_75' title="bbox 136 4253 1740 4324">
     <span class='ocr_line' id='line_1_77' title="bbox 136 4253 1740 4324; baseline -0.003 -16"><span class='ocrx_word' id='word_1_583' title='bbox 136 4258 249 4309; x_wconf 78' lang='grc' dir='ltr'><strong>καὶ</strong></span> <span class='ocrx_word' id='word_1_584' title='bbox 312 4256 597 4317; x_wconf 83' lang='grc' dir='ltr'>οὑσιωδώς</span> <span class='ocrx_word' id='word_1_585' title='bbox 664 4255 981 4322; x_wconf 77' lang='grc' dir='ltr'>ἐμπεφυκὸς</span> <span class='ocrx_word' id='word_1_586' title='bbox 1050 4253 1197 4324; x_wconf 87' lang='grc' dir='ltr'><strong>αὑτῷ</strong></span> <span class='ocrx_word' id='word_1_587' title='bbox 1275 4253 1495 4321; x_wconf 69' lang='grc' dir='ltr'>Πνεῦμα</span> <span class='ocrx_word' id='word_1_588' title='bbox 1564 4254 1740 4319; x_wconf 77' lang='grc' dir='ltr'>ἅγιον,</span> 
     </span>
    </p>
   </div>
   <div class='ocr_carea' id='block_1_76' title="bbox 128 4346 1738 4416">
    <p class='ocr_par' dir='ltr' id='par_1_76' title="bbox 128 4346 1738 4416">
     <span class='ocr_line' id='line_1_78' title="bbox 128 4346 1738 4416; baseline -0.003 -15"><span class='ocrx_word' id='word_1_589' title='bbox 128 4347 458 4416; x_wconf 74' lang='grc' dir='ltr'>εἰργάζετο</span> <span class='ocrx_word' id='word_1_590' title='bbox 495 4349 591 4407; x_wconf 73' lang='grc' dir='ltr'><strong>τὰς</strong></span> <span class='ocrx_word' id='word_1_591' title='bbox 650 4346 1011 4415; x_wconf 76' lang='grc' dir='ltr'>Οεοσημείαςο</span> <span class='ocrx_word' id='word_1_592' title='bbox 1060 4350 1087 4400; x_wconf 94' lang='lat'><strong>6</strong></span> <span class='ocrx_word' id='word_1_593' title='bbox 1134 4346 1481 4415; x_wconf 83' lang='grc' dir='ltr'>Θεοδώρητός</span> <span class='ocrx_word' id='word_1_594' title='bbox 1535 4360 1738 4413; x_wconf 79' lang='grc' dir='ltr'>φησιν’</span> 
     </span>
    </p>
   </div>
   <div class='ocr_carea' id='block_1_77' title="bbox 129 4438 1741 4509">
    <p class='ocr_par' dir='ltr' id='par_1_77' title="bbox 129 4438 1741 4509">
     <span class='ocr_line' id='line_1_79' title="bbox 129 4438 1741 4509; baseline -0.003 -15"><span class='ocrx_word' id='word_1_595' title='bbox 129 4441 209 4494; x_wconf 81' lang='grc' dir='ltr'><strong>Εἰ</strong></span> <span class='ocrx_word' id='word_1_596' title='bbox 252 4443 363 4507; x_wconf 82' lang='grc' dir='ltr'>μὲν</span> <span class='ocrx_word' id='word_1_597' title='bbox 396 4441 475 4501; x_wconf 84' lang='grc' dir='ltr'><strong>ὡς</strong></span> <span class='ocrx_word' id='word_1_598' title='bbox 501 4439 868 4509; x_wconf 67' lang='grc' dir='ltr'><strong>ὀμοφυὲςῖεφη</strong></span> <span class='ocrx_word' id='word_1_599' title='bbox 900 4438 1162 4507; x_wconf 64' lang='grc' dir='ltr'>Ιέὑριλλος</span> <span class='ocrx_word' id='word_1_600' title='bbox 1191 4440 1285 4490; x_wconf 72' lang='grc' dir='ltr'><strong>καὶ</strong></span> <span class='ocrx_word' id='word_1_601' title='bbox 1313 4442 1373 4490; x_wconf 79' lang='grc' dir='ltr'><strong>ὲκ</strong></span> <span class='ocrx_word' id='word_1_602' title='bbox 1405 4439 1498 4490; x_wconf 79' lang='grc' dir='ltr'><strong>τοῦ</strong></span> <span class='ocrx_word' id='word_1_603' title='bbox 1531 4438 1741 4507; x_wconf 80' lang='grc' dir='ltr'>Πατρὸς</span> 
     </span>
    </p>
   </div>
   <div class='ocr_carea' id='block_1_78' title="bbox 125 4531 1738 4602">
    <p class='ocr_par' dir='ltr' id='par_1_78' title="bbox 125 4531 1738 4602">
     <span class='ocr_line' id='line_1_80' title="bbox 125 4531 1738 4602; baseline -0.002 -18"><span class='ocrx_word' id='word_1_604' title='bbox 125 4534 625 4602; x_wconf 74' lang='grc' dir='ltr'>ἐκπορευόμενον,</span> <span class='ocrx_word' id='word_1_605' title='bbox 660 4533 732 4584; x_wconf 79' lang='grc' dir='ltr'><strong>ἴδε</strong></span> <span class='ocrx_word' id='word_1_606' title='bbox 764 4532 1287 4602; x_wconf 79' lang='grc' dir='ltr'>συνομολογήσομεν,</span> <span class='ocrx_word' id='word_1_607' title='bbox 1316 4532 1405 4582; x_wconf 71' lang='grc' dir='ltr'><strong>καὶ</strong></span> <span class='ocrx_word' id='word_1_608' title='bbox 1429 4531 1499 4591; x_wconf 82' lang='grc' dir='ltr'><strong>ὡς</strong></span> <span class='ocrx_word' id='word_1_609' title='bbox 1539 4531 1738 4601; x_wconf 80' lang='grc' dir='ltr'>εὑσεὸἧ</span> 
     </span>
    </p>
   </div>
   <div class='ocr_carea' id='block_1_79' title="bbox 117 4622 1735 4693">
    <p class='ocr_par' dir='ltr' id='par_1_79' title="bbox 117 4622 1735 4693">
     <span class='ocr_line' id='line_1_81' title="bbox 117 4622 1735 4693; baseline 0 -18"><span class='ocrx_word' id='word_1_610' title='bbox 117 4624 437 4691; x_wconf 75' lang='grc' dir='ltr'><strong>δεξόμεθα</strong></span> <span class='ocrx_word' id='word_1_611' title='bbox 472 4622 568 4691; x_wconf 74' lang='grc' dir='ltr'>τὴν</span> <span class='ocrx_word' id='word_1_612' title='bbox 608 4626 791 4693; x_wconf 84' lang='grc' dir='ltr'>φωνήν</span> <span class='ocrx_word' id='word_1_613' title='bbox 821 4640 832 4653; x_wconf 87' lang='grc'><strong>·</strong></span> <span class='ocrx_word' id='word_1_614' title='bbox 864 4626 911 4674; x_wconf 82' lang='grc' dir='ltr'><strong>εί</strong></span> <span class='ocrx_word' id='word_1_615' title='bbox 950 4622 994 4675; x_wconf 84' lang='grc' dir='ltr'><strong>δ’</strong></span> <span class='ocrx_word' id='word_1_616' title='bbox 1021 4624 1097 4683; x_wconf 76' lang='grc' dir='ltr'>ὡς</span> <span class='ocrx_word' id='word_1_617' title='bbox 1132 4622 1191 4687; x_wconf 80' lang='grc' dir='ltr'>ἐξ</span> <span class='ocrx_word' id='word_1_618' title='bbox 1226 4622 1376 4685; x_wconf 78' lang='grc' dir='ltr'>Υἰοῡ,</span> <span class='ocrx_word' id='word_1_619' title='bbox 1405 4626 1435 4692; x_wconf 82' lang='grc' dir='ltr'><strong>ἢ</strong></span> <span class='ocrx_word' id='word_1_620' title='bbox 1489 4624 1557 4676; x_wconf 84' lang='grc' dir='ltr'>δι’</span> <span class='ocrx_word' id='word_1_621' title='bbox 1609 4623 1735 4675; x_wconf 85' lang='grc' dir='ltr'><strong>Υἱοῦ</strong></span> 
     </span>
    </p>
   </div>
   <div class='ocr_carea' id='block_1_80' title="bbox 110 4714 1739 4785">
    <p class='ocr_par' dir='ltr' id='par_1_80' title="bbox 110 4714 1739 4785">
     <span class='ocr_line' id='line_1_82' title="bbox 110 4714 1739 4785; baseline -0.001 -18"><span class='ocrx_word' id='word_1_622' title='bbox 110 4716 240 4785; x_wconf 80' lang='grc' dir='ltr'>τὴν</span> <span class='ocrx_word' id='word_1_623' title='bbox 317 4714 565 4781; x_wconf 81' lang='grc' dir='ltr'>ὓπαρξιν</span> <span class='ocrx_word' id='word_1_624' title='bbox 620 4714 774 4783; x_wconf 74' lang='grc' dir='ltr'>ἔχον,</span> <span class='ocrx_word' id='word_1_625' title='bbox 839 4715 915 4776; x_wconf 85' lang='grc' dir='ltr'>ὡς</span> <span class='ocrx_word' id='word_1_626' title='bbox 964 4714 1283 4784; x_wconf 58' lang='grc' dir='ltr'>βλάσφημον</span> <span class='ocrx_word' id='word_1_627' title='bbox 1336 4717 1427 4767; x_wconf 67' lang='grc' dir='ltr'>καὶ</span> <span class='ocrx_word' id='word_1_628' title='bbox 1480 4715 1739 4778; x_wconf 80' lang='grc' dir='ltr'>δυσσεὸὲς</span> 
     </span>
    </p>
   </div>
   <div class='ocr_carea' id='block_1_81' title="bbox 106 4805 1737 4874">
    <p class='ocr_par' dir='ltr' id='par_1_81' title="bbox 106 4805 1737 4874">
     <span class='ocr_line' id='line_1_83' title="bbox 106 4805 1737 4874; baseline -0.001 -16"><span class='ocrx_word' id='word_1_629' title='bbox 106 4805 572 4874; x_wconf 61' lang='grc' dir='ltr'>ἀπορρίψομεν.</span> <span class='ocrx_word' id='word_1_630' title='bbox 624 4805 755 4857; x_wconf 85' lang='grc' dir='ltr'><strong>Ἰδοὺ</strong></span> <span class='ocrx_word' id='word_1_631' title='bbox 812 4805 1061 4872; x_wconf 80' lang='grc' dir='ltr'>φανερῶς</span> <span class='ocrx_word' id='word_1_632' title='bbox 1120 4806 1411 4859; x_wconf 79' lang='grc' dir='ltr'>ὲδειλίασεν</span> <span class='ocrx_word' id='word_1_633' title='bbox 1462 4808 1489 4857; x_wconf 93' lang='lat'><strong>6</strong></span> <span class='ocrx_word' id='word_1_634' title='bbox 1532 4806 1737 4859; x_wconf 80' lang='grc' dir='ltr'>Θεοδώ-</span> 
     </span>
    </p>
   </div>
   <div class='ocr_carea' id='block_1_82' title="bbox 106 4890 1735 4963">
    <p class='ocr_par' dir='ltr' id='par_1_82' title="bbox 106 4890 1735 4963">
     <span class='ocr_line' id='line_1_84' title="bbox 106 4890 1735 4963; baseline 0.003 -22"><span class='ocrx_word' id='word_1_635' title='bbox 106 4907 319 4960; x_wconf 80' lang='grc' dir='ltr'>ρητος</span> <span class='ocrx_word' id='word_1_636' title='bbox 383 4890 566 4943; x_wconf 71' lang='grc' dir='ltr'>εἰπεῖν</span> <span class='ocrx_word' id='word_1_637' title='bbox 620 4891 718 4941; x_wconf 76' lang='grc' dir='ltr'>καὶ</span> <span class='ocrx_word' id='word_1_638' title='bbox 760 4892 857 4961; x_wconf 81' lang='grc' dir='ltr'>τὴν</span> <span class='ocrx_word' id='word_1_639' title='bbox 910 4892 1010 4945; x_wconf 85' lang='grc' dir='ltr'><strong>διὰ</strong></span> <span class='ocrx_word' id='word_1_640' title='bbox 1061 4897 1201 4962; x_wconf 81' lang='grc' dir='ltr'>μετὰ</span> <span class='ocrx_word' id='word_1_641' title='bbox 1248 4894 1348 4961; x_wconf 82' lang='grc' dir='ltr'>τῆς</span> <span class='ocrx_word' id='word_1_642' title='bbox 1396 4894 1504 4957; x_wconf 75' lang='grc' dir='ltr'><strong>ἐκ,</strong></span> <span class='ocrx_word' id='word_1_643' title='bbox 1559 4898 1617 4946; x_wconf 76' lang='grc' dir='ltr'>ὲν</span> <span class='ocrx_word' id='word_1_644' title='bbox 1669 4898 1735 4963; x_wconf 80' lang='grc' dir='ltr'>τῇ</span> 
     </span>
    </p>
   </div>
   <div class='ocr_carea' id='block_1_83' title="bbox 101 4982 1735 5055">
    <p class='ocr_par' dir='ltr' id='par_1_83' title="bbox 101 4982 1735 5055">
     <span class='ocr_line' id='line_1_85' title="bbox 101 4982 1735 5055; baseline 0.002 -20"><span class='ocrx_word' id='word_1_645' title='bbox 101 4982 375 5051; x_wconf 65' lang='grc' dir='ltr'>προόδῳ</span> <span class='ocrx_word' id='word_1_646' title='bbox 404 4983 501 5033; x_wconf 76' lang='grc' dir='ltr'>τοῦ</span> <span class='ocrx_word' id='word_1_647' title='bbox 536 4983 847 5051; x_wconf 80' lang='grc' dir='ltr'>Πνεύματος</span> <span class='ocrx_word' id='word_1_648' title='bbox 886 4987 951 5053; x_wconf 80' lang='grc' dir='ltr'>τῇ</span> <span class='ocrx_word' id='word_1_649' title='bbox 988 4986 1139 5055; x_wconf 79' lang='grc' dir='ltr'>παρὰ</span> <span class='ocrx_word' id='word_1_650' title='bbox 1174 4988 1264 5040; x_wconf 74' lang='grc' dir='ltr'><strong>τοῦ</strong></span> <span class='ocrx_word' id='word_1_651' title='bbox 1302 4987 1452 5040; x_wconf 82' lang='grc' dir='ltr'><strong>Υίοῦ.</strong></span> <span class='ocrx_word' id='word_1_652' title='bbox 1501 4988 1735 5050; x_wconf 81' lang='grc' dir='ltr'>Ἐκεῖνος</span> 
     </span>
    </p>
   </div>
   <div class='ocr_carea' id='block_1_84' title="bbox 98 5071 1735 5145">
    <p class='ocr_par' dir='ltr' id='par_1_84' title="bbox 98 5071 1735 5145">
     <span class='ocr_line' id='line_1_86' title="bbox 98 5071 1735 5145; baseline 0.004 -22"><span class='ocrx_word' id='word_1_653' title='bbox 98 5073 238 5140; x_wconf 80' lang='grc' dir='ltr'>γὰρ</span> <span class='ocrx_word' id='word_1_654' title='bbox 278 5071 641 5140; x_wconf 78' lang='grc' dir='ltr'>ἀρνούμενος</span> <span class='ocrx_word' id='word_1_655' title='bbox 669 5074 947 5137; x_wconf 82' lang='grc' dir='ltr'>παντελῶς</span> <span class='ocrx_word' id='word_1_656' title='bbox 976 5074 1036 5126; x_wconf 82' lang='grc' dir='ltr'>τὸ</span> <span class='ocrx_word' id='word_1_657' title='bbox 1068 5076 1289 5145; x_wconf 80' lang='grc' dir='ltr'>Πνεῦμα</span> <span class='ocrx_word' id='word_1_658' title='bbox 1337 5077 1446 5127; x_wconf 77' lang='grc' dir='ltr'><strong>ἀπὸ</strong></span> <span class='ocrx_word' id='word_1_659' title='bbox 1473 5076 1567 5129; x_wconf 81' lang='grc' dir='ltr'><strong>τοῦ</strong></span> <span class='ocrx_word' id='word_1_660' title='bbox 1603 5078 1735 5129; x_wconf 83' lang='grc' dir='ltr'><strong>Υἱοῦ</strong></span> 
     </span>
    </p>
   </div>
   <div class='ocr_carea' id='block_1_85' title="bbox 90 5158 1735 5232">
    <p class='ocr_par' dir='ltr' id='par_1_85' title="bbox 90 5158 1735 5232">
     <span class='ocr_line' id='line_1_87' title="bbox 90 5158 1735 5232; baseline 0.004 -19"><span class='ocrx_word' id='word_1_661' title='bbox 90 5158 305 5223; x_wconf 80' lang='grc' dir='ltr'>εἶναι,</span> <span class='ocrx_word' id='word_1_662' title='bbox 348 5161 543 5224; x_wconf 83' lang='grc' dir='ltr'>καθὼς</span> <span class='ocrx_word' id='word_1_663' title='bbox 578 5164 670 5215; x_wconf 82' lang='grc' dir='ltr'><strong>καὶ</strong></span> <span class='ocrx_word' id='word_1_664' title='bbox 718 5166 898 5232; x_wconf 83' lang='grc' dir='ltr'>ὑμεῖς,</span> <span class='ocrx_word' id='word_1_665' title='bbox 924 5164 1047 5217; x_wconf 79' lang='grc' dir='ltr'>οὔτε</span> <span class='ocrx_word' id='word_1_666' title='bbox 1079 5168 1139 5218; x_wconf 74' lang='grc' dir='ltr'><strong>ἐκ</strong></span> <span class='ocrx_word' id='word_1_667' title='bbox 1177 5166 1268 5217; x_wconf 76' lang='grc' dir='ltr'><strong>τοῦ</strong></span> <span class='ocrx_word' id='word_1_668' title='bbox 1314 5166 1441 5218; x_wconf 83' lang='grc' dir='ltr'>Υἱοῦ</span> <span class='ocrx_word' id='word_1_669' title='bbox 1473 5165 1597 5219; x_wconf 79' lang='grc' dir='ltr'>οὔτε</span> <span class='ocrx_word' id='word_1_670' title='bbox 1649 5168 1735 5219; x_wconf 74' lang='grc' dir='ltr'><strong>διὰ</strong></span> 
     </span>
    </p>
   </div>
   <div class='ocr_carea' id='block_1_86' title="bbox 82 5251 1730 5325">
    <p class='ocr_par' dir='ltr' id='par_1_86' title="bbox 82 5251 1730 5325">
     <span class='ocr_line' id='line_1_88' title="bbox 82 5251 1730 5325; baseline 0.005 -23"><span class='ocrx_word' id='word_1_671' title='bbox 82 5251 215 5304; x_wconf 81' lang='grc' dir='ltr'>τοῦ</span> <span class='ocrx_word' id='word_1_672' title='bbox 294 5252 449 5304; x_wconf 77' lang='grc' dir='ltr'><strong>Υίοῦ</strong></span> <span class='ocrx_word' id='word_1_673' title='bbox 482 5254 837 5318; x_wconf 80' lang='grc' dir='ltr'><strong>κατεδέξατο·</strong></span> <span class='ocrx_word' id='word_1_674' title='bbox 874 5257 1027 5322; x_wconf 83' lang='grc' dir='ltr'>ὑμεῖς</span> <span class='ocrx_word' id='word_1_675' title='bbox 1081 5256 1137 5308; x_wconf 80' lang='grc' dir='ltr'><em>δὲ</em></span> <span class='ocrx_word' id='word_1_676' title='bbox 1192 5258 1250 5309; x_wconf 85' lang='grc' dir='ltr'>τὸ</span> <span class='ocrx_word' id='word_1_677' title='bbox 1301 5259 1425 5325; x_wconf 80' lang='grc' dir='ltr'>μὲν,</span> <span class='ocrx_word' id='word_1_678' title='bbox 1456 5258 1523 5309; x_wconf 85' lang='grc' dir='ltr'>δι’</span> <span class='ocrx_word' id='word_1_679' title='bbox 1578 5257 1730 5319; x_wconf 82' lang='grc' dir='ltr'><strong>Υίοῦ,</strong></span> 
     </span>
    </p>
   </div>
   <div class='ocr_carea' id='block_1_87' title="bbox 80 5343 1729 5419">
    <p class='ocr_par' dir='ltr' id='par_1_87' title="bbox 80 5343 1729 5419">
     <span class='ocr_line' id='line_1_89' title="bbox 80 5343 1729 5419; baseline 0.006 -26"><span class='ocrx_word' id='word_1_680' title='bbox 80 5343 477 5411; x_wconf 71' lang='grc' dir='ltr'>ὁμολογεῖτε</span> <span class='ocrx_word' id='word_1_681' title='bbox 499 5360 513 5374; x_wconf 89' lang='grc'><strong>·</strong></span> <span class='ocrx_word' id='word_1_682' title='bbox 564 5346 624 5396; x_wconf 80' lang='grc' dir='ltr'>τὸ</span> <span class='ocrx_word' id='word_1_683' title='bbox 654 5347 733 5408; x_wconf 78' lang='grc' dir='ltr'><strong>δὲ,</strong></span> <span class='ocrx_word' id='word_1_684' title='bbox 765 5346 824 5410; x_wconf 75' lang='grc' dir='ltr'>ἐξ</span> <span class='ocrx_word' id='word_1_685' title='bbox 859 5346 1006 5409; x_wconf 81' lang='grc' dir='ltr'>Υὶοῦ,</span> <span class='ocrx_word' id='word_1_686' title='bbox 1042 5349 1151 5402; x_wconf 76' lang='grc' dir='ltr'><strong>οὐδ’</strong></span> <span class='ocrx_word' id='word_1_687' title='bbox 1184 5349 1415 5402; x_wconf 80' lang='grc' dir='ltr'>ἀκοῦσαι</span> <span class='ocrx_word' id='word_1_688' title='bbox 1450 5350 1729 5419; x_wconf 78' lang='grc' dir='ltr'>ἀνέχεσθε.</span> 
     </span>
    </p>
   </div>
   <div class='ocr_carea' id='block_1_88' title="bbox 99 5428 1731 5509">
    <p class='ocr_par' dir='ltr' id='par_1_88' title="bbox 99 5428 1731 5509">
     <span class='ocr_line' id='line_1_90' title="bbox 99 5428 1731 5509; baseline 0.006 -23"><span class='ocrx_word' id='word_1_689' title='bbox 99 5434 317 5497; x_wconf 75' lang='grc' dir='ltr'>Ἀλλ’,</span> <span class='ocrx_word' id='word_1_690' title='bbox 364 5428 415 5486; x_wconf 80' lang='grc' dir='ltr'>ὦ</span> <span class='ocrx_word' id='word_1_691' title='bbox 456 5436 629 5503; x_wconf 80' lang='grc' dir='ltr'>φίλος,</span> <span class='ocrx_word' id='word_1_692' title='bbox 655 5438 716 5489; x_wconf 82' lang='grc' dir='ltr'>τὸ</span> <span class='ocrx_word' id='word_1_693' title='bbox 757 5438 893 5490; x_wconf 79' lang='grc' dir='ltr'>αὐτὸ</span> <span class='ocrx_word' id='word_1_694' title='bbox 944 5440 1201 5509; x_wconf 85' lang='grc' dir='ltr'>σημαίνει</span> <span class='ocrx_word' id='word_1_695' title='bbox 1234 5443 1377 5493; x_wconf 73' lang='grc' dir='ltr'>κατὰ</span> <span class='ocrx_word' id='word_1_696' title='bbox 1406 5441 1498 5493; x_wconf 80' lang='grc' dir='ltr'>τὸν</span> <span class='ocrx_word' id='word_1_697' title='bbox 1528 5440 1731 5495; x_wconf 82' lang='grc' dir='ltr'><strong>Θεοδώ-</strong></span> 
     </span>
    </p>
   </div>
   <div class='ocr_carea' id='block_1_89' title="bbox 170 5636 1688 5705">
    <p class='ocr_par' dir='ltr' id='par_1_89' title="bbox 170 5636 1688 5705">
     <span class='ocr_line' id='line_1_91' title="bbox 170 5636 1688 5705; baseline 0.005 -16"><span class='ocrx_word' id='word_1_698' title='bbox 170 5639 233 5668; x_wconf 83' lang='grc'><strong>²³</strong></span> <span class='ocrx_word' id='word_1_699' title='bbox 288 5637 457 5690; x_wconf 75' lang='lat' dir='ltr'><strong>GH].</strong></span> <span class='ocrx_word' id='word_1_700' title='bbox 493 5651 563 5699; x_wconf 86' lang='lat' dir='ltr'><strong>Iv,</strong></span> <span class='ocrx_word' id='word_1_701' title='bbox 596 5636 647 5689; x_wconf 77' lang='grc'><strong>1.</strong></span> <span class='ocrx_word' id='word_1_702' title='bbox 724 5638 768 5669; x_wconf 81' lang='grc'>¹⁹</span> <span class='ocrx_word' id='word_1_703' title='bbox 799 5636 935 5691; x_wconf 85' lang='lat' dir='ltr'><strong>Gen.</strong></span> <span class='ocrx_word' id='word_1_704' title='bbox 966 5655 1053 5700; x_wconf 74' lang='grc' dir='ltr'>η,</span> <span class='ocrx_word' id='word_1_705' title='bbox 1088 5641 1140 5695; x_wconf 88' lang='lat'><strong>8.</strong></span> <span class='ocrx_word' id='word_1_706' title='bbox 1221 5643 1263 5673; x_wconf 82' lang='grc'><strong>³⁰</strong></span> <span class='ocrx_word' id='word_1_707' title='bbox 1316 5640 1495 5698; x_wconf 83' lang='lat' dir='ltr'><strong>Galat.</strong></span> <span class='ocrx_word' id='word_1_708' title='bbox 1530 5658 1602 5705; x_wconf 83' lang='lat' dir='ltr'><strong>tv,</strong></span> <span class='ocrx_word' id='word_1_709' title='bbox 1636 5644 1688 5696; x_wconf 80' lang='grc'><strong>4.</strong></span> 
     </span>
    </p>
   </div>
   <div class='ocr_carea' id='block_1_90' title="bbox 161 5796 974 5869">
    <p class='ocr_par' dir='ltr' id='par_1_90' title="bbox 161 5796 974 5869">
     <span class='ocr_line' id='line_1_92' title="bbox 161 5796 974 5869; baseline 0.004 -19"><span class='ocrx_word' id='word_1_710' title='bbox 161 5801 272 5869; x_wconf 81' lang='grc' dir='ltr'><strong>(ι)</strong></span> <span class='ocrx_word' id='word_1_711' title='bbox 321 5796 465 5852; x_wconf 81' lang='lat' dir='ltr'><strong>Lib.</strong></span> <span class='ocrx_word' id='word_1_712' title='bbox 512 5815 546 5864; x_wconf 84' lang='grc' dir='ltr'><strong>ι,</strong></span> <span class='ocrx_word' id='word_1_713' title='bbox 582 5797 651 5850; x_wconf 73' lang='lat' dir='ltr'><strong>De</strong></span> <span class='ocrx_word' id='word_1_714' title='bbox 686 5799 820 5851; x_wconf 82' lang='lat' dir='ltr'><strong>urtlt.</strong></span> <span class='ocrx_word' id='word_1_715' title='bbox 852 5798 974 5865; x_wconf 79' lang='lat' dir='ltr'><strong>ﬁde.</strong></span> 
     </span>
    </p>
   </div>
   <div class='ocr_carea' id='block_1_91' title="bbox 1766 4501 1818 4557">
    <p class='ocr_par' dir='ltr' id='par_1_91' title="bbox 1766 4501 1818 4557">
     <span class='ocr_line' id='line_1_93' title="bbox 1766 4501 1818 4557; baseline 0 0"><span class='ocrx_word' id='word_1_716' title='bbox 1766 4501 1818 4557; x_wconf 83' lang='lat' dir='ltr'><strong>D</strong></span> 
     </span>
    </p>
   </div>
   <div class='ocr_carea' id='block_1_92' title="bbox 1837 3245 3409 3315">
    <p class='ocr_par' dir='ltr' id='par_1_92' title="bbox 1837 3245 3409 3315">
     <span class='ocr_line' id='line_1_94' title="bbox 1837 3245 3409 3315; baseline 0.005 -18"><span class='ocrx_word' id='word_1_717' title='bbox 1837 3245 2035 3314; x_wconf 78' lang='lat' dir='ltr'><strong>prodiit</strong></span> <span class='ocrx_word' id='word_1_718' title='bbox 2068 3246 2410 3300; x_wconf 76' lang='lat' dir='ltr'><strong>ineffabiliter</strong></span> <span class='ocrx_word' id='word_1_719' title='bbox 2451 3245 2802 3315; x_wconf 83' lang='lat' dir='ltr'><strong>incarnatus;</strong></span> <span class='ocrx_word' id='word_1_720' title='bbox 2850 3252 3014 3305; x_wconf 90' lang='lat' dir='ltr'><strong>modo</strong></span> <span class='ocrx_word' id='word_1_721' title='bbox 3056 3262 3274 3305; x_wconf 74' lang='lat' dir='ltr'><strong>rantat:</strong></span> <span class='ocrx_word' id='word_1_722' title='bbox 3309 3252 3409 3305; x_wconf 81' lang='lat' dir='ltr'><strong>Per</strong></span> 
     </span>
    </p>
   </div>
   <div class='ocr_carea' id='block_1_93' title="bbox 1839 3336 3403 3409">
    <p class='ocr_par' dir='ltr' id='par_1_93' title="bbox 1839 3336 3403 3409">
     <span class='ocr_line' id='line_1_95' title="bbox 1839 3336 3403 3409; baseline 0.005 -21"><span class='ocrx_word' id='word_1_723' title='bbox 1839 3345 1911 3398; x_wconf 89' lang='lat' dir='ltr'><strong>te,</strong></span> <span class='ocrx_word' id='word_1_724' title='bbox 1942 3338 2120 3405; x_wconf 84' lang='lat' dir='ltr'><strong>Virgo,</strong></span> <span class='ocrx_word' id='word_1_725' title='bbox 2151 3336 2291 3391; x_wconf 89' lang='lat' dir='ltr'><strong>Deus</strong></span> <span class='ocrx_word' id='word_1_726' title='bbox 2319 3354 2441 3391; x_wconf 89' lang='lat' dir='ltr'><strong>rum</strong></span> <span class='ocrx_word' id='word_1_727' title='bbox 2506 3340 2819 3396; x_wconf 87' lang='lat' dir='ltr'><strong>hominibus</strong></span> <span class='ocrx_word' id='word_1_728' title='bbox 2862 3353 3105 3395; x_wconf 80' lang='lat' dir='ltr'><strong>versutus</strong></span> <span class='ocrx_word' id='word_1_729' title='bbox 3160 3356 3240 3397; x_wconf 78' lang='lat' dir='ltr'><strong>est</strong></span> <span class='ocrx_word' id='word_1_730' title='bbox 3270 3362 3281 3407; x_wconf 91' lang='lat'><strong>;</strong></span> <span class='ocrx_word' id='word_1_731' title='bbox 3327 3352 3403 3409; x_wconf 87' lang='lat' dir='ltr'><strong>ct,</strong></span> 
     </span>
    </p>
   </div>
   <div class='ocr_carea' id='block_1_94' title="bbox 1840 3423 3412 3501">
    <p class='ocr_par' dir='ltr' id='par_1_94' title="bbox 1840 3423 3412 3501">
     <span class='ocr_line' id='line_1_96' title="bbox 1840 3423 3412 3501; baseline 0.004 -22"><span class='ocrx_word' id='word_1_732' title='bbox 1840 3423 1935 3479; x_wconf 88' lang='lat' dir='ltr'><strong>Per</strong></span> <span class='ocrx_word' id='word_1_733' title='bbox 1961 3435 2032 3490; x_wconf 85' lang='lat' dir='ltr'><strong>te,</strong></span> <span class='ocrx_word' id='word_1_734' title='bbox 2059 3428 2244 3491; x_wconf 76' lang='lat' dir='ltr'><strong>Virgo,</strong></span> <span class='ocrx_word' id='word_1_735' title='bbox 2289 3427 2539 3483; x_wconf 84' lang='lat' dir='ltr'><strong>Salvator</strong></span> <span class='ocrx_word' id='word_1_736' title='bbox 2565 3430 2805 3484; x_wconf 81' lang='lat' dir='ltr'><strong>advenit.</strong></span> <span class='ocrx_word' id='word_1_737' title='bbox 2843 3431 2978 3485; x_wconf 88' lang='lat' dir='ltr'><strong>Esse</strong></span> <span class='ocrx_word' id='word_1_738' title='bbox 3042 3447 3207 3501; x_wconf 89' lang='lat' dir='ltr'><strong>porro</strong></span> <span class='ocrx_word' id='word_1_739' title='bbox 3237 3434 3285 3487; x_wconf 87' lang='lat' dir='ltr'><strong>id</strong></span> <span class='ocrx_word' id='word_1_740' title='bbox 3319 3450 3412 3485; x_wconf 81' lang='lat' dir='ltr'><strong>ve-</strong></span> 
     </span>
    </p>
   </div>
   <div class='ocr_carea' id='block_1_95' title="bbox 1841 3519 3411 3590">
    <p class='ocr_par' dir='ltr' id='par_1_95' title="bbox 1841 3519 3411 3590">
     <span class='ocr_line' id='line_1_97' title="bbox 1841 3519 3411 3590; baseline 0.005 -21"><span class='ocrx_word' id='word_1_741' title='bbox 1841 3532 1985 3584; x_wconf 88' lang='lat' dir='ltr'><strong>rum,</strong></span> <span class='ocrx_word' id='word_1_742' title='bbox 2012 3519 2419 3587; x_wconf 53' lang='lat' dir='ltr'><strong>praepositiones</strong></span> <span class='ocrx_word' id='word_1_743' title='bbox 2450 3521 2657 3575; x_wconf 83' lang='lat' dir='ltr'><strong>scilicet</strong></span> <span class='ocrx_word' id='word_1_744' title='bbox 2701 3538 2766 3575; x_wconf 76' lang='lat' dir='ltr'><strong>ea:</strong></span> <span class='ocrx_word' id='word_1_745' title='bbox 2804 3530 2856 3575; x_wconf 88' lang='lat' dir='ltr'><strong>et</strong></span> <span class='ocrx_word' id='word_1_746' title='bbox 2885 3540 2997 3590; x_wconf 86' lang='lat' dir='ltr'><strong>per,</strong></span> <span class='ocrx_word' id='word_1_747' title='bbox 3037 3524 3177 3577; x_wconf 90' lang='lat' dir='ltr'><strong>idem</strong></span> <span class='ocrx_word' id='word_1_748' title='bbox 3235 3526 3411 3578; x_wconf 71' lang='lat' dir='ltr'><strong>valere</strong></span> 
     </span>
    </p>
   </div>
   <div class='ocr_carea' id='block_1_96' title="bbox 1840 3612 3410 3684">
    <p class='ocr_par' dir='ltr' id='par_1_96' title="bbox 1840 3612 3410 3684">
     <span class='ocr_line' id='line_1_98' title="bbox 1840 3612 3410 3684; baseline 0.004 -20"><span class='ocrx_word' id='word_1_749' title='bbox 1840 3622 1893 3665; x_wconf 90' lang='lat' dir='ltr'><strong>et</strong></span> <span class='ocrx_word' id='word_1_750' title='bbox 1923 3612 2169 3665; x_wconf 80' lang='lat' dir='ltr'><strong>eamdem</strong></span> <span class='ocrx_word' id='word_1_751' title='bbox 2200 3612 2304 3665; x_wconf 85' lang='lat' dir='ltr'><strong>vim</strong></span> <span class='ocrx_word' id='word_1_752' title='bbox 2334 3614 2605 3679; x_wconf 88' lang='lat' dir='ltr'><strong>obtinere,</strong></span> <span class='ocrx_word' id='word_1_753' title='bbox 2648 3630 2711 3669; x_wconf 84' lang='lat' dir='ltr'><strong>ex</strong></span> <span class='ocrx_word' id='word_1_754' title='bbox 2743 3630 2808 3669; x_wconf 89' lang='lat' dir='ltr'><strong>eo</strong></span> <span class='ocrx_word' id='word_1_755' title='bbox 2843 3624 3007 3684; x_wconf 78' lang='lat' dir='ltr'><strong>patet.</strong></span> <span class='ocrx_word' id='word_1_756' title='bbox 3044 3615 3178 3670; x_wconf 91' lang='lat' dir='ltr'><strong>Nam</strong></span> <span class='ocrx_word' id='word_1_757' title='bbox 3236 3617 3410 3671; x_wconf 85' lang='lat' dir='ltr'><strong>Theo-</strong></span> 
     </span>
    </p>
   </div>
   <div class='ocr_carea' id='block_1_97' title="bbox 1841 3704 3409 3776">
    <p class='ocr_par' dir='ltr' id='par_1_97' title="bbox 1841 3704 3409 3776">
     <span class='ocr_line' id='line_1_99' title="bbox 1841 3704 3409 3776; baseline 0.004 -18"><span class='ocrx_word' id='word_1_758' title='bbox 1841 3705 2089 3768; x_wconf 88' lang='lat' dir='ltr'><strong>doretus,</strong></span> <span class='ocrx_word' id='word_1_759' title='bbox 2118 3704 2240 3775; x_wconf 83' lang='lat' dir='ltr'><strong>Cyri</strong></span> <span class='ocrx_word' id='word_1_760' title='bbox 2275 3707 2589 3775; x_wconf 64' lang='lat' dir='ltr'><strong>episcopus,</strong></span> <span class='ocrx_word' id='word_1_761' title='bbox 2626 3706 2791 3761; x_wconf 88' lang='lat' dir='ltr'><strong>multa</strong></span> <span class='ocrx_word' id='word_1_762' title='bbox 2820 3708 3167 3776; x_wconf 81' lang='lat' dir='ltr'><strong>reprehendit</strong></span> <span class='ocrx_word' id='word_1_763' title='bbox 3198 3710 3250 3762; x_wconf 94' lang='lat' dir='ltr'><strong>in</strong></span> <span class='ocrx_word' id='word_1_764' title='bbox 3275 3710 3409 3764; x_wconf 89' lang='lat' dir='ltr'><strong>duo-</strong></span> 
     </span>
    </p>
   </div>
   <div class='ocr_carea' id='block_1_98' title="bbox 1840 3795 3409 3867">
    <p class='ocr_par' dir='ltr' id='par_1_98' title="bbox 1840 3795 3409 3867">
     <span class='ocr_line' id='line_1_100' title="bbox 1840 3795 3409 3867; baseline 0.003 -18"><span class='ocrx_word' id='word_1_765' title='bbox 1840 3797 2013 3849; x_wconf 86' lang='lat' dir='ltr'><strong>decim</strong></span> <span class='ocrx_word' id='word_1_766' title='bbox 2043 3799 2217 3865; x_wconf 81' lang='lat' dir='ltr'><strong>magni</strong></span> <span class='ocrx_word' id='word_1_767' title='bbox 2246 3795 2432 3865; x_wconf 82' lang='lat' dir='ltr'><strong>Cyrilli</strong></span> <span class='ocrx_word' id='word_1_768' title='bbox 2484 3798 2778 3865; x_wconf 85' lang='lat' dir='ltr'><strong>capitibus,</strong></span> <span class='ocrx_word' id='word_1_769' title='bbox 2825 3815 2946 3867; x_wconf 72' lang='lat' dir='ltr'><strong>qua:</strong></span> <span class='ocrx_word' id='word_1_770' title='bbox 2972 3808 3131 3854; x_wconf 87' lang='lat' dir='ltr'><strong>antea</strong></span> <span class='ocrx_word' id='word_1_771' title='bbox 3187 3812 3409 3857; x_wconf 89' lang='lat' dir='ltr'><strong>sanctus</strong></span> 
     </span>
    </p>
   </div>
   <div class='ocr_carea' id='block_1_99' title="bbox 1843 3887 3409 3957">
    <p class='ocr_par' dir='ltr' id='par_1_99' title="bbox 1843 3887 3409 3957">
     <span class='ocr_line' id='line_1_101' title="bbox 1843 3887 3409 3957; baseline 0.004 -16"><span class='ocrx_word' id='word_1_772' title='bbox 1843 3888 1931 3941; x_wconf 91' lang='lat' dir='ltr'><strong>illc</strong></span> <span class='ocrx_word' id='word_1_773' title='bbox 1955 3897 2142 3941; x_wconf 79' lang='lat' dir='ltr'><strong>eontra</strong></span> <span class='ocrx_word' id='word_1_774' title='bbox 2185 3887 2493 3943; x_wconf 56' lang='lat' dir='ltr'><strong>Nestorium</strong></span> <span class='ocrx_word' id='word_1_775' title='bbox 2525 3899 2876 3957; x_wconf 85' lang='lat' dir='ltr'><strong>exposuerat.</strong></span> <span class='ocrx_word' id='word_1_776' title='bbox 2915 3891 2981 3945; x_wconf 85' lang='lat' dir='ltr'><strong>Et</strong></span> <span class='ocrx_word' id='word_1_777' title='bbox 3021 3908 3143 3945; x_wconf 89' lang='lat' dir='ltr'><strong>cum</strong></span> <span class='ocrx_word' id='word_1_778' title='bbox 3178 3894 3230 3945; x_wconf 91' lang='lat' dir='ltr'><strong>in</strong></span> <span class='ocrx_word' id='word_1_779' title='bbox 3266 3909 3409 3947; x_wconf 90' lang='lat' dir='ltr'><strong>nono</strong></span> 
     </span>
    </p>
   </div>
   <div class='ocr_carea' id='block_1_100' title="bbox 1844 3979 3410 4050">
    <p class='ocr_par' dir='ltr' id='par_1_100' title="bbox 1844 3979 3410 4050">
     <span class='ocr_line' id='line_1_102' title="bbox 1844 3979 3410 4050; baseline 0.004 -18"><span class='ocrx_word' id='word_1_780' title='bbox 1844 3979 2295 4033; x_wconf 82' lang='lat' dir='ltr'><strong>anathematismo</strong></span> <span class='ocrx_word' id='word_1_781' title='bbox 2325 3979 2563 4050; x_wconf 88' lang='lat' dir='ltr'><strong>Cyrillus</strong></span> <span class='ocrx_word' id='word_1_782' title='bbox 2589 3982 2733 4035; x_wconf 89' lang='lat' dir='ltr'><strong>dicat</strong></span> <span class='ocrx_word' id='word_1_783' title='bbox 2761 3999 2771 4030; x_wconf 95' lang='lat'><strong>:</strong></span> <span class='ocrx_word' id='word_1_784' title='bbox 2802 3982 2971 4035; x_wconf 89' lang='lat' dir='ltr'><strong>Suum</strong></span> <span class='ocrx_word' id='word_1_785' title='bbox 3006 3984 3210 4037; x_wconf 88' lang='lat' dir='ltr'><strong>habens</strong></span> <span class='ocrx_word' id='word_1_786' title='bbox 3244 3984 3410 4039; x_wconf 84' lang='lat' dir='ltr'><strong>Filius</strong></span> 
     </span>
    </p>
   </div>
   <div class='ocr_carea' id='block_1_101' title="bbox 1845 4074 3410 4145">
    <p class='ocr_par' dir='ltr' id='par_1_101' title="bbox 1845 4074 3410 4145">
     <span class='ocr_line' id='line_1_103' title="bbox 1845 4074 3410 4145; baseline 0.004 -20"><span class='ocrx_word' id='word_1_787' title='bbox 1845 4074 2108 4140; x_wconf 81' lang='lat' dir='ltr'><strong>Spiritum</strong></span> <span class='ocrx_word' id='word_1_788' title='bbox 2144 4081 2416 4135; x_wconf 90' lang='lat' dir='ltr'><strong>sanctum,</strong></span> <span class='ocrx_word' id='word_1_789' title='bbox 2453 4075 2544 4141; x_wconf 89' lang='lat' dir='ltr'><strong>qui</strong></span> <span class='ocrx_word' id='word_1_790' title='bbox 2586 4090 2649 4126; x_wconf 80' lang='lat' dir='ltr'><strong>ex</strong></span> <span class='ocrx_word' id='word_1_791' title='bbox 2709 4079 2828 4142; x_wconf 88' lang='lat' dir='ltr'><strong>ipso</strong></span> <span class='ocrx_word' id='word_1_792' title='bbox 2885 4084 2987 4138; x_wconf 84' lang='lat' dir='ltr'><strong>est,</strong></span> <span class='ocrx_word' id='word_1_793' title='bbox 3034 4085 3089 4129; x_wconf 85' lang='lat' dir='ltr'><strong>et</strong></span> <span class='ocrx_word' id='word_1_794' title='bbox 3143 4077 3245 4145; x_wconf 86' lang='lat' dir='ltr'><strong>ipsi</strong></span> <span class='ocrx_word' id='word_1_795' title='bbox 3281 4079 3410 4132; x_wconf 93' lang='lat' dir='ltr'><strong>sub-</strong></span> 
     </span>
    </p>
   </div>
   <div class='ocr_carea' id='block_1_102' title="bbox 1844 4163 3411 4233">
    <p class='ocr_par' dir='ltr' id='par_1_102' title="bbox 1844 4163 3411 4233">
     <span class='ocr_line' id='line_1_104' title="bbox 1844 4163 3411 4233; baseline 0.003 -16"><span class='ocrx_word' id='word_1_796' title='bbox 1844 4164 2172 4217; x_wconf 82' lang='lat' dir='ltr'><strong>stantialiter</strong></span> <span class='ocrx_word' id='word_1_797' title='bbox 2228 4163 2424 4217; x_wconf 90' lang='lat' dir='ltr'><strong>insitus</strong></span> <span class='ocrx_word' id='word_1_798' title='bbox 2482 4176 2586 4227; x_wconf 87' lang='lat' dir='ltr'><strong>cst,</strong></span> <span class='ocrx_word' id='word_1_799' title='bbox 2641 4165 2823 4217; x_wconf 88' lang='lat' dir='ltr'><strong>divina</strong></span> <span class='ocrx_word' id='word_1_800' title='bbox 2874 4166 3070 4220; x_wconf 84' lang='lat' dir='ltr'><strong>edebat</strong></span> <span class='ocrx_word' id='word_1_801' title='bbox 3112 4170 3411 4233; x_wconf 88' lang='lat' dir='ltr'><strong>miracula;</strong></span> 
     </span>
    </p>
   </div>
   <div class='ocr_carea' id='block_1_103' title="bbox 1846 4252 3413 4327">
    <p class='ocr_par' dir='ltr' id='par_1_103' title="bbox 1846 4252 3413 4327">
     <span class='ocr_line' id='line_1_105' title="bbox 1846 4252 3413 4327; baseline 0.004 -23"><span class='ocrx_word' id='word_1_802' title='bbox 1846 4252 2224 4305; x_wconf 85' lang='lat' dir='ltr'><strong>&#39;l&#39;heodoretus</strong></span> <span class='ocrx_word' id='word_1_803' title='bbox 2263 4252 2332 4304; x_wconf 82' lang='lat' dir='ltr'><strong>ita</strong></span> <span class='ocrx_word' id='word_1_804' title='bbox 2362 4252 2550 4322; x_wconf 74' lang='lat' dir='ltr'><strong>objicit</strong></span> <span class='ocrx_word' id='word_1_805' title='bbox 2583 4270 2596 4307; x_wconf 88' lang='lat'><strong>:</strong></span> <span class='ocrx_word' id='word_1_806' title='bbox 2628 4254 2681 4306; x_wconf 90' lang='lat' dir='ltr'><strong>Si</strong></span> <span class='ocrx_word' id='word_1_807' title='bbox 2719 4263 2777 4306; x_wconf 93' lang='lat' dir='ltr'><strong>ut</strong></span> <span class='ocrx_word' id='word_1_808' title='bbox 2816 4254 2884 4309; x_wconf 87' lang='lat' dir='ltr'><strong>de</strong></span> <span class='ocrx_word' id='word_1_809' title='bbox 2920 4258 3260 4310; x_wconf 84' lang='lat' dir='ltr'><strong>connaturali</strong></span> <span class='ocrx_word' id='word_1_810' title='bbox 3307 4259 3413 4327; x_wconf 79' lang='lat' dir='ltr'><strong>Cy—</strong></span> 
     </span>
    </p>
   </div>
   <div class='ocr_carea' id='block_1_104' title="bbox 1847 4342 3416 4413">
    <p class='ocr_par' dir='ltr' id='par_1_104' title="bbox 1847 4342 3416 4413">
     <span class='ocr_line' id='line_1_106' title="bbox 1847 4342 3416 4413; baseline 0.006 -17"><span class='ocrx_word' id='word_1_811' title='bbox 1847 4342 2003 4397; x_wconf 85' lang='lat' dir='ltr'><strong>rillus</strong></span> <span class='ocrx_word' id='word_1_812' title='bbox 2033 4344 2291 4411; x_wconf 78' lang='lat' dir='ltr'><strong>loquitur,</strong></span> <span class='ocrx_word' id='word_1_813' title='bbox 2323 4354 2374 4398; x_wconf 87' lang='lat' dir='ltr'><strong>et</strong></span> <span class='ocrx_word' id='word_1_814' title='bbox 2400 4347 2725 4413; x_wconf 82' lang='lat' dir='ltr'><strong>procedente</strong></span> <span class='ocrx_word' id='word_1_815' title='bbox 2755 4361 2784 4400; x_wconf 90' lang='lat' dir='ltr'><strong>a</strong></span> <span class='ocrx_word' id='word_1_816' title='bbox 2819 4345 2997 4408; x_wconf 84' lang='lat' dir='ltr'><strong>Patre.</strong></span> <span class='ocrx_word' id='word_1_817' title='bbox 3032 4350 3264 4404; x_wconf 92' lang='lat' dir='ltr'><strong>libenter</strong></span> <span class='ocrx_word' id='word_1_818' title='bbox 3285 4367 3416 4405; x_wconf 88' lang='lat' dir='ltr'><strong>con-</strong></span> 
     </span>
    </p>
   </div>
   <div class='ocr_carea' id='block_1_105' title="bbox 1848 4439 3415 4510">
    <p class='ocr_par' dir='ltr' id='par_1_105' title="bbox 1848 4439 3415 4510">
     <span class='ocr_line' id='line_1_107' title="bbox 1848 4439 3415 4510; baseline 0.006 -21"><span class='ocrx_word' id='word_1_819' title='bbox 1848 4439 2125 4501; x_wconf 88' lang='lat' dir='ltr'><strong>cedcmus,</strong></span> <span class='ocrx_word' id='word_1_820' title='bbox 2168 4449 2221 4491; x_wconf 89' lang='lat' dir='ltr'><strong>et</strong></span> <span class='ocrx_word' id='word_1_821' title='bbox 2246 4439 2451 4493; x_wconf 87' lang='lat' dir='ltr'><strong>dictum</strong></span> <span class='ocrx_word' id='word_1_822' title='bbox 2496 4440 2821 4509; x_wconf 88' lang='lat' dir='ltr'><strong>recipiemus</strong></span> <span class='ocrx_word' id='word_1_823' title='bbox 2849 4451 2906 4495; x_wconf 93' lang='lat' dir='ltr'><strong>ut</strong></span> <span class='ocrx_word' id='word_1_824' title='bbox 2957 4442 3144 4510; x_wconf 82' lang='lat' dir='ltr'><strong>pium:</strong></span> <span class='ocrx_word' id='word_1_825' title='bbox 3179 4445 3222 4497; x_wconf 91' lang='lat' dir='ltr'><strong>si</strong></span> <span class='ocrx_word' id='word_1_826' title='bbox 3286 4460 3415 4498; x_wconf 88' lang='lat' dir='ltr'><strong>vero</strong></span> 
     </span>
    </p>
   </div>
   <div class='ocr_carea' id='block_1_106' title="bbox 1847 4525 3411 4600">
    <p class='ocr_par' dir='ltr' id='par_1_106' title="bbox 1847 4525 3411 4600">
     <span class='ocr_line' id='line_1_108' title="bbox 1847 4525 3411 4600; baseline 0.006 -24"><span class='ocrx_word' id='word_1_827' title='bbox 1847 4525 1919 4577; x_wconf 90' lang='lat' dir='ltr'><strong>ita</strong></span> <span class='ocrx_word' id='word_1_828' title='bbox 1957 4526 2216 4593; x_wconf 89' lang='lat' dir='ltr'><strong>loquitur,</strong></span> <span class='ocrx_word' id='word_1_829' title='bbox 2242 4529 2385 4595; x_wconf 91' lang='lat' dir='ltr'><strong>quod</strong></span> <span class='ocrx_word' id='word_1_830' title='bbox 2411 4529 2641 4596; x_wconf 85' lang='lat' dir='ltr'><strong>Spiritus</strong></span> <span class='ocrx_word' id='word_1_831' title='bbox 2670 4545 2735 4583; x_wconf 82' lang='lat' dir='ltr'><strong>ex</strong></span> <span class='ocrx_word' id='word_1_832' title='bbox 2771 4529 2930 4595; x_wconf 82' lang='lat' dir='ltr'><strong>Filio,</strong></span> <span class='ocrx_word' id='word_1_833' title='bbox 2962 4535 3073 4585; x_wconf 77' lang='lat' dir='ltr'><strong>sive</strong></span> <span class='ocrx_word' id='word_1_834' title='bbox 3097 4549 3193 4600; x_wconf 81' lang='lat' dir='ltr'><strong>per</strong></span> <span class='ocrx_word' id='word_1_835' title='bbox 3216 4532 3411 4587; x_wconf 86' lang='lat' dir='ltr'><strong>Filium</strong></span> 
     </span>
    </p>
   </div>
   <div class='ocr_carea' id='block_1_107' title="bbox 1844 4618 3410 4693">
    <p class='ocr_par' dir='ltr' id='par_1_107' title="bbox 1844 4618 3410 4693">
     <span class='ocr_line' id='line_1_109' title="bbox 1844 4618 3410 4693; baseline 0.007 -24"><span class='ocrx_word' id='word_1_836' title='bbox 1844 4618 2092 4680; x_wconf 81' lang='lat' dir='ltr'><strong>exsistat.</strong></span> <span class='ocrx_word' id='word_1_837' title='bbox 2137 4621 2489 4688; x_wconf 89' lang='lat' dir='ltr'><strong>projiciemus</strong></span> <span class='ocrx_word' id='word_1_838' title='bbox 2521 4629 2582 4675; x_wconf 89' lang='lat' dir='ltr'><strong>ut</strong></span> <span class='ocrx_word' id='word_1_839' title='bbox 2633 4623 3011 4690; x_wconf 87' lang='lat' dir='ltr'><strong>blasphemum</strong></span> <span class='ocrx_word' id='word_1_840' title='bbox 3045 4635 3100 4677; x_wconf 90' lang='lat' dir='ltr'><strong>et</strong></span> <span class='ocrx_word' id='word_1_841' title='bbox 3162 4625 3410 4693; x_wconf 90' lang='lat' dir='ltr'><strong>impium.</strong></span> 
     </span>
    </p>
   </div>
   <div class='ocr_carea' id='block_1_108' title="bbox 1846 4708 3415 4767">
    <p class='ocr_par' dir='ltr' id='par_1_108' title="bbox 1846 4708 3415 4767">
     <span class='ocr_line' id='line_1_110' title="bbox 1846 4708 3415 4767; baseline 0.003 -7"><span class='ocrx_word' id='word_1_842' title='bbox 1846 4708 2106 4763; x_wconf 82' lang='lat' dir='ltr'><strong>Eccetibi</strong></span> <span class='ocrx_word' id='word_1_843' title='bbox 2142 4710 2427 4765; x_wconf 82' lang='lat' dir='ltr'><strong>manifeste</strong></span> <span class='ocrx_word' id='word_1_844' title='bbox 2482 4712 2854 4766; x_wconf 80' lang='lat' dir='ltr'><strong>relormidavit</strong></span> <span class='ocrx_word' id='word_1_845' title='bbox 2913 4711 3292 4767; x_wconf 83' lang='lat' dir='ltr'><strong>&#39;l‘heodoretus</strong></span> <span class='ocrx_word' id='word_1_846' title='bbox 3330 4715 3415 4767; x_wconf 90' lang='lat' dir='ltr'><strong>di-</strong></span> 
     </span>
    </p>
   </div>
   <div class='ocr_carea' id='block_1_109' title="bbox 1844 4800 3391 4871">
    <p class='ocr_par' dir='ltr' id='par_1_109' title="bbox 1844 4800 3391 4871">
     <span class='ocr_line' id='line_1_111' title="bbox 1844 4800 3391 4871; baseline 0.001 -19"><span class='ocrx_word' id='word_1_847' title='bbox 1844 4814 1966 4852; x_wconf 85' lang='lat' dir='ltr'><strong>cere</strong></span> <span class='ocrx_word' id='word_1_848' title='bbox 1987 4808 2041 4851; x_wconf 89' lang='lat' dir='ltr'><strong>et</strong></span> <span class='ocrx_word' id='word_1_849' title='bbox 2074 4816 2166 4864; x_wconf 83' lang='lat' dir='ltr'><strong>per</strong></span> <span class='ocrx_word' id='word_1_850' title='bbox 2187 4809 2239 4851; x_wconf 92' lang='lat' dir='ltr'><strong>et</strong></span> <span class='ocrx_word' id='word_1_851' title='bbox 2269 4817 2351 4864; x_wconf 74' lang='lat' dir='ltr'><strong>ex,</strong></span> <span class='ocrx_word' id='word_1_852' title='bbox 2386 4800 2436 4852; x_wconf 91' lang='lat' dir='ltr'><strong>in</strong></span> <span class='ocrx_word' id='word_1_853' title='bbox 2476 4803 2831 4869; x_wconf 88' lang='lat' dir='ltr'><strong>processione</strong></span> <span class='ocrx_word' id='word_1_854' title='bbox 2890 4802 3128 4871; x_wconf 78' lang='lat' dir='ltr'><strong>Spiritus</strong></span> <span class='ocrx_word' id='word_1_855' title='bbox 3192 4818 3221 4856; x_wconf 87' lang='lat' dir='ltr'><strong>a</strong></span> <span class='ocrx_word' id='word_1_856' title='bbox 3254 4804 3391 4857; x_wconf 74' lang='lat' dir='ltr'><strong>Ftiitt</strong></span> 
     </span>
    </p>
   </div>
   <div class='ocr_carea' id='block_1_110' title="bbox 1841 4892 3414 4963">
    <p class='ocr_par' dir='ltr' id='par_1_110' title="bbox 1841 4892 3414 4963">
     <span class='ocr_line' id='line_1_112' title="bbox 1841 4892 3414 4963; baseline 0.003 -18"><span class='ocrx_word' id='word_1_857' title='bbox 1841 4892 1977 4945; x_wconf 89' lang='lat' dir='ltr'><strong>Cum</strong></span> <span class='ocrx_word' id='word_1_858' title='bbox 2013 4893 2155 4945; x_wconf 89' lang='lat' dir='ltr'><strong>enim</strong></span> <span class='ocrx_word' id='word_1_859' title='bbox 2212 4893 2299 4945; x_wconf 89' lang='lat' dir='ltr'><strong>ille</strong></span> <span class='ocrx_word' id='word_1_860' title='bbox 2361 4904 2581 4959; x_wconf 72' lang='lat' dir='ltr'><strong>negaret</strong></span> <span class='ocrx_word' id='word_1_861' title='bbox 2639 4895 2862 4947; x_wconf 87' lang='lat' dir='ltr'><strong>omnino</strong></span> <span class='ocrx_word' id='word_1_862' title='bbox 2912 4894 3173 4963; x_wconf 73' lang='lat' dir='ltr'><strong>Spivitum</strong></span> <span class='ocrx_word' id='word_1_863' title='bbox 3214 4911 3333 4949; x_wconf 86' lang='lat' dir='ltr'><strong>esse</strong></span> <span class='ocrx_word' id='word_1_864' title='bbox 3384 4912 3414 4949; x_wconf 87' lang='lat' dir='ltr'><strong>a</strong></span> 
     </span>
    </p>
   </div>
   <div class='ocr_carea' id='block_1_111' title="bbox 1844 4984 3412 5055">
    <p class='ocr_par' dir='ltr' id='par_1_111' title="bbox 1844 4984 3412 5055">
     <span class='ocr_line' id='line_1_113' title="bbox 1844 4984 3412 5055; baseline 0.004 -19"><span class='ocrx_word' id='word_1_865' title='bbox 1844 4984 2003 5047; x_wconf 87' lang='lat' dir='ltr'><strong>Filio,</strong></span> <span class='ocrx_word' id='word_1_866' title='bbox 2037 4986 2197 5037; x_wconf 88' lang='lat' dir='ltr'><strong>sicuti</strong></span> <span class='ocrx_word' id='word_1_867' title='bbox 2224 4987 2431 5053; x_wconf 74' lang='lat' dir='ltr'><strong>negatis</strong></span> <span class='ocrx_word' id='word_1_868' title='bbox 2468 4998 2520 5038; x_wconf 89' lang='lat' dir='ltr'><strong>et</strong></span> <span class='ocrx_word' id='word_1_869' title='bbox 2552 5000 2645 5039; x_wconf 75' lang='lat' dir='ltr'><strong>vos</strong></span> <span class='ocrx_word' id='word_1_870' title='bbox 2676 5004 2688 5051; x_wconf 89' lang='lat'><strong>;</strong></span> <span class='ocrx_word' id='word_1_871' title='bbox 2730 5003 2904 5055; x_wconf 85' lang='lat' dir='ltr'><strong>neque</strong></span> <span class='ocrx_word' id='word_1_872' title='bbox 2941 5003 3001 5041; x_wconf 75' lang='lat' dir='ltr'><strong>ex</strong></span> <span class='ocrx_word' id='word_1_873' title='bbox 3029 4988 3192 5051; x_wconf 84' lang='lat' dir='ltr'><strong>Filio,</strong></span> <span class='ocrx_word' id='word_1_874' title='bbox 3238 5004 3412 5055; x_wconf 85' lang='lat' dir='ltr'><strong>neque</strong></span> 
     </span>
    </p>
   </div>
   <div class='ocr_carea' id='block_1_112' title="bbox 1844 5072 3410 5143">
    <p class='ocr_par' dir='ltr' id='par_1_112' title="bbox 1844 5072 3410 5143">
     <span class='ocr_line' id='line_1_114' title="bbox 1844 5072 3410 5143; baseline -0.001 -15"><span class='ocrx_word' id='word_1_875' title='bbox 1844 5090 1941 5143; x_wconf 84' lang='lat' dir='ltr'><strong>per</strong></span> <span class='ocrx_word' id='word_1_876' title='bbox 1983 5073 2180 5126; x_wconf 88' lang='lat' dir='ltr'><strong>Filium</strong></span> <span class='ocrx_word' id='word_1_877' title='bbox 2238 5074 2480 5125; x_wconf 86' lang='lat' dir='ltr'><strong>admisit.</strong></span> <span class='ocrx_word' id='word_1_878' title='bbox 2531 5072 2636 5127; x_wconf 86' lang='lat' dir='ltr'><strong>Vus</strong></span> <span class='ocrx_word' id='word_1_879' title='bbox 2681 5082 2863 5127; x_wconf 83' lang='lat' dir='ltr'><strong>autent</strong></span> <span class='ocrx_word' id='word_1_880' title='bbox 2901 5074 3145 5128; x_wconf 83' lang='lat' dir='ltr'><strong>fatemini</strong></span> <span class='ocrx_word' id='word_1_881' title='bbox 3193 5074 3410 5143; x_wconf 86' lang='lat' dir='ltr'><strong>quidem</strong></span> 
     </span>
    </p>
   </div>
   <div class='ocr_carea' id='block_1_113' title="bbox 1845 5165 3412 5235">
    <p class='ocr_par' dir='ltr' id='par_1_113' title="bbox 1845 5165 3412 5235">
     <span class='ocr_line' id='line_1_115' title="bbox 1845 5165 3412 5235; baseline 0.001 -20"><span class='ocrx_word' id='word_1_882' title='bbox 1845 5183 1936 5235; x_wconf 78' lang='lat' dir='ltr'><strong>per</strong></span> <span class='ocrx_word' id='word_1_883' title='bbox 1963 5165 2160 5218; x_wconf 83' lang='lat' dir='ltr'><strong>Filium</strong></span> <span class='ocrx_word' id='word_1_884' title='bbox 2190 5183 2203 5228; x_wconf 94' lang='lat'><strong>;</strong></span> <span class='ocrx_word' id='word_1_885' title='bbox 2239 5180 2301 5218; x_wconf 83' lang='lat' dir='ltr'><strong>ex</strong></span> <span class='ocrx_word' id='word_1_886' title='bbox 2325 5165 2462 5219; x_wconf 88' lang='lat' dir='ltr'><strong>Filio</strong></span> <span class='ocrx_word' id='word_1_887' title='bbox 2494 5182 2639 5227; x_wconf 86' lang='lat' dir='ltr'><strong>vero,</strong></span> <span class='ocrx_word' id='word_1_888' title='bbox 2680 5181 2744 5217; x_wconf 89' lang='lat' dir='ltr'><strong>ne</strong></span> <span class='ocrx_word' id='word_1_889' title='bbox 2788 5166 3010 5219; x_wconf 82' lang='lat' dir='ltr'><strong>auribus</strong></span> <span class='ocrx_word' id='word_1_890' title='bbox 3055 5166 3271 5234; x_wconf 85' lang='lat' dir='ltr'><strong>quidem</strong></span> <span class='ocrx_word' id='word_1_891' title='bbox 3324 5179 3412 5217; x_wconf 86' lang='lat' dir='ltr'><strong>ac-</strong></span> 
     </span>
    </p>
   </div>
   <div class='ocr_carea' id='block_1_114' title="bbox 1843 5256 3409 5326">
    <p class='ocr_par' dir='ltr' id='par_1_114' title="bbox 1843 5256 3409 5326">
     <span class='ocr_line' id='line_1_116' title="bbox 1843 5256 3409 5326; baseline -0.002 -15"><span class='ocrx_word' id='word_1_892' title='bbox 1843 5258 2021 5326; x_wconf 78' lang='lat' dir='ltr'><strong>cipere</strong></span> <span class='ocrx_word' id='word_1_893' title='bbox 2052 5257 2333 5325; x_wconf 87' lang='lat' dir='ltr'><strong>patimini;</strong></span> <span class='ocrx_word' id='word_1_894' title='bbox 2381 5257 2473 5310; x_wconf 86' lang='lat' dir='ltr'><strong>sed</strong></span> <span class='ocrx_word' id='word_1_895' title='bbox 2525 5259 2661 5309; x_wconf 82' lang='lat' dir='ltr'><strong>heus</strong></span> <span class='ocrx_word' id='word_1_896' title='bbox 2700 5266 2776 5321; x_wconf 91' lang='lat' dir='ltr'><strong>tu,</strong></span> <span class='ocrx_word' id='word_1_897' title='bbox 2805 5258 2957 5325; x_wconf 75' lang='lat' dir='ltr'><strong>juxta</strong></span> <span class='ocrx_word' id='word_1_898' title='bbox 3010 5256 3409 5311; x_wconf 82' lang='lat' dir='ltr'><strong>Thcodoretnm</strong></span> 
     </span>
    </p>
   </div>
   <div class='ocr_carea' id='block_1_115' title="bbox 1846 5345 3407 5417">
    <p class='ocr_par' dir='ltr' id='par_1_115' title="bbox 1846 5345 3407 5417">
     <span class='ocr_line' id='line_1_117' title="bbox 1846 5345 3407 5417; baseline -0.004 -14"><span class='ocrx_word' id='word_1_899' title='bbox 1846 5350 1983 5403; x_wconf 88' lang='lat' dir='ltr'><strong>idetn</strong></span> <span class='ocrx_word' id='word_1_900' title='bbox 2011 5349 2298 5417; x_wconf 74' lang='lat' dir='ltr'><strong>signiﬁcat.</strong></span> <span class='ocrx_word' id='word_1_901' title='bbox 2333 5346 2486 5411; x_wconf 84' lang='lat' dir='ltr'><strong>Quod</strong></span> <span class='ocrx_word' id='word_1_902' title='bbox 2519 5362 2643 5401; x_wconf 80' lang='lat' dir='ltr'><strong>vero</strong></span> <span class='ocrx_word' id='word_1_903' title='bbox 2695 5362 2790 5414; x_wconf 86' lang='lat' dir='ltr'><strong>per</strong></span> <span class='ocrx_word' id='word_1_904' title='bbox 2848 5346 3043 5399; x_wconf 77' lang='lat' dir='ltr'><strong>Filium</strong></span> <span class='ocrx_word' id='word_1_905' title='bbox 3106 5345 3407 5407; x_wconf 77' lang='lat' dir='ltr'><strong>fateannnt,</strong></span> 
     </span>
    </p>
   </div>
   <div class='ocr_carea' id='block_1_116' title="bbox 1846 5438 3398 5509">
    <p class='ocr_par' dir='ltr' id='par_1_116' title="bbox 1846 5438 3398 5509">
     <span class='ocr_line' id='line_1_118' title="bbox 1846 5438 3398 5509; baseline -0.003 -16"><span class='ocrx_word' id='word_1_906' title='bbox 1846 5442 2212 5495; x_wconf 65' lang='lat' dir='ltr'><strong>Damasreuus</strong></span> <span class='ocrx_word' id='word_1_907' title='bbox 2243 5440 2415 5509; x_wconf 77' lang='lat' dir='ltr'><strong>capite</strong></span> <span class='ocrx_word' id='word_1_908' title='bbox 2444 5451 2638 5492; x_wconf 74' lang='lat' dir='ltr'><strong>octavo</strong></span> <span class='ocrx_word' id='word_1_909' title='bbox 2664 5447 2717 5492; x_wconf 91' lang='lat' dir='ltr'><strong>ct</strong></span> <span class='ocrx_word' id='word_1_910' title='bbox 2744 5448 2901 5492; x_wconf 78' lang='lat' dir='ltr'><strong>lCl‘llO</strong></span> <span class='ocrx_word' id='word_1_911' title='bbox 2934 5438 3147 5493; x_wconf 69' lang='lat' dir='ltr'><strong>detimo</strong></span> <span class='ocrx_word' id='word_1_912' title='bbox 3180 5438 3254 5508; x_wconf 84' lang='lat' dir='ltr'><strong>(l)</strong></span> <span class='ocrx_word' id='word_1_913' title='bbox 3293 5452 3398 5505; x_wconf 73' lang='lat' dir='ltr'><strong>per-</strong></span> 
     </span>
    </p>
   </div>
  </div>
