4164 6426
197 308 326 379 1077

1244 325 1669 383 REFUT.\'I‘10
1701 327 1751 382 Μ
1766 326 1940 384 ARCI
1981 326 2368 390 EPt-IESINI.

3266 331 3403 395 £078

194 426 393 494 ψυχρὸς
440 426 537 490 ῶν,
566 425 688 479 οὔτε
726 428 925 496 θερμός
954 446 969 460 ·
1027 433 1119 483 καὶ
1177 430 1268 483 διὰ
1312 432 1472 485 τοῦτο
1515 435 1745 504 ἐμίσησέ

1853 433 2061 487 calidus
2138 452 2328 501 esses;
2386 446 2603 506 preptcr
2688 440 2835 508 quod
2930 428 3082 509 juxta
3138 442 3399 499 Joannem

198 535 253 568 σε
283 517 414 580 Θεὸς
443 520 592 571 κατὰ
613 519 702 570 τὸν
736 521 993 591 Ἰωάννην
1030 524 1086 574 ἐν
1128 526 1192 593 τῇ
1231 523 1619 595 ’Λπῡκαλύψεῃ
1651 529 1745 580 καὶ

194 608 412 677 ἑξέμεσέ
451 626 507 661 σε
531 624 544 638 ⁶
576 610 637 661 τὸ
664 610 773 680 γὰρ
812 612 1261 683 άμφοτεροδέξιον
1308 615 1581 684 ὑπόδημα,
1610 619 1745 685 ὅπερ

196 702 340 751 ἐστὶν
384 701 412 752 ό
458 700 733 771 κόθορνος,
772 705 1012 774 ἐκατέρῳ
1041 706 1161 758 ποδὶ
1208 708 1428 778 άχρεῖόν
1470 711 1607 764 ἐστι.
1636 710 1744 762 Καὶ

196 791 257 841 σὺ
299 792 477 844 τοίνυν
520 792 822 862 παρόμοιος
866 798 930 864 τῇ
976 795 1113 862 λέξει
1165 799 1259 852 καὶ
1300 804 1368 871 τῇ
1410 802 1621 871 ἐπινοίᾳ
1652 819 1744 854 σου

192 882 360 955 ταύτῃ
417 885 713 957 ὑπάρχων,
778 890 993 959 ἀχρεῖος
1055 894 1242 958 ἔδοξας
1290 897 1401 956 τοῖς
1460 890 1747 966 ὲχέφροσιν

194 974 249 1023 ἐν
296 976 625 1047 ἀμφοτέροις
680 982 792 1043 τοῖς
856 982 1191 1052 μέρεσιν.οξ
1250 984 1306 1038 δὲ
1362 987 1495 1055 ίεροὶ
1550 989 1747 1040 ἐκεῖνοι

194 1066 284 1115 καὶ
337 1066 468 1119 θεῖοι
529 1069 722 1139 ἄνδρες
777 1074 845 1123 τὰ
908 1075 1049 1144 ῥητὰ
1101 1075 1278 1138 καλῶς
1332 1079 1745 1145 ἐρευνήσαντες,

193 1158 257 1208 ἐκ
294 1159 388 1211 τοῦ
439 1160 566 1213 Υίοῦ
624 1164 916 1232 προφανῶς
964 1166 1209 1234 λέγοντα,
1240 1169 1299 1220 τὸ
1351 1168 1406 1220 δὲ
1456 1170 1517 1221 ὲκ
1581 1170 1745 1237 μόνου

191 1250 286 1302 τοῦ
352 1252 561 1320 Πατρός
623 1255 899 1319 παντελῶς
964 1259 1444 1327 ἀπηγορευμένον,
1500 1259 1747 1323 ἐδέξαντο

189 1343 315 1403 τοὺς
348 1343 535 1409 ἁγίους
579 1346 666 1396 καὶ
696 1344 791 1407 τὰς
840 1348 1014 1411 αὐτῶν
1058 1348 1263 1417 φωνάς,
1290 1352 1381 1403 καὶ
1418 1350 1517 1420 τὴν
1548 1349 1742 1404 ἕνωσιν

190 1431 377 1484 λοιπὸν
436 1433 659 1496 εἰκότως
710 1437 1195 1506 ἐπραγματεύοντο
1239 1441 1479 1503 εὐσεϐῶς
1533 1458 1591 1493 τε
1652 1441 1748 1494 καὶ⁸

190 1522 449 1584 εὐλαϐῶς.

878 1623 1066 1677 ΕΦΕΣ.

263 1711 372 1763 Καὶ
416 1712 478 1781 δή
528 1723 584 1767 ἐι
624 1715 900 1780 συνθέντες
956 1717 1303 1785 γραμμάτιον
1353 1715 1579 1773 τοιαῦτά
1624 1735 1745 1772 τινα

1847 523 1900 576 in
1959 524 2275 595 Apocalypsi
2332 526 2473 581 Deus
2553 527 2675 581 odio
2766 537 2816 583 te
2892 531 3082 585 habuit
3162 544 3214 586 et
3280 550 3405 589 evo-

1849 615 2001 680 muit,
2038 617 2430 671 ambidextrum
2456 618 2599 672 enim
2654 619 3098 688 calceamentum,
3145 625 3290 693 quod
3323 640 3406 678 es:

1847 707 2151 763 cothurnus
2181 710 2399 779 utrique
2434 713 2553 781 pedi
2580 714 2771 769 inutile
2788 724 2890 770 est.
2920 714 2997 769 Tu
3034 732 3250 786 quoque
3275 733 3397 771 eum

1847 797 1924 852 sis
1959 797 2074 850 voci
2106 798 2232 851 huic
2259 815 2420 868 quam
2467 788 2764 871 usurpasti,
2819 812 2871 857 et
2904 805 2981 857 rei
3017 819 3177 873 quam
3224 809 3403 873 expri-

1848 903 1997 943 mere
2024 890 2261 956 volnisti,
2294 907 2398 946 non
2426 893 2710 957 absimilis,
2763 896 2909 950 visus
2933 895 3219 964 esjudicio
3274 912 3396 966 pru-

1848 980 2070 1033 dentum
2104 982 2316 1048 utrique
2343 984 2479 1051 parti
2523 984 2751 1038 inutilis.
2786 987 2851 1037 At
2875 1002 3000 1040 vero
3033 989 3171 1042 sacri
3230 988 3305 1042 illi
3344 1003 3407 1042 ac

1848 1071 2015 1125 divini
2047 1072 2144 1125 viri
2174 1072 2311 1125 dicta
2339 1074 2527 1128 scdulo
2552 1075 2894 1143 perscrutati,
2937 1078 2992 1130 in
3030 1079 3229 1147 quibus
3266 1079 3407 1132 dilu-

1848 1164 1966 1216 cide
1995 1164 2277 1227 asseritur,
2307 1164 2568 1233 Spiritum
2588 1182 2710 1220 esse
2760 1181 2823 1221 ex
2852 1167 3005 1241 Filio,
3038 1184 3103 1223 ex
3137 1171 3251 1224 solo
3280 1186 3407 1224 vero

1849 1254 2007 1307 Patre
2040 1255 2264 1307 omnino
2286 1256 2563 1324 rejicitur;
2586 1267 2805 1311 sanctos
2848 1268 2897 1313 et
2943 1275 3101 1315 voces
3131 1276 3315 1315 eorum
3351 1272 3409 1317 ut

1849 1358 2133 1411 germanas
2160 1344 2538 1411 admiserunt;
2596 1362 2659 1401 ac
2682 1349 3076 1419 deincepsjure
3108 1351 3174 1406 de
3219 1355 3406 1408 conci-

1850 1434 2030 1489 lianda
2059 1450 2191 1503 pace
2222 1437 2309 1505 pie
2333 1451 2395 1489 ac
2427 1437 2677 1507 religiose
2717 1440 2967 1509 agebant.

2519 1615 2554 1667 li
2564 1614 2756 1670 PHES.

1919 1700 2108 1771 Itaque
2178 1703 2416 1758 libellum
2467 1708 2852 1774 conscribunt,
2904 1710 3042 1764 dicta
3098 1714 3403 1781 huiusmodi

190 1777 478 1870 περιέχον,
524 1804 621 1873 τήν
685 1777 909 1859 ἐκείνων
1070 1777 1239 1870 ’δόξαν
1294 1808 1442 1873 ὅμως
1492 1807 1744 1877 καθαρῶς

1852 1793 2241 1859 continentem,
2272 1795 2493 1850 illorum
2519 1806 2693 1853 tamen
2724 1804 3050 1857 sententiam
3104 1806 3262 1873 plant:
3316 1828 3407 1863 cx-

189 1891 559 1961 éxttetpevov,
610 1896 997 1961 ἐξαπέστειλαν
1053 1898 1258 1959 αὐτοῖς,
1291 1900 1363 1961 ὡς
1422 1899 1509 1951 διὰ
1553 1901 1744 1952 τούτου

1849 1894 2175 1954 ponentem;
2212 1897 2266 1940 et
2296 1889 2517 1941 mittunt
2551 1891 2616 1943 ad
2646 1905 2761 1956 eos,
2793 1894 2947 1962 quasi
2982 1910 3075 1964 per
3105 1896 3256 1951 illum
3277 1916 3408 1953 con-

188 1981 287 2048 τὴν
326 1982 519 2036 ἕνωσιν
545 1987 913 2056 ποιησόμενοι.
948 1989 1070 2051 Τοῖς
1097 1989 1151 2041 δὲ
1181 1990 1281 2041 οὐκ
1318 1989 1540 2041 ἀνεκτὸν
1575 1990 1745 2042 ἐδόκει

1852 1977 2125 2047 iungendi.
2157 1976 2351 2032 Verum
2390 1978 2466 2034 illi
2495 1982 2642 2036 nullo
2674 1984 2833 2039 modo
2856 1986 3110 2043 volebant
3158 1990 3398 2045 libellum

187 2073 251 2125 τὸ
290 2076 637 2145 γραμμάτιον
686 2078 940 2143 δέξασθαι
984 2081 1154 2149 χωρὶς
1192 2080 1511 2145 ἐξετάσεως,
1547 2082 1664 2134 ἀλλ’
1713 2082 1745 2151 ἦ

190 2164 330 2232 πρὸς
376 2167 673 2236 ἀπολογίαν
716 2168 913 2234 αὐτοὺς
962 2169 1392 2240 προύκαλοῦντο,
1428 2171 1519 2225 καὶ
1566 2171 1748 2231 λύσεις

190 2256 301 2309 τῶν
335 2252 864 2332 ἀμφισϐητουμένων
909 2263 1103 2331 φωνῶν
1149 2265 1208 2315 ἐν
1257 2264 1336 2335 τῷ
1367 2256 1676 2334 γράμματι,
1715 2264 1746 2333 ἢ

190 2343 252 2394 τὸ
298 2344 497 2399 οἰκεῖον
539 2347 797 2412 δέξασθαι
844 2350 1197 2421 παρηγγύων,
1229 2352 1365 2424 ὅπερ
1415 2352 1568 2406 αὐτοὶ
1612 2354 1748 2420 φθά-

193 2447 386 2494 σαντες
448 2435 871 2499 ἐξαπέστειλαν·
920 2436 990 2511 ἧν
1039 2442 1096 2495 δὲ
1156 2443 1331 2496 ἐκεῖνο
1394 2444 1750 2516 συμφώνησις

193 2523 464 2595 παντελὴς
503 2530 629 2598 περὶ
661 2530 722 2581 τὸ
760 2531 936 2601 δόγμα
962 2533 1209 2586 Λατίνων
1246 2552 1305 2587 τε
1338 2536 1432 2589 καὶ
1473 2537 1745 2607 Γραικῶν,

194 2614 287 2664 καὶ
322 2616 575 2685 ὁμολογία
612 2619 705 2672 τοῦ
748 2624 840 2674 καὶ
882 2624 945 2676 ἐκ
994 2622 1087 2678 τοῦ
1138 2624 1267 2679 Υίοῦ
1308 2627 1367 2680 τὸ
1413 2628 1637 2696 Πνεῦμα
1690 2630 1748 2682 τὸ

193 2704 349 2769 ἆγιον
385 2708 800 2778 ἐκπορεύεσθαι.

878 2804 1088 2859 ΑΠΟΔ.

268 2887 620 2958 Γραμμάτιον
644 2891 932 2947 ἀπέδωκαν
971 2894 1021 2947 οί
1052 2894 1305 2967 ἡμέτεροι
1326 2899 1395 2951 τὰ
1427 2899 1535 2952 τῶν
1581 2902 1750 2969 ἁγίων

195 2979 339 3061 ῥητά
369 2979 795 3064 συμόιὸαζοντεις
827 2984 965 3038 κατὰ
994 2984 1092 3055 τὴν
1122 2986 1219 3039 τοῦ
1247 2988 1500 3059 Μαξίμου
1545 2992 1747 3063 φωνὴν,

192 3070 333 3136 ὅπερ
364 3072 686 3124 ἀπέστειλαν
716 3075 849 3140 πρὸς
873 3078 965 3128 τὸν
987 3077 1153 3147 ἄκρον
1177 3081 1458 3150 ἀρχιερέα,
1484 3085 1749 3151 πρότερον

191 3161 354 3213 τοῦτο
379 3162 715 3232 ζητήσαντες
742 3171 894 3236 παρὰ
926 3168 1027 3237 τῆς
1066 3170 1385 3242 Ῥωμαῖκῆς
1425 3174 1750 3245 Ἑκκλησίας
1778 3161 1803 3200 ⁸

191 3252 512 3319 ἐγγράφως,
552 3254 657 3328 τίνι
703 3257 889 3326 τρόπῳ
943 3259 1233 3330 γενήσεται
1263 3264 1291 3315 ὁ
1318 3263 1464 3332 ὅρος,
1508 3267 1601 3316 καὶ
1635 3267 1749 3329 πῶς

188 3343 252 3392 sb
305 3342 477 3409 δόγμα
509 3345 567 3396 ἐν
618 3346 768 3414 αὺτῴ
820 3351 1231 3419 ἐγγραφήσεται
1258 3368 1271 3383 ⁸
1302 3354 1438 3424 ὅπερ
1481 3360 1751 3425 ποιήσασα

190 3433 479 3486 ἀπέστειλε
515 3439 624 3497 τοῖς
668 3437 961 3505 Γραικοῐς’
1022 3440 1072 3493 οἶ
1115 3442 1371 3506 λαὸόντες
1416 3445 1589 3512 ἔγνων
1623 3449 1753 3500 αύτὸ

190 3524 446 3591 φανερῶς
480 3524 634 3593 λέγον
663 3526 724 3579 τὸ
756 3529 978 3600 Πιεῦμα
1004 3532 1063 3583 τὸ
1089 3534 1243 3601 ἆγιον
1269 3536 1361 3588 καὶ
1386 3539 1449 3589 ἐκ
1480 3540 1570 3589 τοῦ
1600 3540 1751 3594 Υίοῦ.

190 3611 309 3666 Εἶτ’
344 3614 586 3685 ἔγραψαν
622 3620 715 3673 καὶ
747 3620 901 3674 αὐτοὶ
920 3622 1167 3690 λέγοντες
1188 3640 1201 3657 ο
1236 3627 1295 3679 Εἰ
1339 3629 1432 3681 καὶ
1465 3628 1660 3683 ἔστιτὸ
1689 3633 1753 3684 ἐκ

186 3704 287 3755 τι]
321 3706 447 3757 Υἰοῦ
483 3708 678 3761 ταυτὸν
728 3710 806 3777 τῷ
842 3712 931 3764 διὰ
971 3714 1065 3764 τοῦ
1103 3714 1255 3781 Υίοῦ,
1290 3720 1382 3770 καὶ
1430 3720 1491 3771 τὸ
1521 3720 1607 3771 διὰ
1654 3722 1748 3773 τοῦ

188 3797 328 3849 Υἱοῦ
353 3800 544 3851 ταυτὸν
585 3803 662 3870 τῷ
712 3803 773 3853 ἐκ
822 3803 915 3857 τοῦ
948 3804 1095 3869 Υίοῦ,
1133 3807 1314 3870 καθὼς
1342 3810 1497 3878 ὑμεῖς
1539 3813 1749 3865 ἀπεδώ-

186 3905 345 3950 κατε,
381 3891 525 3957 ὅμως
581 3894 741 3960 ἡμεῖς
792 3895 1160 3966 ὁμολογοῦμεν
1214 3900 1294 3951 ὅτι
1334 3902 1394 3951 τὸ
1437 3902 1657 3970 Πνεῦμα
1691 3904 1753 3955 τὸ

184 3982 346 4043 ἆγισν
378 3982 439 4033 ἐκ
469 3982 560 4034 τοῦ
597 3984 805 4053 [ἰατρὸς
835 3987 921 4038 διὰ
949 3987 1043 4039 τοῦ
1089 3988 1218 4041 Υἱοῦ
1254 3991 1439 4055 άῖδίως
1471 3993 1645 4049 ἐστίν.
1688 3995 1754 4048 Ἦ

204 4074 493 4145 Ῥωμαικὴ
538 4071 630 4128 οὖν
671 4076 965 4148 Ἐκκλησία
994 4080 1094 4131 οὐκ
1120 4081 1352 4150 ἠθέλησε
1398 4083 1458 4136 τὸ
1496 4088 1755 4156 γραμμά-

182 4182 309 4217 τιον
337 4166 590 4229 δέξασθαι
620 4171 789 4238 χωρὶς
819 4170 1139 4238 ἐξετάσεως,
1159 4173 1273 4224 ἀλλ’
1299 4174 1481 4242 ἔλεγεν
1502 4191 1517 4207 ο
1561 4178 1754 4247 Ἡμεῖς

183 4260 251 4309 οὐ
286 4257 585 4326 βουλόμεθα
607 4257 805 4311 ἐνωσιν
834 4262 1224 4332 πεπλασμένην
1252 4266 1608 4332 ποιήσασθαι,
1633 4270 1754 4322 οὐδὲ

182 4352 325 4413 τοὺς
356 4351 628 4419 Γραικοὺς
663 4352 890 4433 θέλομεν
938 4355 1058 4423 μεθ’
1111 4355 1267 4425 ήμῶν
1305 4358 1571 4427 ἐνωθῆναι
1615 4364 1755 4429 μετᾶ

184 4443 460 4512 αἱρέσεως
486 4444 582 4496 καὶ
614 4444 862 4516 ἀπάτης·
893 4445 1007 4498 ἀλλ’
1060 4448 1264 4500 εἰδέναι
1298 4448 1601 4519 βουλόμεθα
1653 4452 1752 4523 τήν
1787 4496 1831 4551 D

186 4536 459 4602 ἐξήγησιν
505 4533 600 4587 τοῦ
660 4536 1014 4605 γραμματίου
1058 4537 1275 4605 τούτου,
1333 4540 1447 4602 πῶς
1503 4542 1596 4593 καὶ
1647 4544 1755 4596 τίνι

178 4628 382 4694 τρόπῳ
412 4625 510 4695 τὴν
539 4625 638 4679 διὰ
671 4626 963 4681 ἐννοοῦσιν.
1002 4626 1137 4682 Οὐδὲ
1171 4629 1277 4699 γὰρ
1311 4629 1558 4702 δώσομεν
1593 4634 1752 4689 τοῦτό

181 4736 361 4783 ποτε,
419 4721 517 4788 τὴν
573 4718 673 4772 διὰ
735 4720 1035 4773 ἐννοεῖσθαι
1096 4722 1275 4774 αἰτίαν
1328 4725 1656 4793 ὀργανικὴν,
1720 4727 1754 4796 ἢ

179 4813 561 4879 ὑπουργικήν.
591 4809 658 4862 Ἦ
690 4809 791 4862 διὰ
814 4812 921 4878 γὰρ
950 4811 1105 4880 ίσμεν
1143 4812 1224 4864 ὅτι
1256 4816 1493 4879 τρισσῶς
1532 4820 1753 4882 νοεῖται,

176 4902 485 4973 ὀργανική,
520 4902 855 4972 ὑπουργικὴ,
887 4904 983 4955 καὶ
1018 4905 1247 4974 φυσική.
1279 4906 1340 4958 Εἰ
1378 4906 1476 4975 μὲν
1508 4905 1603 4961 οὖν
1656 4928 1759 4979 (pu-

182 4993 369 5054 σικῶς
409 4993 612 5056 νοοῦσι,
640 4994 727 5046 διὰ
757 4994 809 5044 τί
852 4994 911 5045 οὐ
961 4994 1198 5062 χρῶνται
1247 4998 1337 5047 καὶ
1368 5001 1432 5066 τῇ
1465 4999 1533 5051 ἐκ
1562 5002 1754 5052 ταυτὸν

178 5092 257 5156 τῇ
288 5086 390 5139 διὰ
441 5086 752 5157 δυναμένῃ;
800 5088 847 5137 εί
872 5086 927 5137 δὲ
958 5087 1285 5154 όργανικῶς,
1322 5089 1354 5159 ἢ
1386 5091 1753 5159 ὑπηρετικῶς,

179 5181 363 5249 ἡμεῖς
396 5178 607 5238 τούτοις
637 5178 696 5229 ου
730 5177 1034 5246 βουλόμεθα
1066 5180 1420 5247 κοινωνῆσαι.
1453 5184 1550 5233 Διά
1573 5184 1755 5247 τοῦτο,

177 5273 465 5339 αἱδέσιμε,
497 5270 722 5338 ἐζήτουν
748 5271 1006 5337 ἐξήγησιν
1030 5271 1121 5321 τοῦ
1152 5274 1504 5339 γραμματίου
1527 5292 1538 5303 ο
1567 5276 1625 5325 οὐ
1653 5276 1755 5343 γάρ

178 5362 485 5419 ἐϐούλοντο
512 5362 679 5430 χωρὶς
726 5362 1024 5424 ἐξετάσεως
1068 5361 1264 5413 ἕνωσιν
1316 5364 1569 5430 οὐδεμίαν
1598 5367 1755 5435 ποιή-

180 5453 429 5509 σασθαι*
474 5453 569 5504 καὶ
619 5452 879 5512 δικαίως·
940 5453 987 5503 εί
1030 5453 1136 5520 γὰρ
1172 5452 1264 5506 νῦν
1316 5455 1453 5521 μετά
1486 5456 1754 5526 τοσαύτης

177 5547 497 5613 ἐξετάσεως
538 5543 773 5609 ἐγένετο,
802 5544 1039 5612 σπουδῆς
1064 5562 1125 5596 τε
1162 5546 1257 5596 καὶ
1302 5546 1629 5615 ἀγρυπνίας,
1663 5549 1757 5600 καὶ

173 5641 239 5693 οἱ
275 5636 534 5707 ἡμέτεροι
567 5633 705 5703 αὐτῇ
764 5637 1028 5704 μάχονται
1080 5636 1333 5701 ἀναιδῶς,
1366 5639 1415 5688 τί
1449 5637 1513 5690 ἂν
1545 5639 1753 5705 ἔλεγον,

174 5731 237 5783 εξ
294 5726 465 5798 χωρὶς
520 5724 820 5788 ἐξετάσεως
874 5725 1149 5793 ἐγεγόνει,
1199 5726 1285 5781 διὰ
1330 5728 1486 5781 τοῦτο
1522 5728 1750 5798 ἐζήτουν

1850 2069 2153 2136 admittere,
2184 2070 2236 2123 ni
2272 2072 2421 2140 prius
2451 2074 2858 2131 examinaretur
2879 2093 2894 2144 ;
2917 2078 3008 2133 sed
3041 2094 3134 2135 eos
3158 2083 3238 2135 vel
3265 2092 3320 2136 ut
3349 2100 3406 2139 se

1847 2160 2218 2225 defenderent,
2257 2165 2639 2232 provocabant,
2663 2177 2715 2222 et
2769 2170 3037 2226 solverent
3070 2190 3190 2242 quae
3241 2176 3405 2231 dubia

1847 2261 2001 2307 erant
2031 2252 2086 2307 in
2110 2253 2322 2321 libello;
2351 2254 2430 2309 vel
2459 2270 2642 2323 suum,
2670 2275 2829 2329 quem
2860 2261 2958 2330 ipsi
2982 2262 3093 2333 jam
3119 2266 3402 2335 miserant,

1849 2346 1917 2397 ab
1958 2343 2025 2396 iis
2048 2345 2554 2414 suscipijubebant.
2586 2348 2709 2404 Erat
2751 2366 2913 2420 porro
2938 2354 2989 2407 in
3034 2356 3126 2411 illo
3168 2358 3402 2427 perfecta

1849 2434 2167 2491 Latinorum
2190 2448 2351 2508 atque
2384 2437 2697 2495 Graecorum
2721 2443 2788 2498 de
2818 2445 3071 2516 dogmate
3116 2451 3405 2505 consensio

1846 2537 1901 2581 et
1924 2529 2216 2600 confessio,
2247 2530 2392 2601 quod
2426 2534 2586 2588 etiam
2607 2548 2673 2589 ex
2728 2533 2865 2591 Filio
2896 2540 3152 2607 procedat
3172 2540 3407 2613 Spiritus

1849 2626 2092 2676 sanctus.

2508 2800 2708 2856 RESP.

1924 2889 2193 2946 Libellum
2227 2893 2392 2946 nostri
2416 2892 2701 2956 dederunt,
2729 2904 3044 2949 sanctorum
3076 2897 3217 2951 dicta
3247 2897 3401 2966 juxta

1853 2980 2069 3035 Maximi
2112 2996 2295 3034 vocem
2328 2982 2468 3035 inter
2509 2997 2567 3036 se
2596 2983 2972 3045 conciliantes,
3007 3000 3166 3053 quem
3194 3004 3410 3042 summo

1854 3072 2096 3142 pontiﬁci
2127 3072 2393 3126 miserunt
2413 3088 2426 3137 ;
2446 3089 2567 3127 cum
2590 3089 2616 3127 a
2644 3073 2886 3129 Romana
2917 3075 3161 3133 Ecclesia
3185 3081 3411 3148 qum-sis-

1858 3175 1976 3222 sent
2001 3168 2053 3219 in
2082 3165 2306 3234 scripto,
2332 3166 2604 3234 quomodo
2627 3176 2768 3221 esset
2794 3167 3129 3223 conﬁcienda
3150 3171 3410 3237 deﬁmtio,

1857 3274 2029 3327 quave
2054 3256 2259 3310 ratione
2276 3256 2469 3326 dogma
2497 3272 2617 3312 esse
2647 3257 2696 3309 in
2716 3272 2775 3311 ea
2799 3261 3130 3327 ponendum.
3172 3263 3268 3316 llla
3288 3280 3409 3316 cum

1854 3364 1923 3401 ue
1987 3348 2147 3401 modo
2178 3347 2511 3415 scripsisset,
2548 3348 2694 3401 misit
2723 3351 2786 3401 ad
2819 3348 3036 3406 Gracos
3065 3369 3079 3417 ;
3132 3362 3410 3422 acceptum

1856 3439 1929 3492 illi
1975 3442 2237 3507 scriptmn
2287 3439 2558 3507 legerunt,
2596 3450 2649 3494 et
2689 3453 3061 3510 cognoverunt
3123 3446 3193 3499 ibi
3225 3458 3407 3515 aperte

1858 3532 2085 3597 dictum,
2116 3530 2379 3599 Spiritum
2441 3543 2689 3585 sanctum
2740 3549 2858 3588 esse
2909 3536 3069 3589 etiam
3123 3552 3185 3590 ex
3242 3536 3405 3592 Filio.

1861 3624 2059 3677 Deinde
2094 3624 2364 3692 scripsere
2394 3634 2446 3676 et
2475 3624 2574 3691 ipsi
2612 3626 2712 3678 hoc
2744 3635 2903 3693 pacto
2931 3644 2945 3680 :
2977 3628 3237 3692 Quamvis
3270 3629 3412 3684 idem.

1855 3718 1927 3770 sit
1959 3729 2023 3768 ex
2052 3714 2187 3767 Filio
2221 3716 2363 3783 quod
2427 3730 2519 3783 per
2551 3712 2768 3779 FIIiUIII,
2812 3728 2863 3769 et
2903 3732 2995 3785 per
3034 3717 3227 3771 Filiqu
3272 3719 3410 3773 idem

1855 3807 1999 3876 quod
2054 3822 2115 3860 ex
2143 3804 2299 3870 Filio,
2328 3806 2787 3873 quemadmodum
2820 3821 2914 3860 vos
2942 3808 3288 3876 explicastis;
3318 3826 3413 3864 nos

1857 3910 2037 3953 tamen
2068 3898 2319 3961 fatemur,
2344 3895 2607 3969 Spiritum
2638 3909 2889 3951 Sanctum
2922 3913 3039 3952 esse
3065 3918 3091 3950 ιι
3124 3898 3284 3954 Patre
3316 3916 3410 3969 per

1855 3990 2049 4045 Filium
2079 3990 2435 4044 reternaliter.
2459 3967 2711 4043 'Romana
2744 4004 2872 4057 ergo
2897 3988 3137 4044 Ecclesia
3167 3991 3408 4046 libellum

1856 4084 2001 4138 hunc
2050 4084 2225 4137 noluit
2288 4084 2576 4137 admittere
2633 4084 2769 4136 citra
2838 4082 3274 4149 discussionem;
3316 4086 3410 4138 sed

1853 4175 2075 4230 aiebat:
2111 4174 2219 4228 Nos
2276 4173 2584 4227 simulatam
2635 4176 2891 4226 unionem
2951 4173 3069 4227 ﬁeri
3113 4174 3409 4235 nolumus;

1854 4282 2033 4335 neque
2083 4266 2339 4319 volumus
2372 4263 2589 4318 Graecos
2653 4264 2943 4318 nobiseum
3006 4265 3262 4333 conjungi
3324 4279 3418 4331 per

1857 4359 2108 4414 iraudem
2137 4367 2191 4412 et
2224 4358 2495 4423 hzeresin;
2527 4357 2619 4410 sed
2649 4358 2788 4411 scire
2822 4356 2986 4409 libelli
3020 4355 3178 4423 hujus
3204 4355 3420 4422 exposi-

1859 4452 2083 4513 tionem,
2116 4463 2223 4516 quo
2264 4448 2425 4515 plane
2457 4446 2638 4510 modo,
2668 4455 2720 4499 et
2778 4461 2887 4515 quo
2918 4461 3078 4500 sensu
3115 4445 3416 4512 intelligant

1860 4541 2015 4603 illud,
2050 4556 2162 4609 per.
2200 4538 2386 4606 Neque
2440 4539 2585 4591 enim
2618 4538 2982 4591 concedemus
3030 4553 3289 4606 unquam,
3322 4554 3367 4603 pr
3392 4555 3415 4588 r

1860 4635 2010 4686 illam
2047 4630 2397 4700 particulam,
2438 4644 2552 4695 per,
2606 4628 2897 4697 signiﬁcari
2934 4643 3154 4681 causam
3207 4630 3409 4681 instin-

1862 4723 2205 4783 mentariam,
2240 4722 2355 4773 sive
2408 4720 2836 4773 ministerialem.
2895 4719 3175 4787 Siquidem
3212 4722 3415 4772 Sttilllth‘

1860 4828 1954 4880 per
2004 4811 2145 4865 hanc
2174 4824 2379 4870 vocem,
2418 4824 2533 4876 per,
2592 4808 2692 4859 tria
2727 4807 3046 4876 signiﬁcari,
3086 4807 3420 4858 instrumen-

1865 4915 2003 4967 tum,
2049 4902 2435 4962 ministerium,
2467 4908 2521 4952 et
2570 4912 2791 4951 causam
2826 4898 3148 4950 naturalem.
3190 4895 3245 4947 Si
3287 4910 3415 4963 ergo

1863 4998 1927 5050 ad
1961 4994 2373 5063 signiﬁcandam
2403 4990 2703 5044 naturalem
2739 5004 2958 5043 causam
2992 4995 3276 5040 assumunt
3303 5000 3414 5051 per,

1863 5104 1961 5143 cur
1989 5092 2151 5140 etiam
2194 5101 2257 5139 ea:
2289 5099 2395 5136 non
2439 5092 2683 5144 utuntur,
2715 5096 2835 5150 quas
2863 5082 3004 5133 idem
3033 5079 3177 5131 valet
3197 5092 3258 5130 ac
3286 5080 3414 5144 per?

1864 5179 1919 5233 Si
1957 5193 2083 5231 vero
2116 5176 2181 5228 ad
2216 5172 2636 5242 snguiﬁcandum
2668 5170 3118 5230 instrumentum,
3165 5167 3285 5218 sive
3314 5170 3417 5217 iiii-

1867 5272 2176 5331 nisterium,
2210 5283 2309 5320 nos
2344 5264 2790 5318 communionem
2833 5262 3059 5313 istorum
3093 5273 3197 5311 non
3244 5256 3420 5310 susci—

1864 5366 2062 5433 pimus.
2095 5360 2410 5427 Propterea,
2441 5359 2523 5409 vir
2560 5353 2871 5414 reverende,
2904 5350 3223 5419 quaerebant
3254 5349 3416 5401 libelli

1863 5455 2293 5523 expositionem;
2331 5452 2587 5503 nolebant
2625 5446 2769 5499 enim
2802 5444 2934 5497 citra
2982 5442 3417 5509 disquisitionem

1863 5548 2130 5601 conﬁcere
2162 5542 2468 5611 quamlibet
2518 5541 2772 5592 unionem
2799 5554 2812 5601 ;
2846 5544 2901 5588 et
2929 5535 3050 5603 jure
3080 5532 3295 5599 quidem
3327 5549 3421 5599 np-

1868 5638 2019 5691 titno.
2072 5636 2209 5687 Nam
2254 5632 2299 5687 si
2365 5641 2512 5685 tanta
2560 5646 2700 5683 nunc
2742 5626 2983 5680 adhibita
3047 5624 3421 5693 inquisitione,

1868 5730 2069 5797 studio,
2100 5744 2161 5783 ac
2199 5727 2473 5799 vigilantia
2507 5724 2676 5781 nostri
2714 5723 2909 5776 factam
2947 5720 3203 5775 unitatem
3235 5718 3417 5791 imp-t-
