4160 6424
171 403 274 471 1085

1169 406 1606 469 REFUTATIO
1653 408 1892 468 MARCI
1933 408 2265 468 EPHESINY
2283 409 2327 468 Ι.

3217 411 3351 478 i086

161 518 207 569 τὸ
237 511 372 571 εἶναι,
411 514 572 567 Ὅθεν
603 517 651 568 εί
682 514 891 583 λέγοιτο
915 516 1009 569 καὶ
1039 518 1065 569 ὁ
1091 517 1218 580 Υἱὸς
1244 519 1390 572 αίτία
1415 521 1505 571 καὶ
1538 519 1681 587 ἀρχὴ

1798 515 1964 580 Quare
1989 529 2047 569 ut
2075 515 2241 570 Filius
2266 530 2484 585 quoque
2515 518 2729 572 dicatur
2748 534 2912 575 causa
2941 529 2994 576 et
3025 525 3351 597 principium

157 607 229 661 τοῦ
261 609 399 675 ἁγίου
427 607 768 675 Πνεύματος,
803 608 867 660 ἐκ
901 607 992 660 τοῦ
1043 610 1253 679 Πατρὺς
1280 610 1422 662 τοῦτ’
1474 611 1631 664 ἔλαϐε
1660 626 1672 639 ·

155 697 384 766 δυνάμεθα
408 699 515 766 γὰρ
544 697 640 749 καὶ
664 699 821 766 ἡμεῖς
853 699 1027 750 εἰπεῖν
1054 699 1193 752 κατὰ
1220 701 1311 752 τὸν
1333 702 1390 752 ἐν
1422 701 1675 770 θεολογίᾳ.

157 790 296 858 μέγαν
321 791 635 859 Γρηγόριον⁶
667 792 733 844 Ἦ
765 794 828 845 ἐκ
862 793 958 858 τῆς
981 793 1159 855 αἰτίας
1190 794 1362 854 αίτία.
1391 796 1451 846 τὸ
1481 796 1545 846 ἐκ
1581 793 1675 847 τοῦ

154 882 297 948 φωτὸς
325 885 457 948 φῶς,
492 886 518 935 ὁ
551 876 615 936 ἐκ
641 884 776 936 Θεοῦ
809 885 963 949 Θεὸς,
997 885 1189 954 ὥσπερ
1244 886 1455 948 ἐκεῖνός
1485 904 1676 954 φησιν,

163 974 214 1025 'H
245 977 297 1024 ἐκ
321 974 416 1042 τῆς
457 975 630 1044 ἀρχῆς
669 975 836 1044 ἀρχή.
865 977 1028 1028 ’Ὥστε
1075 978 1123 1028 εί
1157 977 1251 1029 καὶ
1283 976 1309 1026 ὁ
1354 977 1479 1039 Υἱὸς
1530 979 1678 1032 αἰτία

149 1065 350 1132 λέγεται,
382 1067 496 1118 ἀλλ’
522 1069 621 1119 οὐκ
655 1069 748 1132 ἀφ’
784 1068 977 1121 ἑαυτοῦ
1003 1070 1323 1138 ἀρχοειδῶς,
1359 1070 1477 1122 ἀλλ’
1497 1072 1561 1123 ὲκ
1584 1070 1677 1123 τοῦ

149 1158 328 1227 Πατρὸς
365 1161 463 1226 μὲν
496 1162 814 1230 ἀρχοειδῶς,
841 1163 928 1215 διὰ
954 1163 1045 1215 τοῦ
1083 1163 1212 1215 Υἱοῦ
1240 1163 1294 1215 δὲ
1333 1165 1427 1217 καὶ
1468 1167 1531 1218 ὲκ
1584 1165 1677 1217 τοῦ

155 1250 259 1301 Υίοῦ
280 1250 342 1313 ὡς
375 1249 461 1303 διὰ
497 1252 592 1304 τοῦ
627 1253 778 1308 Υἰοῦ.
849 1256 957 1306 Καὶ
981 1254 1138 1307 τοῦτό
1165 1257 1312 1308 ἐστιν
1337 1258 1363 1310 ὃ
1397 1275 1529 1326 φησι
1562 1261 1682 1312 Μά-

143 1339 278 1406 ξιμος
299 1355 314 1373 ο
351 1342 449 1392 οὐκ
482 1343 661 1394 αἰτίαν
694 1344 948 1413 ἀρχοειδῆ
978 1346 1067 1396 τδν
1109 1345 1237 1397 Υίδν
1270 1346 1553 1407 ποιοῦντας
1587 1349 1679 1400 τοῦ

145 1433 426 1499 Πνεύματος
463 1436 603 1502 σφᾶς
654 1435 849 1499 αὐτοὺς
898 1438 1211 1504 ἀπέδειξαν,
1242 1438 1357 1490 ἀλλ’
1392 1441 1478 1492 ἴνα
1511 1441 1571 1493 τὸ
1615 1441 1681 1493 δι’

137 1523 280 1576 αὑτοῦ
308 1527 554 1594 προῖέναι
585 1528 890 1596 δηλώσωσι.
930 1531 1036 1583 Καὶ
1067 1531 1210 1584 οὗτοι
1252 1529 1345 1585 οὖν
1376 1533 1520 1585 οὕτω
1553 1537 1679 1604 νοή-

134 1634 307 1679 σαντες
330 1617 510 1672 δοῦναι
539 1619 614 1689 τῷ
635 1621 748 1691 Υίῷ
773 1623 872 1688 τὴν
906 1622 979 1692 μὴ
1005 1625 1453 1693 προκαταρτικὴν
1479 1627 1680 1690 αἰτίαν,

134 1710 299 1770 καλῶς
343 1719 437 1764 καὶ
463 1713 705 1773 εὐσεϐῶς
736 1715 1017 1784 ἐποίησαν.
1075 1718 1185 1769 Καὶ
1233 1717 1342 1786 γὰρ
1370 1719 1480 1771 οὐδ’
1521 1720 1684 1788 ἡμεῖς

129 1801 342 1870 λέγομεν
370 1791 624 1874 ἀρχοειδῆ
658 1807 689 1874 ἢ
726 1811 1176 1877 προκαταρτικὴν
1206 1812 1296 1863 τὸν
1337 1811 1467 1863 Tib-1
1501 1812 1681 1864 αἰτίαν

128 1893 213 1944 τοῦ
239 1893 565 1962 Πνεύματος,
593 1898 708 1950 ἀλλ’
739 1899 802 1952 ἐκ
852 1899 947 1953 τοῦ
977 1903 1190 1971 Πατρδς
1223 1903 1299 1966 ὡς
1320 1903 1544 1972 πρώτης
1576 1905 1678 1971 ἀρ-

125 1985 221 2053 χῆς
252 1988 484 2058 ἀνάρχου
508 1995 598 2042 καὶ
636 1991 972 2060 ἀρχοειδοῦς,
1014 1995 1077 2046 ὲκ
1099 1995 1192 2047 τοῦ
1225 1993 1358 2048 Υίοῦ
1381 1995 1437 2048 δὲ
1469 1996 1561 2047 καὶ
1593 1996 1681 2047 διὰ

126 2079 216 2132 τοῦ
241 2079 366 2133 Υίοῦ
392 2081 468 2150 ᾡς
496 2082 566 2134 δι’
589 2085 755 2137 αὑτοῦ
791 2087 853 2139 ἐκ
890 2087 984 2140 τοῦ
1023 2087 1257 2158 Πατρός.
1284 2088 1396 2142 Καὶ
1425 2089 1568 2142 οὕτω
1597 2106 1683 2142 πι-

121 2172 398 2243 στεύομεν,
425 2173 520 2227 καὶ
554 2178 821 2243 γενναίως
855 2178 1225 2250 κηρύττομεν.

800 2298 992 2350 ΕΦΕΣ.

195 2382 339 2436 ⁹Δλλ’
368 2386 418 2437 οἱ
463 2386 728 2457 τολμηροὶ
756 2388 858 2460 τὴν
883 2387 1229 2452 δυσσέϐειαν,
1262 2390 1358 2443 καὶ
1398 2389 1513 2442 ὅσοι
1554 2389 1682 2442 τού-

114 2491 229 2539 τοις
285 2479 437 2547 παρά
487 2479 585 2549 τὴν
633 2482 810 2552 ἀρχὴν
875 2481 1275 2551 ἠκολούθησαν,
1325 2481 1685 2549 ιπαγγελίαις

110 2570 401 2640 λαμπραῖς
432 2574 771 2644 ὑπαχθέντες
805 2576 901 2629 καὶ
926 2575 1175 2643 δόμασιν,
1201 2578 1382 2644 γυμνῇ
1417 2578 1484 2645 τῇ
1515 2592 1686 2644 κεφα-

108 2668 174 2735 λῇ
195 2667 292 2719 τὸν
326 2667 455 2720 Υίὸν
509 2669 864 2738 ἀπεφήναντο
913 2667 1008 2720 τοῦ
1057 2668 1373 2737 Πνεύματος
1403 2668 1580 2721 αἴτιον
1613 2684 1627 2698 ·
1657 2668 1686 2721 ὁ

110 2760 244 2828 μηδ’
276 2763 336 2813 ἑν
365 2764 478 2824 τοῖς
507 2763 612 2814 τῶν
632 2763 878 2815 Λατίνων
901 2763 1088 2832 ῥητοῖς
1113 2760 1345 2831 εὕρηταί
1377 2779 1482 2815 που
1515 2779 1684 2830 φανεο

107 2851 224 2921 ρῶς
255 2852 535 2923 κείμενον.

798 2975 1006 3027 ΔΠΟΔ.

177 3062 260 3115 Οὐ
306 3062 575 3131 τολμηροὶ
601 3065 698 3132 τὴν
734 3067 1082 3128 δυσσέϐειαν.
1118 3066 1234 3120 ἀλλ’
1284 3064 1536 3126 εὐλαϐεῖς
1581 3065 1682 3132 τὴν

97 3154 400 3206 εὐσέϐειαν
427 3150 570 3224 ἦσαν
603 3157 819 3218 ἐκεῖνος.
847 3156 940 3219 οὓς
975 3160 1038 3212 σὺ
1071 3160 1445 3227 συκοφαντεῖς.
1475 3157 1549 3209 Οὐ
1578 3156 1686 3227 γὰρ
1719 3205 1762 3263 c

99 3247 496 3317 ἐϐουλήθησαν
526 3248 800 3319 διαμεῖναι
849 3252 946 3302 καὶ
979 3251 1056 3302 ἔτι
1086 3251 1164 3320 τῷ
1210 3251 1474 3321 σχίσματι
1509 3249 1602 3302 καὶ
1624 3251 1688 3319 τῇ

95 3340 296 3409 κακίᾳ
344 3339 714 3410 διαιρούμενοι
760 3341 869 3395 τῶν
898 3342 1143 3412 ἀδελφῶν
1192 3345 1285 3396 καὶ
1325 3344 1427 3412 τῆς
1459 3341 1692 3409 Ἐκκλη-

96 3435 257 3494 σίαςο
295 3434 411 3487 οὐδ’
442 3429 584 3505 ἦσαν
613 3434 758 3487 οὕτω
809 3436 984 3505 μωροὶ
1032 3437 1378 3506 ἀρνήσασθαι
1406 3435 1506 3505 τὴν
1557 3435 1694 3504 ἀλή-

89 3526 292 3589 θειαν,
326 3529 388 3589 ὃς
430 3528 580 3580 ἐστιν
614 3528 642 3580 ὁ
696 3527 951 3596 Χριστὸς,
988 3528 1300 3597 ἔμπροσθεν
1331 3529 1441 3581 τῶν
1486 3525 1698 3597 ἀνθρὼ-

91 3637 254 3672 πων.
300 3619 396 3671 Διδ
426 3620 522 3673 καὶ
549 3623 730 3689 γυμνῇ
760 3624 826 3690 τῇ
853 3620 1064 3690 κεφαλῇ
1089 3620 1453 3689 ἀνεκὴρυξαν,
1489 3622 1552 3672 ὲκ
1601 3619 1694 3671 τοῦ

85 3711 353 3772 σκότους
386 3709 482 3778 τῆς
517 3712 784 3776 κακίστης
816 3711 1134 3782 προλήψεως
1168 3712 1571 3781 ἀνανήψαντες,
1598 3715 1694 3763 καὶ

82 3804 246 3870 πρὸς
283 3803 352 3854 τὸ
385 3803 484 3871 τῆς
521 3803 784 3871 ἀληθείας
833 3803 948 3872 φῶς
983 3804 1388 3872 ἀνεκλήθησαν,
1434 3803 1493 3855 σὲ
1548 3802 1698 3854 κάτω

75 3895 384 3965 κείμενον
419 3893 670 3955 ἐλεεινῶς
703 3892 1101 3957 καταλιπόντες
1137 3895 1275 3962 μετά
1302 3894 1411 3945 τῶν
1443 3893 1540 3944 ἀπ’
1566 3892 1700 3942 αἰῶ-

75 4007 183 4053 νος
216 3987 502 4042 ἁπάντων
529 3986 910 4057 σχισματικῶν
942 3982 1086 4040 εἷναί
1119 4001 1201 4040 σε.
1228 3985 1340 4055 Οὐχ
1363 3984 1700 4052 ὑπαχθέντες

68 4084 138 4136 δὲ
179 4081 416 4151 δώροις
468 4097 526 4133 τε
575 4080 671 4132 καὶ
721 4080 1096 4146 ἐπαγγελίαις,
1159 4078 1238 4139 ὡς
1291 4079 1354 4132 σὺ
1395 4078 1524 4148 φῂς.
1560 4077 1700 4130 ἀλλὰ

70 4174 462 4242 φοϐηθέντες
496 4171 589 4224 τὸν
616 4171 890 4238 ἀλάθητον
940 4172 1239 4239 ὀφθαλμὸν,
1266 4170 1293 4222 ὃ
1326 4171 1574 4238 ἔγνωσαν
1625 4171 1701 4221 δί-

60 4283 297 4325 καιον,
345 4263 729 4333 ὡμολόγησαν.
789 4264 911 4315 Ὀτι
968 4263 1026 4315 δὲ
1081 4263 1180 4332 οὐχ
1213 4261 1446 4332 εὓρηται
1501 4263 1529 4313 ὁ
1575 4262 1703 4324 Υίδς

60 4359 286 4418 αἴτιος
325 4354 430 4407 τοῦ
476 4354 793 4423 Πνεὺματος
835 4357 892 4406 ἐν
942 4357 1055 4416 τοίς
1092 4353 1198 4406 τῶν
1229 4355 1476 4406 Λατίνων
1517 4356 1702 4423 ῥητοῖς

53 4449 384 4520 φανερῶς
431 4447 727 4514 κείμενον,,
764 4446 1048 4514 ἐδείξαμεν
1103 4448 1390 4517 πρότερον,
1441 4446 1509 4498 τὰ
1562 4446 1704 4516 ῥητὰ

1785 608 2019 678 Spiritus
2072 610 2270 669 sancti,
2312 609 2414 664 hoc
2447 624 2475 660 ιι
2538 608 2696 664 Patre
2751 613 2984 678 accepit.
3050 613 3352 676 Possumus

1783 698 1982 766 quippe
2021 713 2121 751 nos
2155 698 2321 751 etiam
2354 697 2604 766 exemplo
2640 701 2820 768 magni
2879 699 3127 769 Gregorii
3174 705 3350 762 Theo.

1784 788 1888 855 logi
1919 788 2103 842 dicere
2133 789 2208 857 (l)
2246 807 2258 842 :
2294 789 2471 844 Causa
2493 789 2560 844 de
2588 805 2779 854 causa,
2809 793 2990 847 lumen
3028 795 3095 849 de
3121 795 3348 864 lumine,

1784 882 1924 937 Deus
1955 884 2019 937 de
2055 883 2196 948 Deo;
2232 885 2375 938 sicut
2401 885 2488 939 ille
2519 886 2653 941 dicit
2690 903 2704 939 :
2743 886 3078 958 Principium
3107 895 3174 945 de
3204 894 3359 963 prin-

1783 963 1944 1042 cipio.
1977 973 2088 1028 Etsi
2117 991 2245 1043 ergo
2266 975 2437 1031 Filius
2470 987 2695 1031 vocatur
2734 993 2922 1044 causa,
2977 997 3082 1036 non
3114 995 3292 1039 tamen
3322 1002 3354 1040 a

1785 1079 1843 1116 se
1878 1067 2246 1134 originaliter,
2287 1083 2472 1120 verum
2514 1083 2581 1121 ex
2621 1068 2780 1124 Patre
2821 1071 3043 1140 quidem
3091 1076 3355 1146 principi-

1785 1153 1976 1220 aliter;
2020 1172 2114 1224 per
2173 1154 2368 1210 Filium
2431 1174 2564 1212 vero
2618 1171 2672 1213 et
2715 1176 2779 1215 ex
2820 1163 2959 1218 Filio
3022 1174 3206 1234 utpOte
3259 1183 3356 1237 per

1786 1245 2002 1299 Filium.
2035 1248 2100 1301 Et
2152 1251 2251 1304 hoc
2281 1259 2388 1316 est,
2423 1253 2566 1320 quod
2598 1252 2673 1305 ait
2728 1252 3020 1320 Maximus,
3072 1267 3352 1312 ostensum

1785 1351 1904 1389 esse
1932 1340 1999 1390 ab
2034 1339 2158 1402 illis.
2193 1357 2251 1394 se
2284 1357 2388 1395 non
2443 1357 2689 1398 asserere
2719 1342 2916 1398 Filium
2971 1361 3194 1402 causam
3230 1347 3356 1416 Spi-

1789 1429 1924 1483 ritus
1961 1432 2333 1499 principalem,
2395 1434 2488 1488 sed
2545 1435 2856 1500 significare
2913 1438 3173 1504 voluisse,
3209 1444 3352 1507 quod

1788 1535 1882 1588 per
1907 1521 2078 1589 ipsum
2119 1523 2392 1592 procedat.
2428 1525 2501 1578 Ita
2535 1526 2696 1595 igitur
2730 1535 2784 1580 et
2831 1527 2918 1581 isti
2946 1528 3050 1581 ltoc
3071 1545 3229 1584 sensu
3262 1531 3357 1585 tri-

1787 1615 2016 1669 buentes
2071 1616 2209 1672 Filio
2260 1632 2480 1673 causam
2521 1635 2623 1673 non
2670 1621 3100 1688 primordialem,
3132 1631 3282 1676 recte
3303 1633 3356 1677 et

1787 1709 1872 1775 pie
1904 1707 2172 1763 fecerunt.
2211 1711 2348 1765 Nam
2381 1729 2557 1779 neque
2588 1729 2687 1767 nos
2717 1713 2950 1767 dicimus
2978 1712 3171 1768 Filium
3203 1716 3355 1784 prin-

1787 1799 2035 1868 cipialem
2075 1816 2170 1855 sru
2223 1803 2627 1870 primordialem
2670 1804 2905 1872 Spiritus
2964 1820 3205 1869 causam,
3264 1807 3355 1860 sed

1787 1905 1849 1942 ex
1889 1890 2071 1953 Patre,
2105 1902 2291 1954 utpote
2324 1895 2498 1962 primo
2533 1896 2802 1964 principio
2825 1911 2853 1949 a
2890 1896 3041 1950 nullo
3068 1896 3355 1966 principio,

1787 1991 1842 2033 et
1873 1984 2159 2052 principali
2196 2002 2210 2043 :
2244 2002 2308 2039 ex
2341 1984 2478 2041 Filio
2508 1997 2689 2041 autem
2724 1999 2776 2042 et
2807 2003 2898 2058 per
2927 1987 3146 2054 Filium,
3187 1999 3239 2041 ut
3266 2003 3360 2056 per

1786 2072 1965 2142 ipsum
1993 2090 2057 2128 ex
2109 2074 2292 2133 Patre.
2344 2078 2421 2132 Ita
2456 2079 2753 2146 credimus,
2786 2090 2839 2136 et
2898 2079 3170 2150 intrepide
3221 2096 3359 2150 prae-

1785 2168 2051 2227 dicamus.

2453 2284 2696 2341 EPHES.

1864 2375 2063 2431 Verum
2100 2378 2193 2446 qui
2252 2377 2318 2432 ad
2354 2378 2685 2448 impietatem
2740 2379 2975 2434 audaces
3015 2386 3191 2441 erant,
3242 2379 3364 2447 qui-

1787 2483 1892 2536 que
1920 2467 2042 2522 illos
2095 2483 2125 2522 a
2153 2468 2422 2538 principio
2445 2470 2624 2525 secuti
2659 2481 2809 2536 sunt,
2844 2468 3040 2539 amplis
3101 2467 3364 2538 pollicita-

1787 2559 2027 2614 tionibus
2050 2569 2103 2614 et
2138 2562 2454 2617 muneribus
2480 2562 2726 2632 pellecti,
2765 2562 2907 2616 nuda
2947 2561 3137 2615 fronde
3162 2558 3359 2614 Filium

1787 2652 2024 2721 Spiritus
2060 2669 2285 2709 causam
2321 2656 2743 2724 pronuntiarunt
2774 2670 2789 2717 ;
2849 2653 2996 2723 quod
3027 2669 3090 2706 ne
3123 2653 3174 2706 in
3229 2653 3363 2720 ipsis

1788 2746 2006 2814 quidem
2059 2747 2379 2802 Latinorum
2417 2749 2581 2803 dictis
2632 2750 2702 2802 ita
2743 2748 2966 2802 disertis
3001 2745 3183 2800 verbis
3216 2760 3369 2815 repe-

1792 2840 1930 2892 ritur
1956 2853 2300 2908 expressum.

2472 2952 2671 3007 RESP.

1859 3040 1978 3095 Non
2024 3044 2264 3098 audaces
2315 3046 2381 3098 ad
2434 3045 2790 3113 impietatem,
2854 3047 2947 3100 sed
3012 3046 3248 3116 religiosi
3299 3047 3364 3099 ad

1791 3134 2129 3187 retinendam
2156 3136 2408 3204 pietatem
2426 3148 2581 3190 erant
2602 3139 2704 3202 illi,
2732 3153 2869 3207 quos
2888 3148 2942 3190 tu
2973 3138 3363 3200 calumniaris;

1801 3225 2093 3281 noluerunt
2121 3230 2264 3280 enim
2297 3229 2555 3298 deinceps
2582 3230 2635 3282 in
2664 3225 2974 3284 'schismate
2997 3239 3053 3284 et
3097 3231 3368 3299 perversi-

1798 3327 1913 3372 tate
1939 3320 2250 3387 persistere,
2281 3322 2626 3376 secernendo
2657 3338 2714 3375 se
2737 3338 2766 3374 a
2800 3322 3058 3376 fratribus
3085 3334 3138 3375 et
3167 3323 3236 3375 ab
3270 3320 3369 3374 Ee-

1797 3411 1960 3465 clesia
1995 3429 2009 3478 ;
2043 3428 2142 3466 nec
2188 3415 2323 3467 adeo
2355 3415 2537 3468 stolidi
2571 3423 2749 3478 erant,
2787 3424 2847 3468 ut
2906 3416 3215 3477 veritatem,
3249 3431 3370 3484 qum

1798 3500 2051 3559 Christus
2084 3516 2186 3568 cst,
2221 3521 2406 3560 coram
2435 3506 2751 3560 hominibus
2785 3516 3043 3573 negarent
3074 3522 3090 3562 :
3121 3517 3174 3561 et
3212 3522 3372 3576 prap-

1808 3603 1954 3648 terea
1995 3598 2137 3649 nuda
2177 3597 2356 3652 fronte
2387 3599 2564 3667 palam
2598 3599 3042 3667 pronuntiarunt,
3078 3614 3106 3651 a
3136 3599 3374 3652 tenebris

1802 3688 2051 3754 pessima:
2081 3688 2249 3750 illius,
2276 3706 2438 3757 quam
2465 3700 2852 3759 praesumptam
2883 3691 3069 3744 animo
3096 3690 3372 3743 habebant

1802 3780 2074 3847 opinionis
2131 3797 2189 3836 se
2225 3783 2622 3852 recolligentes,
2680 3791 2734 3838 et
2785 3784 2853 3837 ad
2913 3783 3158 3837 veritatis
3199 3783 3372 3836 lucem

1805 3879 2043 3929 revocati
2079 3889 2130 3930 se
2190 3877 2581 3930 miserabiliter
2635 3877 2784 3930 humi
2825 3877 3007 3945 jacere
3066 3877 3279 3936 relicto,
3319 3888 3376 3927 ιιι

1803 3969 1979 4021 socios
2013 3968 2243 4021 haberes
2273 3984 2463 4023 omnes
2485 3969 2576 4037 qui
2608 3969 2718 4036 jam
2749 3985 2922 4036 usque
2948 3969 3016 4022 ab
3043 3969 3197 4021 initio
3228 3967 3378 4020 fuere

1806 4059 2166 4114 scltismatici.
2226 4061 2332 4114 Nec
2394 4077 2544 4124 vero,
2602 4071 2660 4114 ut
2717 4062 2818 4120 ais.
2861 4061 3069 4130 peliccli
3126 4070 3251 4115 sunt
3303 4059 3374 4111 illi

1804 4154 2089 4221 promissis
2120 4168 2182 4206 ac
2217 4155 2561 4217 muneribus,
2598 4153 2690 4206 sed
2737 4154 2933 4207 timore
2975 4151 3203 4222 permoti
3236 4151 3378 4204 illius

1806 4245 1975 4308 oculi,
2032 4262 2192 4314 quem
2257 4246 2425 4302 latere
2485 4247 2618 4299 ltlltil
2690 4255 2884 4316 potest,
2962 4243 3196 4300 confessi
3252 4253 3382 4297 sunt

1805 4338 1951 4408 quod
1983 4353 2193 4407 mqnnm
2223 4354 2345 4392 esse
2376 4347 2771 4408 cognoverunt.
2796 4337 2949 4403 Quod
2978 4351 3106 4389 vero
3135 4336 3240 4399 ais,
3272 4351 3378 4386 non

1809 4432 2036 4499 reperiri
2099 4433 2153 4485 in
2224 4431 2544 4485 Latinorum
2580 4431 2741 4484 dictis
2801 4438 2991 4498 aperte
3039 4443 3381 4496 expressum,

54 4516 304 4603 δέντές
346 4540 459 4592 τῶν
508 4525 744 4591 suum
794 4539 1159 4591 διδασκάλων.
1194 4516 1310 4591 οὐκ
1360 4533 1479 4590 οἶδα
1526 4537 1606 4599 δὲ,
1655 4540 1702 4589 εί

1811 4520 2008 4575 Filium
2036 4539 2158 4576 esse
2181 4538 2406 4576 causam
2439 4521 2698 4586 Spiritus,
2723 4521 2829 4586 jam
2859 4527 3138 4572 ostensum
3167 4532 3194 4568 a
3229 4516 3384 4568 nobis

44 4638 168 4689 καὶ
205 4632 432 4693 ἄλλως
485 4632 551 4684 σὺ
592 4631 734 4692 νοεῖς
760 4629 821 4682 τδ
851 4625 992 4682 εἶναι
1026 4632 1200 4682 αἴτιον
1230 4631 1323 4682 τοῦ
1359 4629 1700 4697 Πνεύματος,

43 4725 284 4787 ἄλλως
350 4720 417 4771 τὸ
465 4717 524 4781 ἐξ
556 4718 724 4771 αὐτοῦ
776 4719 1234 4788 ἐκπορευόμενον.
1295 4720 1436 4784 Ἐγὼ
1489 4719 1544 4770 δὲ
1579 4720 1708 4772 ὅταν

32 4815 379 4875 ἀκούσω,
414 4810 700 4879 Παραιτοῦ
727 4809 858 4864 Υἱοῦ
888 4811 949 4863 τὸ
969 4807 1110 4863 εἶναι
1151 4812 1285 4881 ἔχει,
1318 4811 1413 4863 καὶ
1450 4813 1581 4877 παρ’
1613 4813 1709 4862 αὐο

27 4909 156 4962 τοῦ
205 4903 648 4970 ἐκπορεύεται,
688 4901 751 4953 τὸ
779 4900 946 4953 αὑτοῦ
979 4902 1152 4954 αῐτιον
1187 4903 1352 4955 ἐννοῶ
1378 4918 1391 4931 ·
1449 4905 1495 4954 εἰ
1525 4903 1581 4953 δὲ
1613 4903 1710 4955 ἀλ-

21 5001 103 5054 λο
160 4998 336 5052 ἐστὶ
382 4994 443 5045 τὸ
471 4989 611 5044 εἶναι
641 4991 786 5059 ἔχειν
816 4994 949 5064 παρ’
983 4994 1173 5054 αὑτοῦ,
1213 4995 1341 5046 ἄλλο
1368 4994 1422 5046 δὲ
1476 4994 1534 5046 τὸ
1569 4989 1709 5044 εἶναι

18 5095 133 5146 αττ
155 5108 307 5153 ιον,
373 5087 553 5150 δεῖξον
588 5090 652 5141 σὺ
698 5087 877 5149 τοῦτο,
904 5087 1000 5139 καὶ
1029 5088 1190 5156 ἡμεῖς
1217 5088 1517 5155 σιγήσομεν
1549 5101 1563 5116 ·
1597 5086 1711 5138 ἀλλ’

10 5187 94 5239 οὐ
127 5183 429 5250 δυνήσῃ
459 5178 616 5232 τοῦτο
655 5179 827 5244 δεῖξαί
859 5196 1016 5243 ποτε,
1050 5179 1188 5232 ἀλλά
1220 5183 1399 5247 μάτην
1450 5178 1716 5248 πτερυγί-

9 5282 176 5343 ζεις
249 5272 477 5326 πολλὰ
508 5273 756 5342 κάμνων.

835 5470 1025 5522 ΕΦΕΣ.

97 5587 444 5644 Τούτοις
481 5582 535 5635 δὲ
565 5581 660 5635 καὶ
693 5584 721 5634 ὁ
746 5583 1098 5651 πατριάρχης
1133 5583 1532 5652 ἐπεψηφίσατο,
1587 5602 1721 5655 προ-

2 5681 284 5749 δίεφθα
301 5675 544 5746 ρμένος
572 5675 675 5744 ἡδη
705 5675 800 5727 καὶ
822 5673 983 5736 αὐτὸς
1005 5675 1033 5725 ὁ
1062 5673 1252 5740 τάλας,
1285 5675 1378 5728 καὶ
1402 5675 1517 5742 ἅμα
1550 5675 1719 5743 διψῶν

82 5863 206 5934 (1)
280 5856 468 5911 Orat
519 5855 568 5907 in
601 5854 826 5910 Nalirit.
866 5855 1094 5910 Domini.

1812 4624 1920 4673 est.
1958 4615 2047 4667 ubi
2102 4615 2519 4668 occidentalium
2570 4615 2854 4666 doctorum
2890 4609 3190 4663 sententias
3219 4623 3385 4676 expu—

1817 4707 2049 4759 suimus.
2093 4703 2290 4758 Nescio
2327 4720 2512 4772 porro,
2546 4720 2613 4756 an
2653 4719 2815 4771 penes
2870 4710 2923 4753 te
2977 4699 3227 4761 diiIerat,
3267 4715 3388 4751 esse

1820 4813 2048 4850 causam
2091 4797 2350 4863 Spiritus,
2388 4806 2442 4849 et
2472 4797 2540 4850 ab
2574 4812 2638 4849 co
2701 4793 3016 4862 procedere.
3063 4793 3175 4860 Ego
3237 4801 3386 4845 certe

1821 4904 1944 4942 cum
1979 4888 2139 4941 audio
2176 4889 2481 4941 locutiones
2527 4889 2670 4946 illas.
2722 4886 2891 4938 llahet
2933 4899 3055 4938 esse
3087 4899 3117 4936 a
3153 4881 3308 4939 Filio.
3337 4891 3386 4932 et

1819 4982 1886 5033 ab
1924 4997 1987 5034 eo
2029 4981 2310 5050 procedit;
2365 4996 2582 5034 causam
2622 4980 2796 5050 ipsius
2842 4975 3100 5045 intelligo.
3152 4975 3208 5027 Si
3261 4990 3391 5026 veru

1819 5072 1964 5125 aliud
2011 5083 2115 5136 est,
2151 5073 2217 5125 ab
2257 5072 2348 5125 illo
2382 5072 2665 5137 exsistere,
2715 5081 2766 5123 ct
2807 5068 2952 5122 aliud
2997 5082 3217 5121 causam
3249 5081 3390 5126 esse,

1820 5166 1989 5234 proba
2025 5173 2081 5217 tu
2132 5165 2256 5228 hoc,
2291 5175 2343 5217 et
2383 5180 2481 5218 nos
2516 5165 2814 5218 tata-bimus
2861 5177 2877 5217 ;
2930 5171 2984 5212 at
3014 5174 3293 5227 nunquam
3339 5159 3390 5210 id

1823 5259 2027 5327 poteris
2059 5257 2369 5321 ostendere,
2396 5259 2488 5310 sed
2522 5256 2738 5310 conaris
2758 5263 2966 5307 tantum
2994 5251 3195 5305 frustra
3215 5250 3395 5303 volare

1823 5353 2050 5404 multum
2097 5351 2371 5403 liberans.

2493 5461 2739 5517 El'lIES.

1895 5582 2140 5648 Quorum
2204 5582 2529 5638 sententiam
2594 5581 2708 5650 ipse
2782 5590 2999 5647 quoque
3081 5571 3397 5641 patriarcha

1833 5687 2053 5731 secutus
2085 5685 2188 5737 est,
2222 5677 2366 5744 quod
2420 5683 2565 5729 esset
2596 5670 2922 5743 jampridem
2959 5677 3012 5722 et
3065 5667 3178 5736 ipse
3233 5663 3403 5718 miser
