4160 6424
703 419 838 487 1087

1695 418 2009 479 JOSEPHI
2052 412 2543 476 METHONENSl
2558 416 2598 474 S
2640 412 2981 476 EPISCOPI

3790 418 3941 482 1088

699 536 1013 598 corruptus.
1044 528 1206 583 simul
1241 542 1369 581 vero
1419 526 1814 584 discessionem
1866 529 1993 583 inde
2047 529 2254 592 sitiret;

2374 529 2461 597 τὴν
2508 528 2720 581 ἐκεῖθεν
2780 529 3122 599 ἀπαλλαγὴν,
3179 530 3226 582 εἰ
3282 531 3373 585 καὶ
3434 528 3495 584 τδ
3555 531 3734 603 χρεὼν
3769 532 3942 585 αὐτὸν

697 620 947 690 quamvis
973 632 1097 671 eum
1149 618 1214 671 ad
1252 625 1477 671 mortem
1517 619 1760 673 debitum
1813 617 1975 673 fatale
2018 617 2257 685 compel-

698 711 855 767 leret.

1377 799 1573 856 BESP.

769 914 936 970 Sacer
966 915 1272 985 patriarcha
1307 916 1517 984 primus
1550 915 1689 970 dixit
1715 915 2067 980 sententiam,
2103 929 2259 970 sanc-

701 1017 783 1064 tos
815 1008 1109 1062 orientales
1133 1023 1435 1079 congruere
1468 1023 1592 1063 cum
1621 1008 2085 1073 occidentalibus;
2116 1009 2259 1062 hunc

701 1098 892 1153 deinde
922 1104 1095 1153 secuti
1128 1108 1254 1154 sunt
1299 1100 1493 1171 reliqui
1527 1101 1962 1169 prastantissimi
1996 1101 2097 1155 viri
2126 1119 2139 1155 :
2165 1102 2255 1169 qui

698 1190 743 1242 si
776 1198 921 1243 esset
951 1192 1001 1242 in
1035 1192 1169 1254 vita,
1207 1203 1260 1245 tu
1290 1206 1389 1247 nec
1441 1193 1653 1247 diceres
1702 1207 1803 1247 nec
1848 1207 2035 1262 ageres
2095 1192 2259 1255 talia;

702 1279 798 1334 sed
832 1295 931 1335 nec
965 1282 1197 1338 auderes
1224 1282 1398 1352 ipsum
1451 1298 1644 1337 vocare
1673 1282 1997 1353 jampridem
2035 1299 2260 1353 corrup-

705 1381 840 1437 tum,
878 1372 923 1427 si
960 1374 1042 1426 vel
1102 1376 1271 1442 ipsam
1322 1376 1520 1430 nudam
1573 1376 1693 1442 ejus
1739 1376 1987 1429 umbram
2040 1376 2259 1445 conspi-

700 1476 874 1516 ceres.
928 1462 979 1517 Is
1015 1466 1159 1519 enim
1213 1482 1320 1520 non
1372 1476 1539 1531 metu,
1567 1467 1651 1522 vel
1686 1468 1866 1522 studio
1922 1468 2126 1536 glorim,
2164 1483 2262 1521 nec

706 1551 1011 1608 discessum
1046 1555 1171 1610 inde
1228 1557 1418 1612 sitiens
1473 1573 1685 1614 sacram
1735 1558 1953 1627 optabat
2009 1557 2264 1613 Ecclesiae

708 1649 1009 1710 unitatem;
1041 1649 1132 1701 sed
1165 1648 1294 1716 quia
1324 1664 1382 1703 re
1417 1650 1534 1719 ipsa
1592 1662 1868 1720 peractum
1906 1648 2063 1712 vidit,
2116 1650 2261 1719 quod

706 1737 859 1790 multi
892 1747 1018 1792 ante
1072 1738 1223 1794 illum
1255 1741 1579 1811 patriarchas
1625 1742 1811 1796 videre
1844 1743 2153 1812 cupierunt,
2211 1751 2265 1795 et

703 1844 809 1883 non
845 1830 1117 1886 viderunt.
1146 1832 1293 1888 Vidit
1318 1834 1458 1888 enim
1482 1849 1667 1902 pacem
1700 1834 1982 1897 Ecclesizr,
2021 1834 2263 1888 membra
2295 1869 2341 1928 Β

701 1921 962 1978 dominici
997 1926 1242 1994 corporis
1269 1925 1593 1994 conjuncta;
1631 1927 1919 1982 exsultavit
1970 1927 2183 1995 spiritu,
2214 1935 2267 1979 et

700 2028 823 2066 eum
881 2014 1167 2070 devotione
1231 2018 1577 2087 subscripsit,
1641 2018 1927 2072 confessus
1997 2017 2257 2086 Spiritum

700 2118 949 2159 sanctum
987 2110 1147 2161 etiam
1184 2123 1249 2162 ex
1295 2109 1456 2175 Filio,
1494 2111 1873 2179 purgationem
1931 2109 2261 2174 animarum,

704 2196 1008 2252 Romanum
1047 2190 1357 2267 pontificem
1393 2202 1638 2254 omnium
1683 2200 2024 2255 sacerdotum
2052 2210 2261 2269 caput:

703 2296 867 2355 atque
927 2288 997 2341 ita
1052 2288 1244 2357 positis
1298 2290 1528 2359 genibus
1583 2292 1781 2354 oravit,
1819 2290 2156 2359 sublatisque
2205 2292 2258 2345 in

702 2379 900 2432 caelum
955 2380 1207 2435 manibus
1241 2379 1353 2433 Deo
1382 2382 1584 2450 gratias
1606 2380 1715 2450 egit
1744 2400 1758 2447 ;
1788 2384 1973 2451 sicque
2016 2392 2261 2436 sanetam

701 2484 856 2524 suam
909 2470 1147 2525 animam
1201 2471 1451 2526 reddidit.
1494 2471 1572 2525 Tu
1606 2488 1757 2537 vero,
1794 2476 1886 2543 qui
1924 2474 2265 2543 impudenter

703 2560 853 2614 illum
890 2569 943 2615 et
971 2562 1063 2631 qui
1100 2576 1224 2616 eum
1258 2562 1353 2617 illo
1386 2562 1555 2628 fuere,
1591 2564 1968 2630 calumniaris,
2002 2580 2107 2619 non
2167 2566 2261 2630 ita,

703 2652 798 2705 sed
830 2668 934 2705 una
960 2669 1081 2708 cum
1119 2654 1470 2708 anistercore
1505 2656 1740 2708 animam
1764 2655 1955 2710 cﬂlasti
1985 2672 1998 2709 :
2037 2665 2265 2710 testatur

706 2743 810 2799 hoc
834 2745 1083 2800 universa
1110 2746 1630 2817 Constantinopolis.
1659 2746 1736 2801 Ita
1767 2732 1858 2802 Dei
1886 2748 2262 2816 noritjustitia

704 2838 1011 2904 expendere
1040 2854 1485 2908 unumquemque
1512 2854 1578 2894 ex
1608 2841 1709 2894 fide
1734 2855 1896 2909 quam
1933 2842 2098 2896 habet
2123 2841 2265 2897 sicut

704 2931 833 2983 olim
873 2931 1095 2997 Arium;
1130 2933 1220 3000 qui
1266 2947 1460 2985 nomen
1495 2947 1525 2985 a
1561 2933 1745 2986 lurore
1778 2932 1978 2996 traxit;
2023 2948 2146 2987 nam
2178 2934 2264 2989 ille

704 3024 914 3078 viscera
945 3025 1224 3086 deorsum,
1258 3036 1312 3080 tu
1347 3035 1559 3079 stercus
1589 3040 1683 3092 per
1724 3040 1786 3080 os
1819 3026 2086 3097 egessisti.

1373 3136 1614 3192 EPHES.

782 3227 893 3294 Ego
942 3242 1070 3283 vero
1119 3243 1239 3284 eum
1293 3229 1553 3299 scriptam
1610 3230 1862 3286 haberem
1919 3232 2263 3297 sententiam,
2294 3246 2339 3307 C

709 3317 943 3386 fideique
988 3318 1195 3387 pariter
1247 3334 1379 3373 meas
1428 3319 1826 3375 confessionem
1862 3338 1876 3374 :
1921 3336 2156 3390 namque
2195 3323 2267 3376 ita

705 3408 861 3475 prius
893 3409 1249 3465 constitutum
1282 3419 1421 3476 erat,
1460 3420 1519 3465 ut
1543 3426 1694 3466 suam
1730 3413 2108 3482 unusquisque
2144 3429 2270 3469 sen-

709 3501 930 3554 tentiam
955 3500 1215 3570 scriptam
1247 3501 1488 3556 traderet
1518 3521 1531 3556 :
1563 3514 1623 3557 ut
1652 3504 1756 3571 vidi
1785 3504 1908 3558 illos
1935 3518 2128 3572 magna
2158 3506 2269 3573 jam

708 3591 1070 3659 propensione
1090 3593 1258 3647 animi
1292 3593 1417 3648 ferri
1443 3595 1508 3648 ad
1528 3596 1929 3649 conciliandam
1955 3611 2141 3664 pacem
2169 3613 2184 3661 ;
2221 3606 2275 3651 et

708 3698 803 3734 eos
824 3684 914 3749 qui
959 3698 1171 3737 meeum
1204 3695 1359 3739 antea
1399 3687 1634 3751 stabant,
1666 3688 1827 3740 modo
1854 3702 1978 3741 cum
2013 3687 2117 3741 illis
2146 3701 2272 3741 cor-

706 3779 919 3838 rn'sse;
960 3777 1160 3829 nullam
1202 3793 1331 3831 vero
1360 3794 1587 3846 prorsus
1613 3780 1728 3832 llcri
1766 3779 2091 3846 scriptorum
2123 3794 2274 3831 men-

712 3865 954 3927 tionem;
1004 3882 1176 3920 meam
1238 3877 1289 3920 et
1326 3869 1440 3936 ipse
1490 3869 1816 3934 scripturam
1880 3869 2065 3931 tenui;
2110 3883 2177 3921 ne
2227 3867 2271 3919 si

714 3957 839 4010 illos
863 3957 1187 4023 irritassem,
1224 3971 1427 4015 certum
1466 3960 1517 4014 in
1550 3961 1849 4029 periculum
1886 3976 1972 4015 me
2008 3961 2266 4039 commit-

710 4053 902 4099 terem.

1381 4162 1574 4218 BESP.

784 4270 1150 4326 Constitutum
1191 4289 1322 4328 sane
1385 4275 1537 4343 prius
1583 4283 1721 4341 erat,
1782 4284 1840 4329 ut
1893 4290 2044 4330 suam
2105 4290 2276 4329 unus-

716 4364 945 4431 quisque.
969 4363 1368 4417 confessionem
1405 4375 1647 4419 traderet
1678 4367 1960 4435 scriptam,
1984 4376 2272 4435 antequam

716 4454 828 4505 visa
866 4467 1047 4507 essent
1075 4454 1215 4508 dicta
1238 4466 1551 4508 sanctorum
1584 4472 1596 4508 :
1643 4471 1827 4509 verum
1858 4457 1924 4510 iis
1945 4458 2174 4525 cognitis
2208 4457 2272 4509 azl

2365 619 2664 687 συνήλαυνε
2693 619 2828 688 πρὸς
2859 621 2950 673 τὸν
2979 620 3230 675 θάνατον.

3051 796 3232 852 ΑΠΟΛ
3247 840 3259 854 ,

2445 911 2503 963 '0
2539 911 2683 979 ἱερὸς
2731 911 3077 981 πατριάρχης
3123 910 3426 980 ἐψηφίσατο
3475 911 3714 981 πρῶτος,
3748 913 3834 965 ὅτι
3887 914 3937 965 οι

2368 1002 2678 1055 άνατολικοὶ
2704 1002 2850 1070 ἆγιοι
2873 1006 2982 1063 τοῖς
3006 1004 3243 1066 δυτικοῖς
3265 1004 3637 1073 συμφωνοῦσι,
3664 1007 3763 1059 καὶ
3789 1004 3937 1074 μετὰ

2361 1093 2551 1146 τοῦτον
2576 1096 2624 1146 οἱ
2647 1094 2823 1148 λοιποὶ
2848 1096 3144 1165 συνῄνεσαν
3167 1097 3299 1150 θεῖοι
3316 1097 3530 1166 ἄνδρες
3547 1096 3605 1157 ὃς
3626 1098 3785 1166 εἴπερ
3812 1098 3933 1165 ἔζη.

2361 1184 2461 1235 οὐκ
2492 1185 2556 1236 ἂν
2585 1186 2649 1237 σὺ
2681 1185 2888 1238 τοιαῦτ’
2917 1185 3122 1253 ἔλεγες,
3153 1186 3276 1239 οὔτε
3315 1186 3421 1255 μὴν
3448 1185 3719 1251 ἔπραττες
3746 1202 3760 1215 ·
3794 1186 3933 1238 ἀλλὰ

2361 1277 2477 1329 οὖδέ
2496 1277 2760 1346 τολμῆσαι
2783 1275 2926 1346 εἶχες
2947 1278 3117 1331 εἰπεῖν
3136 1276 3638 1348 προδιεφθαρμένον
3659 1276 3850 1337 αὑτὸν,
3872 1278 3934 1328 ἂν

2362 1372 2461 1439 τὴν
2482 1371 2640 1421 σκιὰν
2667 1371 2830 1423 αὐτοῦ
2852 1373 3013 1439 μόνον
3040 1370 3266 1433 essm;
3290 1385 3303 1399 '
3328 1369 3387 1434 ὃς
3405 1369 3464 1422 ού
3482 1371 3568 1423 διὰ
3598 1370 3766 1437 φόῦοει
3788 1368 3933 1432 τινά,

2363 1462 2483 1515 οὐδὲ
2514 1463 2600 1515 διὰ
2624 1460 2799 1527 δόξαν,
2825 1450 2946 1516 οὒδέ
2976 1463 3145 1531 διψῶν
3176 1462 3274 1532 τὴν
3328 1460 3537 1513 ἐκεῖθεν
3583 1458 3931 1524 ἀπαλλαγὴν.

2364 1552 2459 1623 τὴν
2497 1554 2649 1623 ἱεράν
2691 1555 2935 1623 ἐγλίχετο
2962 1555 3184 1618 ἕνωσιν,
3221 1551 3333 1605 ἀλλ’
3372 1554 3454 1607 ὅτι
3489 1548 3631 1604 εἶδεν
3663 1548 3934 1619 ἀκριϐῶς,

2366 1645 2394 1697 ὃ
2425 1645 2614 1699 πολλοὶ
2647 1648 2751 1712 πρὸ
2785 1646 2949 1699 αὑτοῦ
3009 1645 3348 1714 πατριάρχαι
3396 1642 3758 1711 ἐπεθύμησαν
3810 1642 3937 1692 ἰδεῖν

2366 1736 2462 1788 καὶ
2494 1736 2594 1788 οὐκ
2620 1732 2795 1788 εἶδον·
2834 1733 2941 1789 εἶδε
2977 1737 3086 1807 γὰρ
3132 1736 3234 1806 τὴν
3277 1735 3507 1805 εἰρήνην
3542 1733 3643 1802 τῆς
3712 1732 3940 1795 Ἐκκλη·

2371 1830 2513 1894 σίας,
2549 1830 2618 1881 τά
2668 1831 2803 1900 μέλη
2841 1831 2933 1883 τοῦ
2987 1829 3308 1884 δεσποτικοῦ
3348 1832 3597 1897 σώματος
3658 1825 3935 1893 ἡνωμένα,

2371 1922 2744 1991 ἠγαλλιάσατο
2774 1922 2851 1992 τῷ
2879 1924 3174 1990 πνεύματι,
3195 1923 3288 1974 καὶ
3316 1921 3638 1989 ὑπέγραψεν
3664 1914 3935 1972 εἱλαεῶες

2371 2013 2712 2082 ὁμολογήσας
2748 2013 2807 2067 τὸ
2849 2013 3072 2079 Πνεῦμα
3104 2012 3163 2066 τὸ
3215 2012 3370 2080 ἅγιον
3422 2010 3516 2063 καὶ
3553 2012 3617 2063 ἐκ
3658 2008 3752 2061 τοῦ
3784 2006 3934 2067 Υἱοῦ,

2372 2104 2471 2175 τὴν
2514 2103 2785 2169 κάθαρσιν
2834 2106 2941 2158 τῶν
2998 2105 3212 2175 ψυχῶν,
3263 2105 3353 2158 τὸν
3386 2102 3626 2172 -⁹Ρὼμης
3676 2098 3937 2169 ἀρχιερέα

2377 2197 2621 2267 κεφαλὴν
2670 2198 2889 2251 πάντων
2936 2198 3047 2251 τῶν
3083 2198 3310 2268 ῑερέωψ
3349 2199 3447 2249 καὶ
3505 2194 3650 2247 οὕτω
3702 2193 3816 2253 Osi;
3872 2190 3937 2241 τὰ

2373 2290 2576 2355 γόνατα
2605 2291 2976 2362 προσηύξατο,
3008 2292 3106 2344 καὶ
3136 2290 3275 2360 ἄρας
3310 2290 3408 2350 τὰς
3438 2290 3625 2358 χεῖρας
3650 2286 3731 2347 εἰς
3776 2286 3939 2351 σύρας

2373 2385 2461 2437 νὺν
2507 2384 2870 2455 εὖχαρίστησε
2900 2384 2977 2453 τῷ
3006 2384 3147 2453 Θεῷ,
3206 2383 3300 2435 καὶ
3334 2379 3504 2441 οὕτως
3552 2379 3803 2431 ἀπέδωκε
3842 2377 3937 2443 τὴν

2373 2478 2534 2545 ἁγίαν
2564 2476 2729 2529 αὐτοῦ
2789 2476 2994 2547 ψυχήν.
3021 2478 3094 2529 Σὺ
3124 2476 3181 2528 δὲ
3238 2475 3266 2528 ὁ
3322 2474 3555 2534 ἀναιδῶς
3589 2470 3938 2539 συκοφαντῶν

2375 2569 2535 2621 αὐτὸν
2564 2569 2813 2629 καὶτοὺς
2855 2567 2973 2636 μετ’
3009 2566 3199 2628 αὐτοῦ,
3238 2566 3337 2636 οὐχ
3388 2565 3589 2627 οὕτως.
3630 2563 3751 2616 ἀλλ’
3803 2560 3936 2629 ἐμοῦ

2380 2663 2479 2714 σὺν
2507 2663 2571 2730 τῇ
2596 2661 2787 2729 κόπρῳ
2812 2660 2905 2713 τοῦ
2930 2659 3238 2729 ἁφεδρῶνος
3268 2660 3599 2724 ἐξέπνευαας
3626 2671 3641 2686 ·
3673 2654 3939 2724 μαρτυρεῖ

2376 2751 2539 2803 τοῦτο
2565 2750 2717 2801 πᾶσα
2747 2752 2777 2817 ἡ
2813 2750 2986 2811 πόλις.
3019 2748 3207 2810 Οὕτως
3236 2744 3373 2801 οἶδεν
3405 2749 3439 2817 ἡ
3459 2748 3577 2799 θεία
3600 2747 3723 2814 δὶκη
3749 2746 3935 2797 ταλαν-

2377 2843 2556 2895 τεύειν
2578 2844 2810 2895 ἕκαστον
2843 2843 2982 2894 κατὰ
3036 2841 3134 2910 τὴν
3173 2839 3369 2892 ἑαυτοῦ
3416 2840 3617 2898 πίστιν,
3654 2839 3732 2900 ὡς
3775 2837 3937 2888 πάλαι

2375 2936 2467 2987 τὶν
2502 2936 2599 3001 τῆς
2625 2934 2820 3003 μανίας
2875 2931 3162 3002 ἐπώνυμον
3196 2933 3435 2999 Ἄρειον,
3465 2929 3522 2991 ὃς
3555 2929 3707 2981 κάτω
3752 2929 3819 2980 τὰ
3852 2929 3937 2994 ἐγ-

2379 3040 2521 3076 κατα
2553 3023 2823 3091 επεμψεν,
2852 3024 2915 3075 σὺ
2938 3022 2994 3074 δὲ
3020 3023 3133 3077 ἄνω
3165 3021 3263 3092 τὴν
3295 3021 3517 3086 κόπρον.

3064 3221 3254 3274 ΕΦΕΣ.

2457 3316 2598 3383 Ἐγὼ
2631 3314 2687 3368 δέ
2722 3314 2818 3383 τὴν
2850 3311 3089 3381 ἐμαυτοῦ
3118 3310 3345 3379 γνώμην
3374 3310 3489 3379 ἅμα
3514 3310 3612 3361 καὶ
3645 3309 3936 3379 ὁμολογίαν

2374 3409 2474 3477 τῆς
2501 3408 2736 3467 πίστεως
2780 3403 3279 3473 συγγεγραμμένην
3313 3403 3449 3470 ἔχων
3471 3417 3484 3430 ·
3518 3398 3666 3451 οὕτω
3698 3400 3814 3468 γάρ
3842 3416 3935 3451 που

2375 3501 2615 3570 διείρητο
2652 3498 2937 3567 πρότερον,
2969 3496 3262 3563 ἐγγράφως
3288 3491 3564 3546 ἐπιδοῦναι
3616 3490 3720 3558 τὴν
3750 3488 3933 3542 ἑαυτοῦ

2375 3589 2599 3659 γνώμην
2632 3590 2903 3641 ’ἑκαστονο
2955 3588 3029 3649 ὡς
3085 3582 3228 3637 εἶδον
3285 3583 3486 3644 αὐτοὺς
3531 3579 3798 3649 ἐκθύμως
3843 3580 3933 3647 ήδη

2375 3683 2511 3750 πρὸς
2553 3683 2653 3751 τὴν
2678 3680 2876 3733 ἕνωσιν
2906 3678 3290 3748 ὡρμημένους,
3326 3676 3422 3727 καὶ
3451 3674 3580 3735 τοὺς
3624 3671 3754 3740 ἐμοὶ
3797 3687 3937 3722 συνεο

2378 3775 2587 3833 στώτσς
2646 3771 2912 3839 πρότερον
2973 3768 3101 3838 ἄρτι
3151 3764 3631 3836 συμπεπτωκότας
3690 3762 3932 3819 ἐκείνοις,

2376 3869 2674 3936 ἐγγράφων
2700 3865 2757 3916 δὲ
2792 3863 2913 3916 οὐδὲ
2943 3861 3353 3930 μεμνημένους,
3381 3859 3617 3925 ἐπέσχον
3649 3857 3749 3907 καὶ
3776 3854 3925 3911 absit;

2373 3961 2473 4028 τὴν
2503 3958 2740 4029 γραφὴν,
2769 3957 2853 4010 ἵνα
2878 3956 2951 4025 μὴ
2972 3956 3107 4024 προς
3129 3954 3296 4023 ὀργὴν
3320 3952 3514 4013 αὐτοὺς
3542 3951 3827 4017 ἐρεῢὶσας,
3859 3948 3928 4008 εἰς

2376 4045 2655 4118 προῦπτον
2687 4049 2793 4118 ἤδη
2831 4048 2924 4101 τὸν
2956 4047 3202 4100 κίνδυνον
3253 4045 3489 4115 ἐμαυτδν
3520 4041 3778 4112 ἐμϐάλω.

3070 4162 3273 4216 ΔΠΟΛ.

2450 4282 2647 4351 Εἴρητο
2672 4280 2770 4349 μὲν
2803 4279 3087 4347 πρότερον,
3122 4275 3355 4327 ἕκαστον
3392 4273 3496 4341 τὴν
3528 4270 3736 4324 ἐαυτοῦ
3770 4270 3938 4323 δοῦναι

2379 4372 2696 4442 ὁμολογίαν,
2745 4369 3037 4438 ἐγγράφως
3076 4364 3338 4431 δηλονότι,
3394 4363 3499 4431 πρὸ
3526 4362 3623 4412 τοῦ
3691 4363 3830 4415 ἰδεῖν
3882 4363 3939 4412 τὰ

2380 4463 2523 4534 ῥητὰ
2575 4461 2682 4513 τῶν
2739 4454 2947 4527 ἁγίων·
2985 4458 3181 4517 ἰδόντες
3226 4456 3270 4508 δ’
3317 4453 3454 4505 αὐτὰ
3501 4454 3597 4505 καὶ
3655 4454 3943 4519 sugg:qu-

714 4560 775 4597 eo
810 4559 867 4597 se
890 4544 1387 4611 conformarerttnt,
1420 4562 1517 4599 nec
1554 4561 1693 4614 0pll8
1726 4556 1844 4599 erat
1881 4549 2109 4615 amplius
2144 4563 2273 4602 Con-

2386 4570 2579 4615 σαντες
2604 4551 2742 4619 πρὸς
2772 4552 2974 4612 ἐκεῖνα,
3005 4547 3103 4599 οὐκ
3128 4542 3195 4617 ἦν
3222 4545 3433 4613 ἀνάγκη
3466 4543 3793 4610 ἐγγράφους
3826 4541 3947 4593 ὅιδέο

714 4636 981 4688 fessiones
1025 4636 1154 4691 dare
1200 4639 1454 4707 scriptas,
1486 4652 1609 4690 cum
1647 4638 1820 4692 sancti
1872 4654 1965 4707 per
1997 4655 2095 4694 sua
2130 4639 2273 4692 dictu

714 4724 873 4793 plana
925 4726 1106 4777 omnia
1161 4725 1420 4780 facerent.
1469 4726 1763 4794 Propterea
1813 4741 1971 4779 nemo
2013 4727 2274 4795 scriptam

718 4817 865 4868 dedit
910 4815 982 4869 ibi
1029 4818 1377 4883 sententiam,
1413 4817 1503 4871 sed
1554 4818 1709 4885 pauci
1761 4817 1982 4888 quidam
2037 4831 2277 4885 pronun-

720 4907 925 4961 tiarunt
964 4910 1280 4963 exordiente
1316 4909 1665 4977 imperatore,
1703 4918 1756 4963 et
1792 4909 1983 4977 primis
2041 4917 2277 4978 quatuor

716 5005 810 5049 aut
835 4997 1096 5066 quinque,
1128 4999 1322 5066 reliqui
1371 5011 1496 5053 cum
1534 4999 1698 5051 rudes
1733 5009 1916 5052 essent
1969 4999 2274 5053 litterarum

710 5088 780 5142 de
810 5100 1123 5142 sanctorum
1155 5089 1316 5143 dictis
1343 5098 1552 5143 tantum
1589 5089 1760 5142 tulere
1812 5090 2161 5143 sententiam.
2196 5090 2276 5145 'l‘u

716 5194 879 5246 porro
912 5183 1168 5250 scriptam
1202 5182 1410 5235 habens
1439 5192 1587 5236 tuam
1634 5182 2058 5247 confessionem,
2099 5184 2276 5237 hzere-

714 5283 845 5321 seon
874 5280 925 5322 et
978 5272 1312 5338 garrulitatis
1343 5271 1580 5339 plenam,
1642 5273 1785 5327 illum
1839 5287 1947 5326 non
2004 5272 2270 5336 obtulisti,

713 5361 913 5416 timens
945 5379 1011 5415 ne
1042 5364 1262 5415 honoris
1296 5364 1415 5416 loco
1458 5364 1626 5416 risum
1664 5378 1913 5416 moveres
1948 5381 1972 5417 ι
1999 5374 2053 5418 et
2092 5363 2276 5417 vidisti

716 5468 833 5518 eos,
863 5454 953 5522 qui
982 5466 1155 5507 tecum
1190 5466 1347 5508 antea
1391 5455 1644 5523 jacebant
1683 5456 1736 5507 in
1771 5453 2041 5520 profundo
2070 5456 2273 5508 infero-

719 5557 865 5604 rum,
894 5543 1123 5596 viriliter
1156 5558 1275 5599 sese
1306 5546 1535 5613 erigere,
1560 5553 1612 5597 et
1639 5545 2022 5613 resipiscentes
2043 5546 2279 5600 schisma

712 5636 1009 5702 dvponere,
1061 5635 1249 5703 pieque
1283 5636 1565 5703 pervenire
1595 5637 1660 5689 ad
1704 5636 1982 5689 vinculum
2026 5638 2199 5704 pacis,
2227 5646 2280 5690 et

714 5725 956 5779 studiose
1004 5740 1298 5796 properare
1336 5728 1400 5779 a.|
1436 5742 1648 5781 sacram
1686 5727 1938 5781 Ecclesia:
1974 5727 2276 5780 unitatem:

718 5832 815 5870 nec
875 5818 1017 5873 ferte
1075 5828 1312 5887 poteras,
1357 5818 1476 5871 illos
1537 5817 1753 5887 quidem
1821 5817 1937 5872 ﬁeri
1986 5819 2278 5889 vocarique

2382 4661 2471 4695 ναι
2518 4641 2834 4710 ὁμολογίας,
2879 4639 2987 4691 τῶν
3018 4638 3189 4705 άγῐων
3230 4636 3320 4687 διὰ
3346 4635 3454 4686 τῶν
3483 4633 3665 4703 ῥητῶν
3697 4632 3840 4699 δῆλα
3893 4634 3947 4682 τὰ

2382 4734 2560 4787 πάντα
2608 4733 2931 4785 ποιούντων.
2963 4730 3062 4782 Διὰ
3098 4728 3258 4782 τοῦτο
3290 4726 3463 4788 οὐδεὶς
3499 4725 3668 4776 ἔδωκε
3726 4724 3947 4793 γνώμην

2380 4826 2673 4893 ἐγγράφως
2733 4825 2870 4885 ἐκεῖ,
2906 4822 3021 4874 ἀλλ’
3084 4818 3193 4873 ἀπὸ
3245 4818 3513 4884 στόματος
3556 4814 3740 4879 ὀλίγοι
3791 4816 3946 4875 τινὲς,

2382 4917 2685 4985 ἀρχομένου
2709 4913 2803 4966 τοῦ
2836 4911 3104 4982 βασιλέως
3145 4909 3238 4963 καὶ
3271 4906 3379 4959 τῶν
3409 4905 3640 4973 πρώτων
3665 4906 3946 4972 τεσσάρων

2381 5006 2413 5077 ἤ
2449 5008 2630 5071 πέντε,
2658 5005 2706 5056 οἱ
2731 5004 2777 5057 δ’
2805 5003 2959 5056 ἄλλοι
2994 5003 3214 5069 ἄπειροι
3235 4999 3384 5058 ὅντες
3410 4997 3769 5065 γραμμάτων
3793 4998 3951 5059 ἐξοιω-

2384 5092 2690 5160 μοδότησαν
2745 5090 2907 5159 μόνον
2959 5089 3039 5151 εἰς
3100 5089 3167 5140 τά
3205 5085 3346 5158 ῥητὰ
3373 5086 3480 5137 τῶν
3512 5084 3710 5151 ἁγίων.
3754 5085 3868 5135 Καὶ
3895 5084 3949 5131 σὺ

2386 5184 2484 5253 μὲν
2517 5184 2615 5252 τὴν
2642 5181 2931 5251 ὁμολογίαν
2959 5199 3051 5234 σου
3074 5180 3213 5249 ἔχων
3241 5175 3740 5246 ἐγγεγραμμένον.
3771 5176 3871 5227 πλε
3890 5191 3949 5242 ρη

2383 5275 2649 5342 αἱρέσεων
2681 5274 2774 5326 καὶ
2806 5272 3137 5340 ἁδολεσχῑας,
3175 5270 3481 5330 ἐδειλὶασας
3510 5265 3724 5327 δοῦναι,
3760 5267 3850 5317 ἵνα
3890 5264 3951 5350 μὴ

2381 5365 2623 5436 ὀφλήσῃς
2649 5366 2770 5417 ἀντὶ
2795 5365 2962 5434 τιμῆς
2992 5363 3205 5430 γέλωτα
3228 5376 3243 5390 ·
3276 5356 3414 5421 εἶδες
3452 5359 3508 5409 δέ
3530 5357 3626 5408 καὶ
3657 5358 3801 5419 τοὺς
3838 5358 3955 5422 πρίν

2382 5476 2540 5529 τερον
2569 5460 2705 5527 μετὰ
2738 5458 2831 5512 σοῦ
2860 5459 3109 5520 ἐλεεινῶς
3136 5454 3575 5523 κατακειμένους
3621 5451 3703 5509 εἰς
3742 5452 3814 5502 τὸ
3872 5447 3951 5501 te;

2384 5548 2509 5623 ᾇδορ
2563 5549 2839 5618 βάραθρον
2891 5549 3154 5617 γενναίως
3200 5545 3541 5603 ἀναστάντας
3569 5581 3585 5603 ,
3618 5542 3724 5592 καὶ
3765 5540 3956 5603 dumi;-

2382 5640 2590 5710 ψαντας
2641 5644 2705 5692 ἐκ
2759 5641 2851 5692 τοῦ
2886 5640 3214 5709 σχίσματος,
3262 5637 3361 5690 καὶ
3410 5634 3663 5693 ἐλθόντας
3712 5631 3955 5687 sti-lueis;

2384 5734 2464 5793 ei;
2494 5732 2583 5783 τὸν
2618 5730 2914 5799 σύνδεσμον
2958 5731 3057 5800 τῆς
3110 5731 3359 5799 εἰρήνης,
3403 5728 3501 5780 καὶ
3535 5726 3677 5794 μετὰ
3720 5723 3952 5787 σπουδῆς

2384 5826 2746 5894 ὡρμημένους
2780 5826 2911 5893 πρὸς
2942 5826 3040 5896 τὴν
3066 5825 3220 5894 ἱερὰν
3248 5826 3445 5877 ἕνωσιν
3472 5837 3488 5852 ’
3520 5821 3611 5872 καὶ
3632 5818 3739 5871 οὒκ
3776 5819 3954 5885 ipsa;

4086 5948 4099 6069 ἕ
