4160 6424
181 361 297 426 1089

1218 376 1264 431 Ii
1281 375 1572 433 EFU'I‘.\'I‘
1588 378 1600 432 Ι
1616 377 1659 432 0
1702 379 1801 434 MA
1821 380 1941 440 [iCI
1981 385 2252 444 EI’HESl
2270 389 2372 447 ΝΙ-

3255 398 3388 460 1090

176 482 376 547 βλέπειν
413 482 664 548 γενέσθαι
702 486 798 552 μὲν
831 487 1028 548 αὐτοὺς
1057 489 1150 539 καὶ
1181 489 1547 558 ὀνομασθῆναι
1606 494 1716 542 Πα-

1837 491 2013 552 Patres
2049 511 2101 553 et
2129 505 2416 571 magistros
2445 505 2716 568 Ecclesiae,
2757 517 2806 561 te
2827 522 2955 561 vero
2984 523 3100 562 esse
3129 511 3390 574 alienum,

180 575 327 636 τέρας
348 577 441 626 καὶ
474 576 828 640 διδασκάλους
860 579 956 646 τῆς
1003 581 1348 650 Ἐκκλησίας,
1373 586 1430 636 σὲ
1459 585 1514 637 δὲ
1544 585 1721 637 αὐτῶν

176 666 449 734 ἀλλότριον
472 669 566 722 καὶ
593 671 804 740 ἐχθρόν.

837 768 1026 820 ΕΦΕΣ.

239 858 331 911 Διὰ
363 859 630 926 στόματος
671 857 855 925 μέντοι
881 860 980 924 τὴν
1012 858 1252 926 ὲμαυτοῦ
1275 859 1500 928 γνώμην
1527 860 1724 928 ἐδήλω-

183 968 245 1003 σα
282 950 584 1020 παρρησίᾳ,
612 951 685 1017 μὴ
713 948 778 1001 ἂν
807 949 982 1009 άλλως
1011 949 1279 1003 δύνασθαι
1310 950 1379 1002 τὰ
1440 953 1577 1021 ῥητὰ
1620 951 1726 1004 τῶν

171 1044 394 1095 δυτικῶν
436 1045 530 1096 καὶ
575 1041 912 1094 ἀνατολικῶν
941 1045 1306 1111 συμφωνῆσαι
1357 1043 1638 1110 Πατέρων,
1678 1045 1725 1094 εί

177 1137 248 1204 μὴ
280 1137 415 1188 κατὰ
465 1138 564 1200 τὴν
606 1135 870 1202 ἐξήγησιν
915 1137 1015 1201 τῆς
1054 1134 1348 1201 ἐπιστολῆς
1383 1135 1477 1187 τοῦ
1526 1135 1723 1187 σεπτοῦ

170 1229 417 1293 Μαξίμου
460 1229 550 1279 τὸν
603 1228 732 1280 Υίδν
786 1226 860 1296 μὴ
912 1227 1152 1296 φαίημεν
1210 1226 1384 1280 αἴτιον
1439 1223 1582 1280 εἶναι
1630 1228 1724 1280 τοῦ

169 1321 480 1384 Πνεὺματος
503 1335 518 1352 ο
548 1319 1173 1389 προσεπισημηνάμενος
1196 1317 1313 1387 ἅμα
1345 1320 1436 1372 καὶ
1467 1321 1590 1388 περὶ
1629 1320 1726 1389 τῆς

166 1412 500 1481 προσθήκης,
523 1411 598 1474 ὡς
625 1412 746 1464 οὐδὲ
776 1410 978 1478 ταύτην
1009 1411 1285 1481 συγχωρῶ
1313 1415 1426 1473 τοῖς
1451 1413 1724 1476 Λατίνοις,

165 1504 259 1554 «ira
301 1504 372 1570 μὴ
418 1503 597 1564 καλῶς
634 1502 754 1570 μηδ’
790 1501 1027 1568 εὐλόγως
1061 1501 1201 1552 κατὰ
1229 1503 1357 1562 τοὺς
1401 1503 1728 1569 εἰρημένους

167 1595 353 1660 λόγους
411 1594 812 1662 γεγενημένην.
868 1592 1149 1645 Ἐντεῦθεν
1195 1595 1242 1646 οἱ
1282 1595 1380 1661 μὲν
1417 1595 1486 1648 τὰ
1519 1595 1728 1647 ἑαυτῶν

163 1687 427 1752 ἔπραξαν,
457 1686 714 1753 καὶπρὸς
746 1687 845 1753 τὴν
893 1683 1172 1754 συνθήκην
1211 1684 1306 1737 τοῦ
1349 1687 1476 1753 ὅρου
1532 1688 1624 1738 καὶ
1661 1688 1728 1739 τά

166 1780 327 1830 λοιπὰ
357 1779 455 1845 τῆς
489 1778 734 1841 ὲνὼσεως
772 1778 1023 1845 ἔϐλεψαν.
1157 1779 1160 1782 ”

843 1875 1052 1926 ΑΠΟΛ.

231 1968 328 2017 Διὰ
361 1966 628 2033 στόματος
663 1967 760 2034 μὲν
789 1960 1141 2032 σὺίὲξέμεσας
1168 1966 1407 2036 αἱρέσεις
1434 1968 1526 2018 καὶ
1557 1964 1720 2035 βλασ-

161 2060 370 2126 φημίας
416 2057 729 2125 ἔμπροσθεν
775 2057 1040 2127 βασιλέως
1080 2061 1176 2112 καὶ
1236 2058 1579 2128 πατριάρχου
1633 2058 1726 2111 καὶ

163 2150 380 2217 ἁπάσης
415 2150 513 2217 τῆς
549 2150 874 2219 ἀνατολικῆς
911 2149 1207 2215 συνάξεως,
1244 2149 1417 2202 εἰπὼν
1453 2149 1578 2211 τοὺς
1617 2150 1727 2200 Λα-

163 2241 342 2302 τίνους
374 2243 769 2308 σχισματικοὺς
800 2241 893 2294 καὶ
941 2241 1248 2312 αἱρετικῶς
1274 2257 1289 2274 -
1325 2241 1452 2294 ἔνθα
1501 2240 1726 2305 κατεγέ-

164 2333 336 2386 λασάν
359 2349 415 2383 σε
436 2332 696 2397 ἅπαντες,
718 2332 1055 2396 ἀκούσαντες
1079 2335 1205 2395 τοὺς
1224 2333 1494 2396 τοιούτους
1515 2333 1726 2399 λόγους.

163 2425 296 2476 Ποία
327 2425 435 2492 γὰρ
483 2424 697 2486 σύνοδος
728 2423 834 2494 ἔφη
872 2426 1005 2478 ποτὲ
1037 2427 1163 2485 τοὺς
1195 2424 1463 2487 Λατίνους
1523 2423 1742 2494 αἱρετι-Δ

161 2517 321 2580 κούς;
360 2518 480 2578 Πῶς
507 2517 606 2570 οὐκ
637 2518 954 2585 ἐτόλμησας
1008 2518 1185 2570 εἰπεῖν
1229 2518 1389 2570 τοῦτο
1415 2517 1729 2586 ἔμπροσθεν

163 2612 272 2662 τῶν
312 2611 587 2674 Λατίνων;
622 2611 758 2662 διότι
795 2610 893 2663 οὐκ
935 2610 1117 2679 ἴσχυες
1167 2609 1469 2673 ἀποδεῖξαι.
1509 2609 1638 2660 Ὅτε
1671 2608 1728 2660 δὲ

161 2703 255 2754 καὶ
285 2702 510 2770 Πνεῦμα
537 2705 598 2754 ὲκ
625 2704 787 2771 μόνου
804 2702 898 2755 τοῦ
925 2702 1140 2769 Πατρδς
1159 2701 1390 2762 ἀναιδῶς
1415 2699 1727 2766 ὲξεϐόησας,

165 2795 217 2846 oi
245 2794 487 2860 Πατὲρες
512 2795 844 2854 ἀκούσαντες
868 2793 1271 2860 συνετρίϐοντο,
1300 2793 1391 2845 καὶ
1411 2792 1546 2859 πρὸς
1570 2790 1732 2860 ἀλλή-

161 2886 290 2944 λους
325 2886 690 2953 ἐμϐλέψαντες
725 2883 984 2954 συνέσχον
1014 2884 1080 2936 τὰ
1123 2877 1234 2935 ὦτα
1269 2883 1470 2946 αὐτῶν,
1499 2883 1593 2933 καὶ
1633 2880 1732 2942 τὰς

161 2978 383 3047 βίϐλους
419 2977 512 3029 καὶ
542 2978 608 3028 τὰ
654 2978 792 3046 ῥητὰ
840 2979 947 3028 τῶν
995 2977 1164 3042 ἁγίων
1213 2975 1540 3043 κομίσαντες
1593 2973 1732 3025 ἐδεί-

158 3085 328 3120 κνυον
347 3068 448 3136 τὴν
479 3066 765 3135 ἀλήθειαν·
792 3067 932 3135 άπερ
959 3065 1080 3118 ἰδὼν
1105 3064 1334 3134 ἁθλεψίᾳ
1366 3061 1727 3130 κατεσχέθης.

160 3161 293 3211 Ὅτε
321 3159 377 3210 δὲ
405 3162 494 3210 καὶ
526 3160 722 3228 μωρὼς
754 3158 1025 3225 ἐφθέγξω,
1064 3158 1146 3208 ὅτι
1179 3158 1238 3208 οὐ
1271 3158 1730 3223 συγκοινωνήσεις
1761 3197 1805 3258 c

157 3254 414 3314 Λατίνοις
446 3255 597 3313 ποτὲ,
640 3252 733 3304 ἐὰν
790 3252 864 3320 μὴ
921 3250 1018 3319 τὴν
1054 3249 1379 3319 προσθήκην
1425 3247 1727 3299 ἐκϐάλωσιν

155 3347 268 3398 ἀπὸ
301 3345 393 3397 τοῦ
427 3344 718 3413 συμϐόλου,
751 3345 831 3395 ὅτι
879 3343 1143 3410 αἱρετικοί
1186 3344 1324 3392 εἰσιν
1374 3341 1423 3391 οί
1475 3339 1724 3405 λέγοντες

153 3443 257 3490 καὶ
293 3441 353 3491 ὲκ
387 3439 478 3490 τοῦ
505 3439 633 3488 Υἱοῦ
657 3441 716 3487 τὸ
750 3437 996 3503 Πνεῦμα,
1031 3435 1272 3504 ἤκουσας
1297 3452 1309 3463 ’
1339 3433 1545 3485 Ἀλαλα
1573 3446 1733 3498 γενη-

155 3532 317 3599 θήτω
349 3530 418 3581 τὰ
476 3529 626 3599 χείλη
666 3529 734 3581 τὰ
770 3527 1040 3581 λαλοῦντα
1100 3527 1240 3579 κατὰ
1284 3526 1390 3577 τῶν
1425 3526 1597 3592 ἁγίων
1629 3539 1640 3550 °
1685 3521 1732 3573 οἱ

149 3624 311 3699 ῥιγιοι
341 3623 449 3688 γὰρ
474 3621 569 3687 τῆς
608 3619 936 3688 Ἐκκλησίας
963 3619 1182 3685 λέγουσι
1211 3617 1394 3669 τοῦτο·
1424 3618 1514 3667 καὶ
1536 3614 1733 3686 ᾐσχύν-

155 3717 290 3783 Οης,
328 3716 422 3765 καὶ
457 3710 793 3781 ἐσιὼπησας.
821 3712 881 3763 Οἱ
920 3710 975 3762 δὲ
1003 3709 1183 3760 λοιποὶ
1217 3709 1455 3776 Πατέρες
1512 3723 1734 3774 συμφω-

152 3809 430 3872 νήσαντες
460 3808 569 3866 τοῖς
605 3805 785 3873 ῥητοῖς
837 3802 945 3853 τῶν
995 3800 1334 3853 ἀνατολικῶν
1373 3800 1464 3851 καὶ
1503 3798 1737 3850 ὃυτικῶν

155 3895 425 3962 Πατέρων
456 3894 598 3945 κατὰ
622 3892 711 3943 τὸν
747 3890 875 3942 νοῦν
928 3889 1024 3941 τοῦ
1059 3886 1259 3946 σεπτοῦ
1287 3887 1564 3953 Μαξίμου,
1599 3883 1735 3952 ὴνὼι

154 3987 343 4054 θησαν
373 3984 588 4053 πρῶτον
622 3985 720 4051 μὲν
756 3985 867 4044 τοῖς
892 3981 1090 4050 ἁγίοις,
1123 3977 1242 4032 εἶτα
1273 3980 1368 4032 καὶ
1407 3978 1538 4044 πρὸς
1574 3977 1733 4045 ἀλλή-

150 4083 291 4141 λους
313 4094 328 4108 ⁶
385 4077 574 4129 ἔπειτα
608 4077 663 4128 δὲ
696 4078 788 4129 καὶ
841 4075 975 4144 πρὸς
1008 4075 1106 4142 τὴν
1153 4072 1428 4140 συνθήκην
1463 4072 1554 4123 τοῦ
1608 4071 1733 4139 ὅρου

152 4170 420 4240 ἔϐλεψαν,
453 4169 526 4232 ὡς
556 4168 721 4228 εἰκὸς,
752 4170 844 4220 καὶ
880 4168 948 4219 τὰ
972 4167 1135 4218 λοιπὰ
1161 4165 1260 4232 τῆς
1310 4165 1534 4232 εἰρήνης
1563 4162 1734 4231 ἐπρα-

152 4265 287 4328 ξαν,
334 4263 419 4313 ῖ-,α
464 4261 606 4329 λάϐῃ
633 4261 784 4319 τέλος
817 4259 876 4310 τὸ
914 4259 1056 4309 θεῖον
1087 4256 1246 4324 ἔργον
1275 4254 1434 4306 τοῦτο
1465 4255 1554 4305 καὶ
1579 4253 1732 4321 ἆγιον

145 4357 264 4422 τῆς
297 4354 406 4404 τῶν
451 4351 792 4421 Χριστιανῶν
823 4349 1076 4417 ὁμονοίας
1108 4365 1167 4399 τε
1201 4349 1294 4399 καὶ
1327 4347 1592 4407 ἑνώσεως.

853 4441 1045 4492 ΕΦΕΣ.

230 4537 383 4606 Ἐγὼ
421 4537 476 4588 δὲ
531 4529 821 4603 χωρισθεὶς
879 4531 1060 4584 αὐτῶν
1103 4531 1287 4583 ἔκτοτε
1339 4528 1557 4598 ἐμαυτῷ
1605 4545 1731 4598 σχο-

1827 603 1878 644 et
1911 594 2119 646 hostem
2166 611 2376 649 eorum.

2489 779 2731 834 EPHES.

1896 866 2146 922 Ceterum
2202 871 2382 924 verbis
2420 871 2590 926 libere
2637 874 2864 940 exposui
2912 873 3038 940 quid
3091 873 3390 936 sentirem:

1827 960 1968 1013 dicta
1997 961 2247 1014 videlicet
2271 962 2689 1016 occidentalium
2714 974 2762 1017 et
2791 965 3134 1018 orientalium
3165 965 3388 1017 Patrum

1827 1053 2106 1105 colmrere
2142 1053 2298 1105 aliter
2343 1069 2447 1106 non
2496 1069 2656 1122 posse
2689 1070 2848 1119 quam
2892 1056 3047 1122 juxta
3089 1059 3390 1123 expositio-

1829 1159 1947 1195 nem
2001 1145 2242 1207 epistola:
2309 1145 2634 1199 venerabilis
2677 1145 2931 1209 Maximi;
2987 1145 3245 1198 nimirum
3308 1148 3390 1198 di—

1828 1236 2019 1300 cendo,
2045 1235 2240 1288 Filium
2275 1253 2378 1289 non
2407 1253 2527 1290 esse
2558 1253 2778 1292 causam
2813 1236 3050 1304 Spiritus
3079 1253 3091 1287 :
3120 1248 3392 1290 annotans

1829 1337 2083 1394 praetcrea
2117 1326 2246 1378 illud
2274 1325 2342 1379 de
2375 1326 2762 1390 additatnento,
2793 1325 2935 1394 quod
2963 1334 3181 1393 pr0pter
3203 1326 3393 1377 allatas

1828 1434 2021 1472 causas
2059 1434 2154 1473 nec
2187 1419 2289 1472 rite
2322 1418 2545 1480 factum,
2569 1432 2667 1470 nec
2695 1417 2839 1483 justa
2877 1418 2950 1469 sit
2984 1417 3193 1470 ratione
3224 1431 3394 1484 appo-

1830 1513 2017 1565 situm.
2052 1510 2179 1563 Post
2211 1513 2324 1563 brec
2380 1511 2455 1563 illi
2505 1524 2591 1562 res
2636 1525 2765 1562 suas
2797 1515 3020 1577 egerunt
3049 1547 3063 1571 ,
3111 1516 3274 1576 atque
3324 1508 3391 1562 ad

1829 1597 2277 1652 conscribendam
2300 1597 2695 1662 tletinitiOnetn,
2719 1606 2774 1651 et
2800 1597 3003 1666 reliqua
3030 1597 3097 1651 ad
3131 1596 3391 1652 unitatem

1830 1690 2127 1759 spectantia
2162 1707 2218 1746 se
2256 1689 2624 1744 contulerunt.

2511 1871 2705 1925 RESP.

1903 1964 2096 2020 Verbis
2145 1976 2199 2018 ttt
2231 1965 2454 2035 quidem
2490 1965 2728 2018 Ittrreses
2769 1973 2821 2017 (ιι
2853 1962 3217 2031 hlaSpbemias
3265 1975 3393 2013 evo-

1831 2057 2012 2112 muisti
2046 2071 2227 2110 coram
2257 2057 2579 2122 imperatore
2611 2065 2666 2105 et
2701 2053 3029 2119 patriarcha,
3058 2062 3110 2104 et
3140 2053 3398 2104 universo

1828 2148 2076 2202 orientali
2101 2157 2393 2207 conventu,
2414 2160 2534 2198 cum
2561 2140 2777 2193 Latinos
2797 2141 2995 2192 vocasti
3019 2140 3397 2193 schismaticos

1830 2251 1880 2296 ct
1909 2241 2192 2293 ltaareticos
2221 2257 2233 2291 :
2262 2239 2478 2306 quando
2516 2238 2595 2290 his
2627 2236 2828 2290 auditis
2886 2249 3077 2288 omnes
3105 2248 3162 2285 re
3196 2232 3398 2284 derise-

1830 2343 1976 2389 runt.
2013 2333 2141 2397 ρυλε
2187 2331 2331 2398 enim
2378 2328 2620 2399 synodus
2653 2327 2876 2379 Latinos
2908 2325 3125 2378 vocavit
3158 2337 3394 2391 unquam

1833 2422 2440 2491 hzereticos?quomodo
2464 2436 2571 2473 non
2596 2434 2654 2473 es
2680 2434 2848 2472 ausus
2871 2418 2920 2470 id
2948 2430 3189 2470 asserere
3212 2430 3396 2468 coram

1831 2517 2078 2573 Latinis?
2104 2531 2296 2582 nempe
2327 2513 2451 2583 quia
2481 2513 2855 2564 demonstrare
2891 2525 2992 2562 non
3036 2515 3274 2574 poteras.
3321 2504 3398 2560 Ut

1833 2627 1963 2666 vero
1985 2621 2036 2664 et
2061 2609 2327 2678 Spiritum
2359 2622 2424 2659 ex
2458 2606 2575 2660 solo
2608 2603 2769 2658 Patre
2806 2603 3149 2670 impudenter
3213 2599 3396 2652 excla-

1835 2703 2018 2762 masti.
2049 2701 2239 2754 Patres
2273 2697 2558 2751 audientes
2589 2693 3112 2762 contorquebantur,
3143 2699 3195 2743 et
3221 2705 3278 2742 se
3317 2689 3398 2741 iu-

1834 2794 2005 2847 vicem
2027 2793 2302 2846 intuentes
2325 2789 2715 2842 continuerunt
2737 2797 2896 2838 aures
2919 2797 3081 2846 suas;
3111 2781 3399 2846 allatisque

1837 2886 1991 2939 libris
2025 2893 2078 2937 et
2132 2883 2292 2936 dictis
2329 2890 2644 2934 sanctorum
2677 2878 2963 2930 veritatem
2997 2873 3396 2928 ostendebant:

1836 2993 1956 3045 quae
2001 2991 2123 3029 cum
2164 2975 2419 3030 vidisses.
2457 2972 2631 3037 caligo
2697 2968 2805 3021 tuis
2859 2966 3030 3020 oculis
3081 2965 3261 3017 otiosa
3295 2971 3396 3015 est.

1836 3068 1972 3123 Cum
2008 3083 2133 3121 vero
2161 3065 2324 3119 etiam
2352 3063 2514 3117 stulte
2537 3058 2926 3128 pronuntiasti.
2962 3055 3105 3110 nolle
3125 3063 3173 3108 te
3206 3053 3402 3106 admit-

1840 3171 1951 3215 tere
1984 3158 2426 3212 communionem
2459 3153 2772 3206 Laliuorum
2800 3189 2815 3212 ,
2849 3149 2902 3202 ni
2944 3148 3096 3214 prius
3125 3161 3156 3199 e
3187 3145 3404 3213 symbo-

1842 3255 1894 3307 lo
1919 3260 2230 3320 expungant
2286 3247 2429 3315 qttod
2468 3243 2825 3303 addiderunt;
2863 3239 3122 3309 quoniam
3159 3234 3402 3290 haeretici

1843 3345 2084 3409 suntqui
2115 3341 2389 3392 altirmant
2430 3336 2594 3389 etiam
2647 3348 2709 3385 ex
2758 3329 2896 3382 Filio
2937 3328 3194 3396 Spiritum
3258 3339 3400 3386 esse,

1841 3434 2038 3489 audisti
2066 3451 2078 3485 :
2113 3433 2254 3486 Muta
2285 3431 2410 3483 liant
2440 3429 2598 3488 labia,
2634 3439 2752 3493 qlia:
2778 3424 2829 3477 in
2863 3429 3080 3474 sanctos
3113 3417 3399 3471 maledicta

1839 3527 2160 3595 conjiciunt,
2198 3523 2371 3576 sancti
2413 3521 2554 3573 enim
2591 3517 2840 3572 Ecclesiae
2881 3515 2983 3568 hoc
3017 3518 3313 3567 asserunt:
3347 3518 3404 3561 tu

1840 3637 1967 3675 vero
2008 3619 2271 3672 confusus
2317 3615 2559 3668 tacuisti.
2627 3613 2694 3666 At
2747 3611 2936 3664 Patres
3006 3604 3199 3672 reliqui
3258 3602 3401 3655 dit-ta

1839 3714 2184 3768 orientalium
2216 3719 2267 3763 et
2301 3705 2716 3762 occidentalium
2769 3703 2985 3755 Patrum
3040 3697 3212 3752 secuti
3251 3696 3404 3763 juxta

1841 3820 2057 3858 sensum
2081 3801 2404 3856 venerabilis
2431 3796 2668 3859 Maximi,
2689 3797 2925 3862 primum
2947 3789 3164 3857 quidem
3199 3785 3405 3840 sanctis

1841 3911 1961 3951 sese
2001 3894 2391 3962 adiunxerunt,
2430 3888 2627 3942 deinde
2653 3901 2845 3938 omnes
2885 3884 2937 3934 in
2969 3880 3214 3934 eamdem
3258 3878 3405 3929 ivere

1840 3989 2194 4050 sententiam;
2232 3994 2513 4053 postremo
2546 3985 2611 4032 ad
2662 3976 3018 4045 seriptionem
3054 3967 3404 4030 deﬁnitionis,

1840 4091 1900 4137 ut
1926 4096 2023 4150 par
2060 4087 2196 4141 erat,
2226 4093 2285 4130 se
2305 4082 2727 4136 converterunt;
2767 4078 2820 4120 et
2861 4067 3068 4133 reliqua
3094 4078 3215 4130 quae
3251 4060 3407 4130 pacis

1837 4182 2012 4236 erant,
2059 4179 2310 4240 egerunt,
2373 4179 2431 4219 ut
2477 4165 2718 4219 divinum
2758 4163 2859 4215 hoc
2898 4167 2950 4212 et
2987 4165 3232 4227 sanctum
3269 4166 3410 4219 opus

1840 4265 2147 4327 concordiae
2170 4273 2224 4316 et
2249 4259 2475 4314 unitatis
2501 4256 2938 4311 Christianorum
2966 4250 3126 4302 linem
3159 4246 3406 4299 haberet.

2497 4430 2740 4486 EPHES.

1915 4536 2025 4603 Ego
2061 4547 2193 4585 vero
2223 4545 2286 4582 ex
2323 4542 2385 4580 eo
2419 4536 2662 4591 tempore
2708 4526 3024 4589 segregatus
3071 4515 3141 4568 ab
3186 4513 3315 4574 illis,
3357 4518 3411 4563 et

140 4632 362 4692 λάσας,
393 4627 478 4679 ἴνα
503 4628 616 4688 τοῖς
642 4624 817 4692 ἁγίοις
853 4642 952 4692 μου
986 4624 1236 4692 Πατράσι
1271 4623 1362 4674 καὶ
1392 4620 1733 4681 διδασκάλοις

1842 4629 1970 4681 mihi
2007 4625 2107 4694 ipsi
2142 4637 2362 4680 vacans,
2399 4629 2455 4672 ttt
2483 4617 2692 4671 sanctis
2729 4614 2860 4665 meis
2895 4609 3152 4662 Patribus
3181 4622 3245 4660 ac
3284 4608 3409 4659 doce

141 4720 396 4776 διατελῶ
467 4717 832 4785 συνημμένος,
891 4717 1025 4767 πᾶσι
1081 4715 1366 4783 καταφανῆ
1425 4713 1564 4764 ποιῶ
1637 4712 1734 4780 τὴν

145 4816 170 4862 ὲ
190 4807 414 4879 μαυτοῦ
451 4806 676 4874 γνώμην
713 4805 802 4856 διὰ
823 4805 982 4872 τῆσδὲ
1025 4822 1127 4873 μου
1155 4805 1256 4872 τῆς
1285 4803 1506 4872 γραφῆς
1534 4818 1548 4832 ⁸
1573 4801 1645 4863 ὡς
1672 4802 1737 4853 ἃ)

145 4903 255 4971 ἐξῇ
293 4899 615 4968 δ’,κιμάζειν
641 4896 718 4964 τῷ
759 4897 1094 4964 βουλομένῳ,
1135 4896 1364 4964 πότερον
1409 4895 1586 4961 ὑγιέσι
1617 4895 1740 4960 δόγ-

148 5009 304 5062 μασι
344 4989 572 5058 χαίρων,
610 4986 642 5056 ἠ
686 4986 1141 5054 διεστραμμένοις
1191 4985 1447 5052 τισὶ,τὴν
1511 4999 1740 5050 γεγενη-

148 5088 344 5156 μένην
371 5083 565 5134 ἕνωσιν
598 5082 656 5133 οὺ
695 5080 1109 5150 παρεδεξάμην.

864 5173 1068 5225 AHOA.

235 5267 356 5320 Καὶ
388 5266 582 5332 ciu-psit
629 5263 921 5334 χωρισθεὶς
962 5265 1067 5315 ἀπὸ
1096 5264 1206 5316 τῶν
1240 5265 1500 5334 Πατέρων
1534 5265 1630 5332 τῆς
1669 5265 1742 5317 ie-

145 5363 266 5430 ρᾶς
319 5357 562 5418 συνόδου,
617 5357 1028 5426 κεχωρισμένος
1087 5350 1136 5406 εἴ
1187 5360 1275 5408 καὶ
1313 5357 1410 5424 τῆς
1463 5359 1613 5421 ἱερᾶς
1646 5357 1741 5408 τοῦ

143 5448 410 5517 Χριστοῦ
447 5447 681 5517 ποίμνης
710 5463 723 5476 ·
759 5447 1167 5517 κεχωρισμένος
1218 5443 1312 5500 οὖν
1357 5451 1454 5516 τῆς
1483 5449 1576 5500 τοῦ
1607 5449 1740 5516 Χρι-

144 5542 295 5595 στοῦ
347 5540 613 5611 μάνδρας,
646 5539 749 5602 ἔξω
782 5537 832 5591 εἷ
862 5543 965 5607 τῆς
1015 5543 1289 5608 σωστικῆς
1326 5540 1562 5593 κιϐωτοῦ
1592 5556 1604 5568 ·
1650 5542 1741 5592 τὸν

139 5637 206 5687 δὲ
249 5634 360 5698 ἔξω
398 5635 492 5702 τῆς
526 5633 652 5699 νηὶς
683 5632 810 5683 ὄντα
848 5634 1056 5701 ἀνάγκη
1090 5633 1471 5698 βασανίζεσθαι
1506 5633 1610 5686 ὑπὸ
1634 5633 1740 5685 τῶν

140 5726 440 5793 κυμάτων
495 5725 594 5795 τῆς
630 5725 909 5794 μοχθηρᾶς
949 5725 1239 5794 αίρέσεως.
1279 5726 1389 5787 Πᾶς
1428 5725 1532 5794 γὰρ
1575 5727 1600 5776 ὀ
1645 5727 1740 5794 τῆς

143 5818 559 5888 σ,ἰκου;).ενικῆς
584 5818 804 5871 συνόδου
827 5818 1114 5889 χωρισθεὶς
1141 5816 1333 5888 ἐχθρὸς
1360 5818 1739 5874 ἀποδείκνυται

1843 4718 2055 4773 toribus
2090 4726 2346 4784 perpetuo
2377 4711 2716 4770 adhaereant;
2752 4720 2846 4771 per
2878 4704 3016 4754 hanc
3047 4715 3220 4753 meant
3241 4698 3414 4764 scrip-

1845 4821 2018 4864 turatn
2053 4808 2308 4861 omnibus
2342 4816 2520 4856 notam
2557 4799 2695 4852 iacio
2733 4793 3058 4850 sententiam
3109 4805 3315 4850 nteant;
3354 4798 3412 4841 ut

1844 4901 2003 4954 liceat
2020 4899 2215 4952 volenti
2240 4896 2460 4948 cuilibet
2495 4889 2823 4958 expendere,
2873 4885 3182 4938 nnm'recta
3219 4878 3410 4933 deleti--

1845 4993 1980 5046 dens
2013 5007 2078 5042 an
2110 5002 2365 5056 perversa
2396 4986 2672 5054 dogmata,
2698 4981 2895 5054 factam
2923 4979 3180 5032 unionem
3207 4971 3409 5038 ample,-

1848 5100 1946 5138 xus
1980 5098 2084 5136 non
2125 5080 2339 5134 luerim.

2525 5167 2722 5223 RESP.

1917 5268 1979 5321 Et
2008 5278 2061 5320 tu
2093 5265 2308 5335 quidem
2332 5273 2644 5332 segregatus
2663 5277 2688 5313 a
2713 5258 2969 5314 Patribus
2997 5269 3167 5310 saera
3192 5251 3409 5323 synodi,

1845 5363 1910 5414 ab
1941 5360 2070 5412 ovili
2104 5361 2268 5410 etiam
2319 5356 2520 5409 (λη-ἱξειί
2572 5369 2630 5405 es
2671 5360 2992 5420 segregatus
3039 5365 3053 5400 :
3097 5355 3412 5416 segregatus

1849 5468 1977 5506 vero
2028 5467 2057 5503 a
2115 5464 2275 5518 grege
2321 5446 2550 5510 Christi,
2597 5455 2750 5497 extra
2818 5446 3117 5495 salutarent
3174 5435 3412 5492 versat-is

1851 5557 2072 5597 aream:
2123 5541 2274 5593 illum
2309 5553 2471 5606 porto
2521 5538 2612 5605 qui
2646 5545 2798 5590 extra
2848 5549 3039 5586 navem
3076 5540 3180 5592 est,
3221 5526 3411 5594 agitari

1849 5645 2058 5705 oportet
2088 5648 2266 5702 prava:
2305 5632 2575 5684 haereseos
2610 5628 2886 5680 ﬂuetibus.
2918 5623 3107 5678 Omnis
3139 5621 3283 5674 enim
3317 5617 3410 5685 qui

1850 5745 1876 5781 a
1933 5727 2142 5797 synodo
2194 5724 2500 5778 secernitur
2559 5721 2920 5781 (ecumenica,
2985 5718 3188 5770 hostem
3241 5713 3286 5762 ei
3353 5724 3412 5762 se

1848 5820 2092 5890 praebet,
2130 5818 2378 5874 hostibus
2419 5827 2599 5870 autem
2651 5813 2986 5882 synodorum
3045 5807 3379 5860 (Buttttcntt'a
