4160 6424
779 381 912 446 1091

1753 386 2065 446 JOSEPHI
2099 389 2150 447 M
2167 382 2650 446 ETHONENSIS'
2680 385 3023 444 EPISCOPI

3872 381 3996 450 109:?

777 513 896 552 rum
927 494 1058 549 illud
1092 510 1253 549 unum
1288 495 1489 550 inditur
1513 511 1735 560 nomen,
1771 510 1828 552 ut
1860 501 2198 567 appellentur
2228 503 2336 553 ha:-

2447 500 2676 566 ταύτης·
2713 499 2762 549 οἱ
2793 497 2850 548 δὲ
2904 497 3013 547 τῶν
3065 497 3469 562 οἱκουμενικῶν
3531 496 3765 548 συνόδων
3821 497 3992 562 ἐχθροὶ

777 589 954 642 retici.
995 587 1102 641 Nos
1153 603 1280 640 vero
1329 603 1393 642 ne
1424 588 1708 642 incurabili
1745 589 1844 642 hoc
1881 593 2070 644 morbo
2124 594 2337 646 labore-

779 694 920 740 mus,
978 692 1040 731 ac
1087 692 1181 745 per
1223 678 1397 745 ipsum
1455 679 1636 734 hostes
1705 681 1959 734 Ecclesiae
2023 683 2220 735 Christi
2283 693 2336 734 et

776 771 1010 825 haeretici
1037 771 1330 825 evadamus
1352 813 1367 836 ,
1399 784 1762 828 sacrosancta:
1799 775 1924 829 huic
1954 778 2159 846 synodo
2204 792 2334 830 nos-

777 861 1034 929 metipsos
1062 862 1407 929 subj-ieiunus.
1448 872 1502 918 et
1530 867 1914 933 amplectimur
1944 867 2232 920 unitatem.
2267 866 2335 919 Et

775 961 829 1003 tu
860 951 1079 1020 quidem
1133 969 1256 1006 eum
1296 953 1457 1007 lamis
1492 956 1916 1024 cogitationibus
1972 973 2217 1018 vacares.
2277 969 2334 1013 et

775 1041 992 1095 inanem
1052 1046 1402 1112 ancupareris
1454 1047 1760 1115 gloriolam.
1812 1063 2108 1116 auramque
2158 1065 2333 1118 popu-

780 1131 969 1194 larem,
1001 1135 1199 1201 quibns
1253 1136 1474 1190 assidue
1529 1136 1808 1207 (inseque
1859 1139 2240 1203 oblectabat-is.
2277 1142 2331 1194 in

775 1237 1180 1280 sacrosanctam
1267 1230 1534 1298 synodum
1617 1229 1933 1298 blasphema
2012 1231 2332 1288 oﬂundebas

781 1316 942 1370 verba
979 1334 992 1371 :
1027 1334 1128 1372 nos
1167 1329 1344 1373 autem
1387 1337 1510 1374 cum
1548 1334 1860 1376 sanctorum
1909 1323 2071 1378 dictis
2109 1340 2336 1378 vacave-

782 1409 979 1471 rimus,
1004 1427 1122 1464 eam
1154 1413 1511 1478 honoramus,
1543 1431 1753 1482 proque
1789 1417 1901 1482 ipsa
1935 1417 2181 1485 quotidie
2213 1433 2333 1485 pro-

784 1517 1107 1570 pugnamus.
1141 1506 1212 1561 Ut
1249 1521 1374 1560 vero
1406 1508 1690 1576 impudens
1736 1521 1886 1564 tuum
1916 1526 2000 1574 os,
2038 1513 2179 1580 quod
2217 1513 2335 1578 fini-

781 1595 1043 1659 quitatetn
1075 1605 1127 1649 et
1167 1597 1557 1666 blasphemiam
1593 1601 1647 1654 iu
1699 1602 1917 1654 excelso
1946 1605 2185 1656 locutum
2227 1613 2332 1668 est,

780 1693 1022 1753 tempore
1071 1703 1267 1744 amara:
1310 1701 1414 1744 tum
1449 1707 1512 1745 ex
1546 1692 1646 1746 hac
1678 1693 1781 1746 vita
1842 1694 2181 1761 migrationis
2227 1710 2330 1761 op-

777 1778 975 1845 pletum
1011 1782 1080 1833 sit
1108 1782 1382 1848 sordibus,
1413 1794 1615 1836 norunt
1647 1786 1737 1851 qui
1782 1802 1966 1839 verum
2007 1787 2161 1840 fateri
2195 1786 2334 1840 didi-

2438 591 2538 642 οὐκ
2585 590 2714 641 ἄλλο
2765 588 3137 656 λαμϐάνουσιν
3187 588 3440 656 δνομα,ἢ
3491 588 3758 656 αἱρετικοὶ
3812 589 3992 652 ὀνομά-

2438 682 2646 743 ζονται.
2694 681 2887 746 Ἰῖμεῖς
2920 680 2974 730 δὲ
3006 681 3090 732 ἵνα
3131 679 3202 748 μὴ
3231 681 3329 744 τὴν
3362 681 3576 732 ἀνίατον
3611 680 3812 748 ταύτην
3847 684 3992 744 vasi:-

2441 790 2645 840 σωμεν,
2675 774 2770 824 καὶ
2807 773 3074 839 αίρετικοὶ
3128 771 3221 823 καὶ
3267 771 3452 840 ἐχθροὶ
3484 773 3569 824 διὰ
3600 773 3803 840 ταύτης
3835 773 3991 836 γενῶ-

2441 861 2579 929 μεθα
2603 861 2699 927 τῆς
2724 861 2815 912 τού
2835 859 3069 928 Χριστοῦ
3109 859 3465 928 Ἐκκλησίας.
3485 863 3550 926 τῇ
3572 861 3692 929 ἱερᾷ
3714 862 3886 928 ταύτῃ
3910 863 3990 911 καὶ

2441 953 2572 1024 ἁγίᾳ.
2623 954 2826 1022 συνόδῳ
2857 951 3301 1020 ύποτασσόμεθα,
3354 952 3448 1005 καὶ
3481 954 3538 1004 ὲν
3589 951 3781 1004 ἑνώσει
3815 952 3990 1020 ὲσμέν.

2441 1047 2549 1098 Καὶ
2581 1047 2646 1098 σὺ
2676 1046 2774 1114 μὲν
2807 1044 3073 1115 σχολάσας
3107 1044 3358 1113 μωρίαις,
3393 1044 3488 1096 καὶ
3517 1043 3878 1109 δοξοφανίιις.
3909 1042 3992 1094 καὶ

2436 1140 2626 1202 τιμαῖς
2657 1136 2768 1188 τῶν
2800 1136 2996 1188 κοινῶν
3046 1135 3374 1204 ἀνθρώπων,
3422 1135 3517 1188 καὶ
3546 1137 3778 1195 ταύταις
3814 1137 3992 1202 ἐντρυ-

2437 1231 2555 1298 φῶν
2584 1228 2702 1281 καθ’
2739 1229 3000 1299 ἑκάστην,
3033 1227 3395 1297 βλασφήμους
3425 1227 3763 1296 ἁπέρῤιπτες
3816 1226 3993 1290 λόγους

2439 1322 2581 1374 κατὰ
2610 1323 2709 1390 τῆς
2741 1322 2896 1390 ῖερᾶς
2950 1324 3046 1373 καὶ
3091 1321 3254 1386 ἁγίας
3288 1318 3542 1372 συνόδου·
3572 1319 3735 1386 ἡμεῖς
3771 1318 3828 1369 δὲ
3879 1335 3990 1384 σκο-

2437 1402 2707 1478 λὰσαντες
2745 1415 2858 1475 τοῖς
2890 1414 3000 1465 τῶν
3046 1413 3217 1479 ἁγίων
3266 1414 3448 1482 ῥητοῖς
3503 1413 3758 1480 τιμῶμεν
3808 1413 3989 1477 αὐτὴν,

2439 1506 2533 1558 καὶ
2560 1506 2731 1574 αὐτῆς
2754 1504 3209 1575 ὑπερασπίζομεν
3236 1504 3356 1557 καθ’
3390 1504 3652 1570 ἑκάστην.
3678 1504 3879 1564 Ὅπως
3910 1498 3992 1554 οὖν

2438 1598 2534 1649 καὶ
2562 1598 2620 1650 τὸ
2659 1598 2876 1660 ἀναιδές
2923 1614 3017 1650 σου
3052 1598 3251 1665 στόμα,
3304 1598 3365 1649 τὸ
3392 1597 3632 1659 λαλῆσαν
3671 1596 3889 1648 ἀδικίαν
3924 1596 3992 1656 εἰς

2436 1688 2498 1740 τὸ
2530 1687 2663 1756 ὕψος
2706 1690 2798 1740 καὶ
2855 1687 3231 1757 βλασφημίαν,
3280 1686 3570 1756 ἐπληρώθη
3624 1687 3892 1754 αἰσχύνης
3944 1688 3992 1737 ὲν

2437 1780 2515 1849 τῷ
2555 1779 2734 1848 καιρῷ
2787 1779 2886 1848 τῆς
2945 1773 3044 1846 σῆς
3086 1781 3288 1848 πικρᾶς
3343 1779 3676 1842 ἀναλύσεως,
3722 1777 3903 1830 ῖσασιν
3951 1779 3992 1829 οῖ

780 1878 990 1922 evrum.
1027 1868 1089 1921 Et
1114 1880 1166 1922 tu
1194 1871 1437 1940 quidem,
1468 1883 1522 1924 ιιι
1550 1875 1652 1937 ais,
1687 1876 1889 1929 sanctis
1932 1877 2039 1930 tuis
2078 1877 2335 1931 Patribus

2447 1873 2648 1941 τὰληθῆ
2681 1873 2860 1939 λέγειν
2901 1871 3301 1938 μεμαθηκότες.
3328 1872 3439 1923 Καὶ
3471 1872 3535 1923 σὺ
3568 1871 3668 1938 μὲν
3696 1871 3992 1940 συνήφθης,

780 1969 843 2007 ac
870 1955 1184 2010 doctoribus
1209 1970 1256 2012 te
1282 1961 1598 2029 adiunxisti,
1634 1961 1829 2016 Photio
1860 1964 2334 2019 schismaticorum

780 2047 1031 2116 principi.
1069 2050 1178 2101 imo
1219 2066 1350 2103 vero
1377 2053 1586 2106 auctori
1623 2062 1678 2107 et
1712 2055 1893 2122 opiﬁci
1950 2057 2258 2110 schisntatis
2286 2066 2341 2111 et

777 2141 1011 2203 dissidii,
1061 2141 1346 2205 Cabasilzc.
1407 2144 1659 2207 Palamm.
1710 2147 2026 2213 Camatero,
2074 2147 2336 2213 Phurnio,

779 2230 977 2293 Psello.
1033 2233 1455 2303 Musrhampari,
1511 2237 1792 2305 Bulgaria,
1848 2238 2068 2294 Nicolao
2138 2239 2340 2294 Metho-

783 2325 960 2384 nensi,
1012 2323 1299 2388 Panareto,
1335 2337 1384 2380 et
1415 2329 1650 2391 creteris.
1696 2330 1788 2398 qui
1840 2342 1960 2398 post
2000 2332 2238 2386 schistna
2286 2341 2342 2386 et

779 2416 1001 2466 multaut
1063 2419 1472 2472 contentionem
1510 2420 1564 2472 in
1613 2421 1912 2474 Romanam
1971 2423 2168 2477 invecti
2213 2432 2342 2477 sunt

778 2503 1099 2568 Erclesiam,
1142 2519 1194 2560 et
1229 2507 1490 2576 Spiritum
1541 2525 1604 2562 ex
1657 2511 1775 2564 solo
1811 2510 1968 2566 Patre
2027 2513 2343 2580 ignorantiae

777 2609 841 2648 ac
896 2597 1242 2663 inmorientis;
1297 2600 1454 2667 nugis
1503 2601 1887 2662 afﬁrmarent.
1942 2605 2129 2656 eadem
2186 2607 2343 2673 plane

777 2689 1104 2748 sentientes.
1147 2705 1266 2756 qua:
1305 2690 1580 2758 desipiens
1635 2693 1942 2759 Nestorins,
1984 2713 2108 2752 nam
2148 2707 2202 2751 ct
2253 2701 2342 2753 ille

779 2778 876 2830 soli
909 2775 1053 2832 Patri
1089 2781 1501 2847 productionem
1527 2781 1761 2850 Spiritus
1791 2787 2081 2840 tribuebat.
2111 2788 2185 2841 lta
2211 2803 2340 2842 vero

778 2869 1058 2935 seiunctus
1099 2887 1156 2924 es
1187 2873 1364 2938 primo
1403 2875 1615 2940 quidem
1650 2875 1717 2928 ab
1764 2879 2018 2931 omnibus
2048 2881 2252 2932 sanctis
2281 2895 2343 2933 ac

780 2960 986 3014 divinis
1012 2960 1282 3026 Pati-ibus,
1319 2964 1408 3032 qui
1442 2965 1493 3016 in
1531 2967 1877 3032 generalibus
1911 2970 2182 3023 emicuere
2209 2986 2341 3023 con-

778 3051 951 3113 ciliis,
1015 3052 1209 3105 deinde
1260 3055 1328 3107 ab
1374 3057 1630 3108 omnibus
1670 3057 1760 3124 qni
1817 3073 1972 3112 sacra
2019 3061 2342 3127 scriptorum

780 3153 1130 3197 monumenta
1165 3145 1538 3213 relinquentes
1568 3149 1850 3216 perspicue
1870 3149 2193 3213 docuerunt,
2224 3153 2342 3221 Spi-

779 3235 942 3286 ritum
973 3243 1222 3289 sancmm
1258 3252 1322 3291 ex
1352 3237 1508 3291 Patre
1534 3248 1586 3292 et
1617 3239 1750 3294 Filio
1779 3243 2073 3309 procedere
2104 3260 2118 3309 ;
2160 3258 2224 3298 ac
2249 3260 2343 3313 per

778 3323 995 3391 Filium,
1021 3335 1074 3381 et
1093 3343 1157 3381 cx
1183 3326 1338 3393 Filio,
1363 3331 1497 3384 etab
1517 3340 1766 3398 utroque,
1795 3341 1848 3386 et
1873 3334 2100 3402 reliqua,
2126 3335 2254 3387 dum
2279 3335 2344 3388 de

781 3417 941 3470 rebus
962 3417 1160 3473 divinis
1182 3431 1422 3490 agerent,
1447 3424 1727 3478 manifeste
1746 3425 2088 3480 tradiderunt
2111 3443 2124 3479 :
2153 3425 2188 3478 ii
2214 3440 2344 3479 vero

779 3519 925 3572 sunt,
964 3511 1219 3572 Hilarius.
1282 3514 1633 3576 Athanasius.
1668 3517 2038 3584 Augustinus,
2085 3517 2338 3584 Basilius,

782 3598 1510 3669 Hieronymus,Ambrosius,
1531 3605 1826 3671 Gregorius
1849 3608 2118 3676 Dialogus.
2136 3609 2341 3678 Grego-

783 3691 898 3743 rius
917 3690 1239 3759 Tbcologus.
1267 3711 1491 3762 magnus
1509 3695 1954 3763 Cbrysos'tnmus,
1978 3697 2339 3776 Epiphanius,

785 3779 892 3834 Leo
921 3780 1171 3846 Magnus,
1215 3783 1501 3850 Maximus,
1537 3786 1877 3847 Anastasius,
1929 3787 2204 3851 Tarasius,
2239 3789 2342 3841 ba-

784 3889 1094 3937 niascenns.
1133 3885 1187 3929 et
1235 3876 1348 3936 alii.
1398 3877 1504 3930 Nos
1555 3888 1735 3930 autem
1793 3880 1859 3932 ab
1909 3881 1996 3942 iis,
2033 3882 2232 3949 quibus
2285 3893 2338 3936 tu

783 3963 1079 4025 adbzesisti.
1117 3965 1342 4019 omnino
1372 3967 1732 4036 sejungimur,
1759 3984 1857 4022 nec
1891 3971 2054 4023 ullam
2087 3986 2206 4025 esse
2241 3988 2339 4024 vo-

784 4053 964 4109 lumus
999 4055 1140 4107 inter
1172 4070 1272 4109 nos
1317 4066 1372 4108 et
1418 4057 1540 4111 tllos
1580 4059 2026 4114 communionem
2057 4079 2071 4115 :
2109 4076 2234 4115 cum
2275 4061 2342 4116 iis

781 4159 913 4196 vero
946 4156 1258 4200 reverenter
1287 4148 1697 4217 conjungimur.
1733 4166 1761 4203 a
1805 4153 2006 4220 quibus
2041 4153 2156 4222 ipse
2179 4163 2343 4209 temet

781 4235 1115 4304 disjunxisti.
1140 4237 1205 4292 Et
1228 4247 1284 4290 tu
1307 4241 1524 4307 quidem
1551 4242 1605 4295 in
1625 4245 1864 4298 secundo
1882 4244 2083 4299 Christi
2107 4247 2339 4301 adventu

791 4328 935 4380 inter
975 4329 1096 4382 illos
1126 4332 1452 4394 numereris,
1489 4334 1579 4400 qui
1637 4335 1898 4402 Spiritum
1929 4353 1992 4391 ex
2031 4338 2149 4392 solo
2183 4337 2338 4391 Patre

784 4418 1041 4473 dixerunt
1069 4438 1083 4473 :
1118 4422 1274 4476 nobis
1307 4437 1434 4476 vero
1465 4425 1747 4494 contingat
1786 4427 1905 4495 ejus
1950 4436 2078 4483 tunc
2107 4445 2226 4484 esse
2253 4446 2341 4484 or-

2439 1965 2515 2027 ὠς
2544 1967 2672 2035 φῂς,
2706 1969 2818 2027 τοῖς
2871 1965 3048 2032 ἁγίοις
3089 1980 3183 2016 σου
3225 1965 3473 2030 Πατράσι
3506 1964 3597 2016 καὶ
3639 1963 3993 2022 διδασκάλοις,

2441 2057 2630 2125 Φωτίῳ
2662 2056 2741 2124 τῷ
2776 2057 2977 2124 πρώτῳ
3001 2055 3368 2124 σχισματικῷ,
3407 2055 3608 2124 μᾶλλον
3633 2056 3689 2107 δὲ
3723 2055 3997 2122 αὐτουργῷ

2442 2151 2535 2201 καῖ
2571 2148 2891 2217 δημιουργῷ
2924 2147 3019 2199 τοῦ
3067 2147 3367 2214 σχίσματος
3396 2148 3492 2198 καὶ
3531 2148 3630 2214 τῆς
3661 2147 3996 2215 διαιρέσεως,

2443 2240 2752 2310 Καεασιλᾷ,
2789 2239 3045 2308 Παλαμᾷ,
3090 2237 3432 2307 Καματηρῷ.
3495 2238 3732 2305 Φουρνῇ,
3791 2237 3995 2304 Ψελλῷ,

2442 2334 2841 2401 Μοσχάμπαρι,
2867 2330 3200 2398 Βουλγαρίᾳ,
3235 2327 3486 2398 Νικολάῳ
3513 2328 3802 2396 Μεθώνης,
3828 2331 3999 2381 Πανα-

2447 2423 2607 2490 ρέτῳ,
2651 2423 2746 2474 καὶ
2763 2423 2874 2483 τοῖς
2904 2421 3135 2481 λοιποῖς,
3168 2423 3277 2482 τοῖς
3313 2420 3450 2488 μετὰ
3477 2419 3538 2471 τὸ
3568 2421 3774 2488 σχίσμα
3800 2423 3892 2472 καὶ
3911 2421 4001 2484 τὴν

2448 2513 2650 2584 πολλὴν
2683 2513 2799 2581 ἔριν
2823 2513 2962 2564 κατὰ
2989 2515 3086 2580 τῆς
3101 2510 3420 2579 Ῥωμαῖκῆς
3457 2511 3786 2578 Ἐκκλησίας
3821 2512 4003 2562 sino-3-

2446 2605 2648 2664 ot.,xct‘t
2691 2605 2754 2655 ὲκ
2790 2604 2950 2672 μόνου
2981 2603 3074 2655 τοῦ
3104 2601 3319 2668 Πατρὸς
3363 2601 3422 2654 τὸ
3453 2599 3673 2668 Πνεῦμα
3700 2602 3928 2670 ἀμαθῶς
3950 2620 4002 2652 τε

2445 2695 2541 2746 καὶ
2573 2694 2807 2755 ἀναιδῶς
2840 2693 3214 2761 φλυαρήσασι,
3240 2690 3518 2760 Νεστορίῳ
3544 2689 3622 2759 τῷ
3648 2691 4006 2759 φρενοϐλαόεί

2445 2784 2588 2837 κατὰ
2613 2786 2791 2838 πάντα
2817 2783 3160 2851 ὁμονοοῦσιν,
3191 2783 3398 2834 είπόντι
3444 2782 3682 2850 κάκείνῳ
3727 2785 3792 2834 ὲκ
3845 2784 4005 2847 μάνςυ

2446 2875 2542 2927 τοῦ
2575 2876 2824 2943 Πατρός’
2863 2873 3154 2944 χωρισθεὶς
3192 2874 3408 2942 πρῶτον
3463 2873 3682 2926 πάντων
3707 2875 3818 2926 τῶν
3847 2875 4006 2925 θείων

2446 2965 2540 3019 καὶ
2564 2966 2734 3032 ἁγίων
2772 2966 3031 3034 Πατάρων
3057 2963 3168 3017 τῶν
3199 2966 3254 3016 ἐν
3285 2967 3405 3026 ταῖς
3450 2966 3860 3033 οίκονμενικαῖς
3903 2967 4011 3017 διαρ-

2447 3056 2772 3124 πρεψάντων
2800 3056 3067 3120 συνόδοις,
3091 3051 3208 3107 εἶτα
3227 3055 3445 3108 πάντων
3471 3056 3575 3106 τῶν
3597 3056 4008 3126 συγγράμματα

2452 3147 2570 3201 θεῖα
2599 3148 3031 3212 καταλιπόντων,
3071 3147 3137 3199 δι’
3183 3141 3260 3201 ὧν
3312 3148 3375 3199 ἐκ
3404 3146 3498 3199 τοῦ
3533 3147 3743 3214 Πατρὸς
3791 3147 3885 3199 καὶ
3918 3148 4008 3199 τοῦ

2455 3239 2585 3292 Υίοῦ
2620 3244 2677 3292 τὸ
2701 3240 2856 3306 άγιον
2894 3239 3295 3308 ἐκπορεύεσθαι
3325 3239 3548 3306 Πνεῦμα
3578 3239 3884 3309 δισῤῥήδην
3919 3241 4012 3306 ἐμ-

2448 3332 2699 3398 φαίνεται
2732 3347 2745 3360 °
2778 3331 2874 3383 καὶ
2898 3331 2965 3384 δι’
2993 3330 3150 3391 Υίοῦ,
3186 3332 3279 3383 καὶ
3335 3330 3394 3395 ἐξ
3418 3329 3571 3393 Υίοῦ,
3598 3330 3694 3383 καὶ
3738 3331 3798 3394 ἐξ
3833 3333 4014 3398 ἀμφο·

2446 3423 2643 3491 τέρων,
2682 3423 2776 3474 καὶ
2810 3423 2876 3474 τὰ
2905 3421 3068 3474 λοιπὰ
3111 3421 3502 3488 θεολογούντων
3539 3423 3850 3487 ἀναφανδόν
3878 3439 3893 3453 ·
3935 3424 4010 3477 οἷς

2445 3514 2590 3574 τινές
2614 3513 2770 3574 είσιν,
2815 3513 3065 3579 ’ῖλὰριος,
3111 3513 3856 3578 Ἀθανὰσιος,Δὺγουστῖνος,
3913 3514 4014 3566 Ba-

2449 3601 2664 3665 σίλειος,
2689 3601 3060 3671 ὶΊερώνυμος,
3112 3601 3462 3672 ’Δμόρόσιος,
3491 3602 3798 3672 Γρηγόριος
3833 3607 3861 3655 ὁ
3899 3607 4019 3656 Διά·

2445 3694 2625 3760 λογος,
2649 3694 2956 3764 Γρηγόριος
2985 3694 3012 3745 ὁ
3030 3693 3311 3760 Θεολόγος,
3341 3697 3370 3747 ὁ
3400 3693 3566 3762 μέγας
3591 3693 4014 3764 Χρυσόστομοςς

2457 3783 2798 3850 Ἐπιφάνιος.
2855 3783 3144 3850 Κύριλλος,
3204 3785 3358 3837 Λέων
3402 3787 3430 3836 ὁ
3491 3784 3687 3852 μέγας,
3735 3786 4016 3852 Μάξιμος,

2448 3874 2824 3936 ’Λναστάσιος,
2877 3875 3178 3942 Ταράσιος,
3235 3875 3615 3942 Δαμασκηνὸς,
3657 3877 3752 3926 καὶ
3812 3879 4016 3944 ἕτεροι.

2458 3964 2650 4033 Ἡμεῖς
2676 3965 2753 4029 δὲ,
2785 3958 2859 4017 ὧν
2897 3966 2996 4032 μὲν
3025 3966 3089 4016 σὺ
3142 3965 3441 4033 συνήφθης,
3505 3965 3794 4025 παντελῶς
3848 3984 4018 4035 χωρι-

2446 4057 2674 4125 ζόμεθα,
2716 4057 2809 4110 καὶ
2839 4057 3099 4122 οὐδεμίαν
3124 4060 3410 4109 κοινωνίαν
3438 4055 3745 4124 βουλόμεθα
3795 4058 3829 4126 ἦ
3863 4059 4014 4109 θέλο-

2449 4165 2548 4217 μεν
2578 4148 2698 4215 μετ⁹
2731 4148 2910 4200 αὐτῶν
2966 4148 3144 4215 ἔχειν·
3182 4141 3258 4199 ὦν
3282 4147 3337 4199 δι
3384 4148 3447 4199 σὺ
3476 4145 3819 4215 ὲχωρίσθης,
3858 4149 4018 4216 ἡμεῖς

2447 4239 2691 4299 εὐλαόῶς
2725 4238 3109 4306 συναπτόμεθα
3146 4253 3159 4268 ·
3204 4238 3299 4289 καὶ
3355 4237 3418 4289 σὺ
3454 4237 3552 4304 μὶν
3593 4237 3735 4304 μετὰ
3788 4239 3904 4290 τῶν
3965 4243 4020 4288 ἐγ

2453 4335 2612 4401 μόνου
2647 4331 2742 4384 τοῦ
2777 4332 2988 4399 Πατρδς
3045 4330 3310 4382 εἰπόντων
3353 4329 3415 4380 τὸ
3453 4329 3678 4397 Πνεῦμα
3709 4333 3773 4380 ἐν
3811 4334 3878 4398 τῇ
3911 4332 4028 4382 δευ-

2446 4423 2578 4493 τέρᾳ
2608 4421 2702 4474 τοῦ
2762 4420 3001 4486 Χριστοῦ
3049 4420 3324 4490 παρουσίᾳ
3381 4421 3664 4489 ευρεθείης
3719 4438 4024 4487 συντεταγ-

783 4510 950 4574 dinis,
994 4512 1047 4565 in
1093 4528 1202 4580 quo
1232 4523 1360 4568 sunt
1388 4516 1482 4584 qui
1514 4517 1696 4570 divina
1736 4529 2036 4575 tractantes
2075 4519 2338 4589 Spiritum

2454 4517 2632 4582 μένος,
2679 4516 2840 4583 ἡμεῖς
2871 4515 2926 4566 δὲ
2968 4513 3106 4582 μετὰ
3136 4513 3245 4566 τῶν
3295 4513 3741 4580 οεολογησάντων
3793 4515 3934 4566 αὐτὸ

783 4616 847 4654 ex
877 4601 1036 4655 Patre
1065 4603 1300 4659 I'atcntur
1331 4617 1385 4658 et
1441 4607 1596 4662 Filio.
1631 4610 1696 4663 Et
1724 4620 1777 4663 tu
1806 4612 2024 4680 quidem
2058 4614 2147 4666 hic
2181 4629 2338 4682 syno-

783 4691 854 4742 do
880 4699 932 4745 et
955 4691 1206 4747 Romana:
1235 4693 1487 4749 Ecclesia:
1510 4712 1630 4750 cum
1654 4701 1728 4752 sis
1751 4701 2023 4764 inimicus,
2049 4702 2121 4755 ibi
2143 4703 2343 4770 pariter

782 4781 1070 4837 habeberis
1095 4784 1216 4852 ejus
1239 4785 1494 4842 inimicus
1523 4808 1535 4842 :
1560 4805 1658 4842 nos
1682 4806 1808 4843 vero
1832 4807 1956 4845 cum
1990 4793 2078 4846 hic
2103 4794 2262 4845 amiri
2289 4804 2342 4846 et

781 4872 1140 4940 obsequentes
1175 4877 1452 4932 catholicae
1492 4879 1689 4933 Chriin
1740 4880 1994 4936 Ecclesia:
2024 4894 2076 4936 et
2106 4885 2340 4951 generali

782 4963 1014 5017 concilio
1037 4965 1233 5026 simus.
1267 4983 1573 5034 precamur,
1607 4979 1666 5024 ut
1711 4973 1778 5024 ibi
1805 4973 1969 5026 etiam
2002 4974 2136 5026 tales
2192 4989 2342 5040 repe-

783 5053 1010 5108 riamnr.
1043 5054 1191 5108 Hane
1221 5072 1382 5126 porro
1406 5069 1550 5112 tuam
1578 5063 1899 5115 sententiam
1925 5110 1936 5123 ,
1967 5079 2129 5131 quam
2161 5075 2340 5117 notam

780 5147 1035 5200 omnibus
1075 5146 1229 5212 facis,
1275 5165 1373 5203 nos
1406 5149 1514 5203 Deo
1546 5151 1759 5205 favente
1783 5153 1892 5221 jam
1923 5152 2341 5218 confutavimus,

783 5235 980 5303 partim
1010 5253 1130 5307 qua:
1157 5239 1210 5292 in
1235 5255 1297 5294 ea
1329 5249 1458 5294 sunt
1479 5282 1492 5304 ,
1517 5243 1754 5295 absurda
1785 5244 2191 5311 redarguentes,
2219 5261 2342 5310 par-

782 5330 877 5379 tim
909 5344 970 5382 ea
994 5345 1114 5399 quae
1140 5331 1295 5391 dicis.
1321 5333 1448 5386 falsa
1475 5333 1766 5400 probantes
1790 5337 2071 5388 doctorum
2093 5335 2344 5389 Ecclesiae

783 5422 1106 5476 testimoniis
1134 5441 1148 5480 :
1189 5433 1246 5478 ut
1273 5427 1443 5480 cuivis
1473 5427 1631 5480 liccat
1666 5429 2014 5496 perpendere,
2050 5445 2246 5482 verane
2274 5446 2340 5482 an

781 5511 918 5566 falsa
939 5513 1091 5569 dicas
1109 5556 1122 5578 ,
1149 5527 1318 5584 utque
1352 5516 1442 5570 liat
1471 5521 1729 5573 omnibus
1752 5522 2052 5588 cognitum,
2080 5530 2132 5574 te
2155 5522 2342 5574 docto-

785 5619 902 5657 rum
936 5613 1176 5666 tuorum.
1209 5622 1347 5674 quos
1371 5608 1626 5669 diximus,
1655 5625 1907 5679 perversa
1961 5610 2214 5679 dogmata
2260 5627 2344 5666 se-

783 5707 1033 5762 quentem
1065 5697 1306 5753 noluisse
1335 5701 1578 5769 recipere
1594 5703 1980 5764 orthodoxam.
2004 5704 2345 5771 irrepreben-

787 5784 1020 5854 sibilem,
1050 5805 1252 5854 veram,
1287 5791 1641 5859 iuturbidaut,
1685 5804 1738 5848 ct
1772 5805 2012 5850 sanctam
2048 5795 2339 5862 unitatem;

2445 4605 2539 4657 τοῦ
2574 4605 2782 4672 Πατρὸς
2818 4604 3031 4658 καὶτοῦ
3092 4603 3221 4656 Υίοῦ
3267 4603 3671 4670 ἐκπορεύεσθαι
3726 4605 4030 4673 εὑρεθείη·

2445 4713 2545 4763 μεν
2579 4695 2941 4763 συνημμένοι.
2979 4696 3088 4748 Καὶ
3117 4695 3181 4747 σὺ
3212 4694 3311 4760 μὲν
3338 4687 3441 4748 ὧδε
3475 4694 3671 4763 ἐχθρὸς
3707 4695 3817 4762 τῆς
3864 4699 4033 4747 σιμὸ-

2441 4789 2532 4839 δου
2569 4789 2662 4839 καὶ
2690 4789 2786 4854 τῆς
2831 4787 3145 4855 Ῥωμαῖκῆς
3183 4787 3505 4854 Ἐκκλησίας
3538 4785 3834 4854 ὑπάρχων,
3875 4793 4044 4840 κάκεῖ

2443 4879 2718 4949 εὑρεθήση
2772 4879 2965 4946 ἐχθρὸς
3017 4879 3226 4946 αύτῆςο
3263 4880 3424 4946 ἡμεῖς
3474 4878 3529 4928 δὲ
3589 4871 3693 4930 ὦδε
3729 4881 3891 4944 φίλοι
3938 4885 4035 4931 καὶ

2444 4973 2794 5024 ὑποτακτικοὶ
2816 4972 2914 5038 τῆς
2945 4971 3236 5039 καθολικῆς
3263 4970 3358 5021 τοῦ
3405 4969 3642 5034 Χριστοῦ
3678 4971 4031 5040 Ἐκκλησί;ς

2444 5065 2540 5115 καὶ
2572 5065 2669 5130 τῆς
2697 5063 3083 5131 οῖκουμενικῆς
3108 5064 3259 5123 ὄντες
3279 5061 3519 5125 συνόδου,
3547 5065 3715 5113 κάκεῖ
3737 5063 4034 5132 εὐχόμεθα

2445 5159 2511 5209 ἵν’
2540 5157 2854 5224 εὑρεθῶμεν
2909 5154 3105 5215 οὕτως.
3157 5155 3267 5222 Τὴν
3297 5154 3354 5205 δὲ
3389 5152 3588 5205 σαυτοῦ
3625 5152 3876 5224 γνώμην
3908 5159 4038 5206 ταύ-

2445 5267 2565 5318 την,
2601 5249 2669 5317 ἥν
2704 5247 2993 5316 καταφανῆ
3042 5249 3176 5299 πᾶσι
3213 5247 3406 5306 ποιεῖς,
3461 5247 3621 5312 ἡμεῖς
3657 5247 3762 5314 ήδη
3806 5250 3879 5314 τῇ
3945 5245 4032 5296 τμὶ

2447 5337 2582 5391 Θεοῦ
2618 5338 2802 5408 χάριτι
2832 5334 3234 5404 ἀνι-τρέψαιμεν,
3260 5333 3336 5401 τιῆ
3372 5333 3473 5401 μὲν
3500 5333 3559 5383 τὸ
3581 5332 3796 5383 ἄτοπον
3824 5333 4037 5396 ταύτης

2449 5429 2788 5498 ἐλέγχοντες,
2824 5426 2899 5496 πῆ
2942 5426 2998 5477 δὲ
3047 5425 3174 5486 τοὺς
3215 5423 3406 5489 λόγους
3434 5422 3651 5490 ψευδεῖς
3703 5421 4034 5477 δεικνύντες

2446 5521 2535 5572 διὰ
2592 5518 2908 5589 μαρτυριῶν
2957 5517 3067 5569 τῶν
3122 5517 3220 5584 τῆς
3265 5513 3592 5583 Ἐκκλησίας
3633 5512 4034 5564 διδασκάλων

2447 5613 2595 5673 ὅπως
2623 5610 2717 5680 ἐξῇ
2751 5609 3067 5676 δοκιμάζειν
3099 5607 3348 5669 ἕκαστον,
3371 5604 3603 5671 πότερον
3623 5601 3907 5670 ἀλήθειαν
3933 5601 4036 5668 ςῄς

2451 5703 2484 5770 ἦ
2521 5700 2713 5766 ψεῦδος
2739 5717 2752 5730 ·
2789 5701 2882 5752 καὶ
2912 5699 2998 5751 ἵνα
3020 5697 3188 5765 γνῶσι
3219 5697 3441 5755 πάντες,
3470 5694 3555 5745 ὅτι
3585 5692 3696 5750 τοῖς
3722 5692 4034 5759 διεπτραξέο

2459 5792 2636 5860 μένοις
2673 5792 2779 5844 τῶν
2805 5792 3221 5859 προειρημένων
3254 5803 3342 5839 σου
3377 5785 3718 5838 διδασκάλων
3744 5783 4030 5848 σεᾷγμαεε
