4160 6424
730 370 867 433 1099

1703 362 2017 422 JOSEl’lll
2056 358 2599 418 ME'l'llONENSlS
2630 360 2970 421 EPISCUPI

3838 357 3991 419 ΗΓνο

718 499 877 549 verte,
905 480 1208 551 divinaeque
1243 478 1362 535 fidei
1398 481 1650 533 unionem
1677 484 2055 531 convenerunt
2098 472 2282 527 fideles

2410 473 2652 546 Ῑατέρων
2684 478 2778 529 καὶ
2815 478 3000 530 πιστοί
3034 474 3371 547 συνήλθοσαν
3400 476 3457 532 ἐν
3490 475 3682 533 ἐνώσει
3712 476 3813 547 τῆς
3838 478 3994 544 ἁλη-

714 578 928 630 Patres.

780 669 933 735 Agite
952 667 1083 736 jam,
1124 663 1331 729 fideles,
1365 678 1625 718 canamus
1657 661 2032 716 castissimam
2070 658 2284 712 Domini

710 768 963 817 matrem.
990 756 1330 826 Splendidam
1365 755 1585 817 uuln-in,
1623 756 1900 808 emlestem
1928 752 2151 815 scalam,
2174 752 2292 805 tha-

712 849 911 902 lamum
936 862 1183 909 aureum,
1209 846 1559 916 praestantius
1578 845 1831 900 altissimi
1854 843 2288 906 tabernaculum,

711 942 762 991 in
796 954 902 1005 quo
933 937 1166 992 Verbum
1190 952 1319 992 caro
1348 937 1551 991 factum
1585 945 1689 991 est.

779 1029 942 1086 VISUS
968 1042 1049 1085 est
1078 1032 1297 1086 Patrum
1329 1038 1506 1086 costus
1535 1046 1599 1084 ex
1630 1038 1790 1085 terrae
1820 1029 2017 1085 finibus
2065 1028 2291 1083 Floren-

704 1123 839 1176 tiam
870 1131 1229 1192 congregatus
1262 1135 1523 1193 tanquam
1559 1123 1835 1177 exercitus
1878 1122 2048 1177 armis
2080 1123 2291 1176 instru-

708 1224 830 1268 ctus
860 1212 1123 1268 adversus
1142 1212 1349 1277 hostes,
1378 1215 1734 1284 ipsorumque
1753 1212 2038 1266 audaciam
2070 1223 2290 1266 strenue

708 1305 923 1375 dt'jn‘cil.

783 1397 977 1452 Divino
1007 1399 1188 1453 aﬂlatu
1224 1408 1599 1454 convenerunt
1640 1401 1881 1470 undique
1911 1398 2103 1454 Patres
2137 1399 2289 1452 theo-

708 1488 811 1558 logi
843 1490 909 1541 al
942 1490 1335 1557 consocianda,
1370 1506 1493 1562 quae
1514 1494 1671 1560 prius
1704 1492 1915 1549 nefarie
1948 1493 2125 1547 divisa
2174 1490 2288 1545 fue—

708 1593 852 1649 rant,
868 1581 1086 1653 jamque
1103 1586 1456 1643 concinentes
1476 1587 1723 1643 divinum
1746 1587 2026 1643 canticum
2051 1585 2281 1640 Domino

709 1676 1041 1741 persolvent.

781 1763 986 1819 Prodiit
1005 1767 1515 1834 synodidecretutn,
1539 1772 1836 1840 statimque
1853 1771 2098 1824 animum
2124 1769 2288 1824 dimi-

712 1868 900 1912 serunt
951 1859 1286 1915 oblatrantes
1322 1862 1648 1925 adversarii.
1693 1872 1748 1919 et
1780 1863 1978 1934 dogma
2016 1877 2119 1917 nos
2167 1875 2293 1931 per-

706 1951 898 2020 spicue
934 1952 1094 2007 docet
1124 1953 1374 2008 venerari
1405 1952 1672 2023 Spiritum
1713 1971 1778 2009 ex
1805 1954 1989 2021 Patre,
2042 1952 2297 2024 Filioque

710 2043 1119 2111 procedentem.

784 2141 964 2195 Unum
990 2144 1280 2213 utrobique
1311 2144 1480 2198 sentit
1510 2144 1694 2199 divina
1729 2145 1973 2217 synodus
2026 2161 2297 2201 veneran-

708 2235 863 2301 dum,
899 2246 1261 2305 sanctumque
1289 2236 1491 2293 Christi
1519 2252 1740 2307 corpus,
1776 2238 1893 2294 sive
1923 2255 2115 2310 azymo
2132 2256 2291 2310 pane,

712 2328 830 2381 sive
860 2330 1189 2383 fermentata
1222 2332 1542 2399 perficiatur
1570 2333 1919 2402 mysterium.

781 2419 864 2475 Ab
888 2421 1147 2477 omnibus
1199 2423 1461 2492 periculis
1518 2424 1789 2479 immunes
1848 2442 2030 2492 serva,
2067 2426 2297 2499 Deipara

713 2513 1091 2580 sanctissima,
1137 2523 1293 2569 tuum
1323 2525 1511 2570 natum
1539 2517 1902 2586 celebrantes,
1933 2518 2300 2591 omnibusque

717 2606 886 2660 animi
923 2607 1132 2664 viribus
1167 2609 1387 2680 hymnis
1423 2612 1488 2665 ad
1525 2619 1576 2665 te
1599 2612 1921 2680 clamantes,
1982 2624 2040 2670 et
2086 2617 2301 2670 cantica

707 2701 812 2754 tibi
834 2700 1038 2770 iugiter
1067 2704 1464 2772 persolventes.
1494 2744 1508 2759 .
1535 2746 1549 2760 .
1576 2745 1590 2759 .
1614 2745 1627 2760 .
1647 2747 1660 2761 .
1685 2748 1698 2761 .

795 2789 953 2845 Velut
979 2795 1033 2848 in
1060 2795 1283 2850 sublimi
1325 2798 1501 2866 posita
1540 2806 1697 2852 terra:
1722 2798 1856 2853 lines
1907 2814 2099 2856 omnes
2163 2803 2303 2855 lucis

719 2884 1006 2952 splendore
1035 2889 1337 2957 conspersit
1362 2891 1524 2945 hodie
1549 2889 1863 2946 Florentiua
1889 2896 2148 2963 synodus,
2167 2894 2297 2947 edo-

719 2994 853 3033 cens
875 2981 1181 3034 animarum
1220 2980 1534 3037 fruitiouem
1568 2998 1675 3038 non
1707 2984 2022 3039 defuturam
2060 2986 2148 3050 iis,
2207 2988 2301 3055 qui

724 3071 1002 3125 Servatori
1034 3073 1200 3126 alacri
1230 3075 1416 3127 animo
1474 3073 1833 3141 famulantur,
1893 3084 1947 3132 et
1998 3078 2300 3133 animarum

721 3178 931 3230 sponso
957 3163 1214 3234 hymnum
1248 3165 1457 3234 jugiter
1485 3176 1711 3220 canunt.

798 3336 1021 3391 Solutus
1044 3347 1127 3391 est
1164 3338 1482 3403 interiectus
1518 3340 1701 3409 paries
1765 3339 2079 3395 scliismatis
2134 3340 2306 3408 pessi-

727 3443 872 3492 mus,
904 3437 961 3481 et
991 3428 1205 3482 dissidii
1232 3430 1463 3499 squalor
1491 3432 1735 3495 evanuit,
1790 3432 2016 3500 jamque
2087 3432 2308 3486 uniouis

726 3521 941 3590 publica
977 3522 1271 3578 celebritas
1301 3524 1441 3578 miro
1473 3524 1773 3594 splendore
1796 3525 1994 3589 illuxit,
2026 3534 2082 3578 et
2118 3538 2309 3593 poenas

727 3613 971 3668 animum
1008 3618 1299 3684 expiantea
1335 3617 1660 3685 praedicans.
1697 3618 1859 3673 docet
1900 3618 2089 3673 fideles
2118 3618 2311 3690 synodi

729 3704 1034 3773 decretum,
1067 3716 1127 3762 ut
1156 3708 1404 3764 veritatis
1431 3709 1625 3780 dogma
1644 3710 1915 3779 accipere.

809 3896 892 3951 Ab
925 3892 1129 3960 inopia,
1161 3889 1550 3952 seditionibus.
1587 3889 1819 3958 aliisque
1847 3888 2104 3958 periculis
2144 3890 2314 3943 libera

731 3986 966 4042 famulos
988 3997 1130 4050 tuos,
1156 3983 1244 4049 qui
1272 3996 1494 4037 sacrum
1530 3996 1829 4050 verumque
1858 3980 2162 4042 doctorem.
2195 3996 2316 4035 suc-

728 4090 1121 4146 cessoremque
1174 4074 1321 4129 Petri
1385 4074 1640 4129 Ecclesia:
1695 4075 2003 4143 praesulem,
2040 4077 2320 4142 totiusque

734 4185 896 4227 terra:
922 4172 1138 4231 ducena,
1199 4177 1253 4221 et
1282 4174 1580 4235 pastorem,
1608 4174 1664 4221 et
1691 4165 1938 4221 divinum
1971 4168 2318 4221 sacerdotum

733 4265 981 4318 omnium
1014 4259 1372 4331 Coryphteum
1406 4267 1521 4312 tcto
1549 4258 1733 4312 animo
1769 4258 1980 4326 colunt,
2011 4260 2195 4315 sicut..
2224 4298 2238 4314 .
2262 4301 2276 4315 .
2305 4301 2319 4315 .

806 4449 981 4512 Quam
1021 4442 1290 4497 mirabilia
1320 4449 1447 4497 sunt
1482 4454 1647 4509 opera
1673 4449 1761 4493 tua
1788 4442 2140 4510 omnipotens
2162 4438 2314 4504 Jesu,

737 4540 831 4609 qui
878 4539 1044 4593 Deum
1076 4536 1407 4591 colentibus
1441 4531 1674 4587 mirabili
1725 4548 1857 4587 sane
1910 4533 2070 4587 modo
2120 4533 2320 4588 dedisti

738 4626 925 4683 videre
955 4640 1129 4680 sacra:
1156 4624 1378 4679 uniouis
1427 4623 1747 4692 mysteriqu
1777 4623 1790 4675 l
1825 4624 1965 4677 Ante
2024 4639 2127 4678 nos
2176 4626 2321 4678 enim

738 4719 1020 4788 sapientes
1058 4716 1175 4782 alii,
1200 4723 1256 4770 et
1308 4715 1637 4784 patriarchae
1690 4713 1742 4767 id
1806 4715 2114 4770 vehementi
2176 4717 2322 4771 desi-

741 4803 895 4869 derio
924 4812 1237 4883 cupiebant,
1268 4810 1364 4864 sed
1398 4825 1503 4863 non
1536 4809 1770 4863 assecuti
1816 4822 1963 4865 sunt.
2021 4809 2133 4865 Nos
2195 4827 2323 4864 vero

745 4923 855 4973 prae
878 4906 1183 4976 oculisjam
1221 4904 1510 4978 habentes,
1545 4914 1595 4956 te
1645 4903 2011 4957 celebramus.
2066 4905 2327 4958 Servator

744 5007 952 5052 noster.

817 5085 885 5139 Ut
917 5086 1158 5140 ccelestia
1193 5083 1374 5137 omnia
1403 5098 1527 5137 cum
1565 5084 1796 5137 terrenis
1825 5083 2163 5145 conciliaret,
2207 5098 2327 5137 ears.

745 5195 869 5235 nem
895 5178 1211 5245 assumpsit,
1243 5187 1296 5229 et
1319 5176 1372 5228 in
1410 5183 1561 5227 tuum
1591 5181 1807 5226 uterum
1834 5172 2134 5230 descendit.
2165 5172 2327 5243 Virgo

746 5281 921 5325 mater
947 5279 1120 5330 easta,
1160 5265 1490 5335 Uuigenitus
1516 5263 1694 5319 Patris
1727 5273 1853 5319 ante
1900 5265 2099 5317 saecula
2136 5280 2153 5331 ;
2187 5269 2328 5320 velut

747 5364 914 5417 homo
948 5360 1224 5431 apparuit,
1252 5368 1415 5427 atque
1472 5372 1539 5413 ex
1598 5365 1651 5412 te
1703 5355 1959 5425 prodiens
2012 5357 2328 5425 uuigeaitus

747 5454 1049 5523 appellatus
1075 5460 1159 5506 est
1177 5454 1321 5506 circa
1340 5452 1503 5506 ultam
1527 5451 1906 5516 mutationem,
1931 5460 2094 5521 atque
2120 5450 2329 5503 inordi-

752 5548 1056 5602 nationem.

823 5639 868 5695 Ο
897 5640 1124 5695 Creator
1148 5640 1413 5703 omnium,
1451 5648 1556 5692 tam
1581 5638 1897 5700 visibilium,
1929 5652 2090 5705 quam
2117 5636 2329 5690 .inrisi-

754 5734 943 5787 hilium
976 5732 1171 5796 factor,
1201 5733 1478 5801 totiusque
1508 5731 1694 5785 carnis
1729 5730 1977 5791 Domine,
2006 5728 2231 5797 glori-tm
2266 5728 2327 5782 ti-

757 5830 805 5883 bi
860 5823 1207 5897 proferituus,
1270 5825 1406 5890 Rex,
1456 5823 1548 5893 qui
1600 5822 2013 5880 conversionem
2077 5832 2322 5877 nostram

2394 567 2517 630 θοῦς
2560 568 2655 621 καὶ
2690 568 2841 631 θείας
2870 569 3129 633 πίστεως.

2463 663 2627 717 Δεῦτε
2692 663 2941 735 ᾷσωμεν,
2997 664 3182 719 πιστοὶ
3231 666 3332 735 τὴν
3390 662 3699 735 ὺπέραγνον
3759 664 3990 733 μητέρα

2392 755 2624 825 Κυρίου,
2679 756 2776 823 τὴν
2809 758 3074 824 φωταυγῆ
3124 754 3378 824 νεφέλην,
3426 754 3526 823 τὴν
3554 752 3815 824 οὐράνιον
3865 750 3991 802 κλί-

2394 866 2568 918 μακα,
2600 849 2701 919 τὴν
2726 848 2978 902 παστάδα
3009 849 3109 919 τὴν
3139 848 3374 918 χρυσῆν,
3409 846 3678 917 σκήνωμα
3707 845 3988 915 φέρτερον

2392 942 2486 995 τοῦ
2536 943 2817 1013 Ὑψίστου,
2846 944 2905 995 ἐν
2944 936 2988 1008 ᾧ
3026 942 3053 993 ό
3082 942 3255 1009 Λόγος
3292 938 3431 1009 σὰρξ
3458 941 3701 1007 ἐγένετο.

2464 1035 2698 1106 Ὂμιλος
2726 1034 2884 1102 ὤφθη
2912 1035 3022 1087 τῶν
3059 1035 3344 1104 Πατέρων,
3397 1033 3461 1086 ἐκ
3494 1031 3756 1103 περάτων
3791 1028 3987 1095 ἀθροι-

2395 1128 2546 1191 σθεὶς
2580 1130 2638 1179 ἐν
2688 1127 3003 1196 Φλωρεντίᾳ
3047 1125 3354 1195 ὁπλοφόρος
3397 1122 3655 1194 στρατὸς,
3690 1121 3843 1174 κατὰ
3876 1120 3989 1172 τῶν

2393 1220 2744 1284 ἀντιπάλων,
2796 1220 2891 1273 καὶ
2938 1218 3148 1273 τούτων
3206 1216 3589 1286 καταδέδληκε
3643 1215 3748 1284 τὴν
3810 1215 3988 1282 ὁφρὶν

2393 1312 2851 1383 γενναιοφρόνως.

2467 1404 2667 1458 Νεύσει
2716 1402 2924 1474 Κυρίου
2958 1402 3303 1472 πανταχόθεν
3344 1398 3828 1469 συνηθροίσθησαν
3877 1393 3994 1451 ηιξ

2392 1496 2552 1566 τίρες
2582 1494 2858 1567 θεηγόροι,
2889 1494 2985 1547 τοῦ
3011 1494 3209 1549 ἐνῶσαι
3255 1494 3325 1547 τὰ
3354 1492 3487 1560 πρὶν
3528 1492 3717 1550 κακῶς
3744 1492 3953 1562 διερῤω
3973 1521 3987 1531 -

2393 1588 2530 1656 γότα
2570 1588 2664 1641 καὶ
2721 1586 3087 1658 μελῳδοῦντες
3133 1586 3340 1658 ᾄσωσιν
3383 1580 3537 1657 ᾆσμα
3572 1584 3722 1638 θεῖον
3762 1584 3846 1653 τῷ
3894 1588 3986 1635 Δε-

2396 1679 2595 1751 σπότῃ.

2467 1771 2694 1840 Γέγονεν
2722 1772 2847 1842 ὄρος
2883 1771 2985 1841 τῆς
3006 1772 3255 1838 συνόδου,
3282 1770 3377 1825 καὶ
3396 1769 3751 1842 κατῄσχυνεν
3773 1767 3986 1837 ὲχθριῗιν

2394 1865 2496 1927 τὰς
2529 1862 2872 1933 φληναφίας·
2929 1865 3021 1916 καὶ
3070 1862 3133 1915 τὸ
3175 1863 3353 1933 δόγμα
3388 1862 3574 1929 σαφῶς
3628 1860 3843 1925 ἐδίδαξε
3895 1856 3986 1909 τεῦ

2396 1954 2596 2019 σέϐειν,
2625 1956 2690 2007 τὸ
2738 1955 2965 2026 Πνεῦμα
2995 1954 3397 2025 ἐκπορεύεσθαι
3445 1955 3509 2006 ἐκ
3542 1952 3766 2022 [ἰατρὸς
3795 1952 3898 2003 καὶ
3923 1949 3989 2002 δι’

2396 2048 2527 2101 Υἱοῦ
2554 2066 2634 2103 τε.

2474 2142 2570 2194 Ἐν
2595 2141 2992 2212 ἀμφοτᾶρωθεν
3014 2143 3249 2210 ἡγεῖται.
3279 2140 3355 2195 Τὸ
3381 2142 3671 2211 γινόμενον
3706 2144 3740 2211 ἠ
3769 2141 3987 2202 σύνοδος

2399 2236 2431 2305 ἠ
2469 2232 2589 2287 θεία
2613 2233 2683 2287 δι’
2712 2228 2928 2303 άξύμου
2954 2234 3088 2287 αὐτὸ
3116 2234 3286 2305 ἄρτου
3323 2236 3421 2289 καὶ
3453 2235 3521 2287 δι’
3552 2234 3795 2305 ἐνζύμου
3832 2236 3990 2304 σῶμα

2400 2327 2599 2381 σεπτὸν
2626 2326 2720 2380 καὶ
2756 2328 2914 2396 ᾰγιον
2945 2328 3040 2381 τοῦ
3068 2328 3277 2398 Κυρίου
3309 2329 3657 2399 παραδόξως.

2482 2417 2671 2473 Ῥῦσαι
2722 2420 3010 2485 κινδύνων,
3060 2422 3334 2482 Θεοτόκε,
3371 2424 3501 2482 τοὺς
3552 2421 3867 2489 ὑμνοῦντάς
3902 2440 3993 2474 σου

2400 2510 2493 2564 τὸν
2521 2510 2710 2574 Τόκον,
2752 2510 3031 2580 Παναγία²
3080 2511 3174 2564 καὶ
3212 2509 3274 2576 ἐξ
3313 2512 3443 2580 ὅλης
3486 2509 3666 2579 ψυχῆς
3708 2508 3883 2578 βοῶσί
3917 2526 3995 2561 σοι

2401 2601 2494 2655 τὸν
2532 2601 2702 2672 ὕμνον
2735 2603 2829 2657 καί
2861 2600 2960 2673 τὴν
2988 2602 3131 2673 ᾠδήν
3164 2618 3247 2655 σοι
3279 2602 3580 2670 μέλπουσιν
3607 2602 3689 2663 εἰς
3719 2601 3810 2653 ἀεί
3838 2640 3854 2652 .
3880 2640 3896 2653 .
3934 2638 3950 2653 .
3979 2636 3994 2653 .

2486 2781 2603 2835 Ἐπ’
2629 2782 2815 2853 ἄκρων
2839 2782 2941 2851 γῆς
2973 2783 3052 2845 είς
3083 2782 3300 2849 πέρατα
3327 2779 3705 2847 συνεξέλαμψε
3749 2779 3998 2845 σήμερον

2404 2877 2438 2946 ἠ
2478 2877 2536 2929 ἐν
2565 2874 2877 2944 Φλωρεντίᾳ.
2926 2873 3173 2942 παναγία
3227 2872 3445 2935 σύνοδος
3494 2873 3728 2933 πιστοὺς
3780 2870 3999 2923 ἐκδιδά-

2407 2983 2617 3020 σκουσα
2650 2966 2750 3036 τὴν
2788 2966 2896 3019 τῶν
2948 2965 3139 3036 ψυχῶν
3189 2964 3495 3018 ἀπόλαυσιν
3540 2964 3638 3017 νῦν
3684 2965 3802 3016 τῶν
3836 2968 3897 3017 ἐν
3926 2964 4001 3031 τῷ

2407 3059 2636 3129 παρόντι
2672 3059 2873 3122 [κανῶς
2900 3056 3308 3112 δουλευσάντων
3344 3058 3649 3127 προθύμως
3672 3058 3754 3127 τῷ
3781 3060 3999 3124 Σωτῆρι

2333 3158 2377 3214 c
2416 3152 2510 3203 καὶ
2538 3151 2684 3221 αὐτῷ
2721 3148 3101 3221 μελῳδούντων
3142 3151 3222 3220 τῷ
3247 3148 3358 3203 τῶν
3394 3150 3587 3221 ψυχῶν
3625 3152 3883 3220 νυμφίῳ,
3912 3150 4001 3201 τὶν

2410 3242 2439 3295 ’ὑ
2449 3261 2579 3313 μνον
2608 3245 2687 3307 εἰς
2715 3244 2942 3308 αἰῶνας.

2482 3339 2598 3391 Ἵνα
2622 3338 2756 3412 λυθῇ
2797 3342 3134 3413 μεσότοιχον,
3163 3341 3222 3394 τὸ
3252 3341 3347 3395 τοῦ
3374 3338 3675 3409 σχίσματος
3708 3338 3999 3393 κάκιστον,

2408 3433 2504 3485 καὶ
2535 3433 2801 3505 ἀφανισθῇ
2838 3436 2868 3502 ἡ
2899 3435 3159 3504 αὐχμηρὰ
3190 3434 3492 3492 διάστασις.
3532 3430 3797 3491 ἐνὼτεως
3827 3429 3993 3495 ἔλαμ-

2410 3524 2511 3592 ψεν
2536 3527 2568 3593 ἡ
2602 3525 2899 3593 φωταυγης
2928 3528 3234 3595 πανήγυρις
3265 3525 3382 3587 νῦν,
3410 3524 3503 3577 καὶ
3536 3522 3635 3590 τὴν
3667 3521 3785 3573 τῶν
3816 3519 4003 3588 ψυχῶν

2414 3616 2759 3687 καθαρτικὴν
2806 3618 3079 3686 τιμωρίαν
3115 3616 3418 3683 δοξάζουσι
3453 3614 3701 3667 olidam:
3734 3614 3867 3673 tta-Ii;
3916 3629 4003 3663 ττι·

2418 3710 2560 3774 στῶς
2592 3712 2917 3781 δεχομένους
2954 3711 3048 3764 τὸν
3090 3712 3216 3782 ὅρον
3244 3710 3346 3779 τῆς
3377 3710 3595 3763 συνόδου
3634 3708 3711 3770 ὡς
3746 3706 4001 3776 ἀληθεῖας

2417 3805 2604 3872 τόμον.

2502 3897 2693 3951 Ῥῦσαι
2724 3895 2888 3967 λιμοῦ
2919 3898 3012 3951 καὶ
3041 3898 3285 3959 στάσεως
3314 3898 3405 3950 καί
3435 3896 3706 3948 κινδύνων
3733 3896 3870 3959 τοὺς
3891 3894 4004 3947 δού-

2420 3989 2543 4050 λους
2576 4007 2691 4054 σου,
2725 3989 2846 4053 τοὺς
2872 3990 2964 4042 τὸν
2999 3990 3144 4060 ἱερὸν
3179 3992 3273 4044 καὶ
3306 3988 3483 4057 ἀληθῆ
3518 3987 3887 4049 διδάσκαλον,
3922 3984 4006 4038 τοῦ

2426 4081 2637 4150 Πέτρου
2693 4081 2965 4151 διάδοχον,
3000 4082 3099 4150 τῆς
3143 4081 3472 4150 Ἑκκλησίας
3504 4080 3869 4149 καθηγητὴν,
3922 4082 4009 4131 καὶ

2421 4176 2520 4240 τῆς
2550 4174 2871 4241 οἰκουμένης
2902 4174 3098 4242 ὁδηγὸν
3128 4176 3223 4227 καὶ
3254 4174 3511 4241 ποιμένα,
3539 4176 3639 4224 καί
3673 4171 3830 4223 θεῖον
3860 4188 4013 4237 κορυ-

2427 4266 2583 4331 φαῖον
2634 4263 2826 4334 ἱερέων
2860 4265 3149 4329 ἁπάντων,
3205 4263 3303 4337 ὅλῃ
3357 4265 3501 4333 ψυχῇ
3565 4262 3900 4331 τιμώντων,
3946 4260 4014 4322 ὡς

2430 4354 2743 4424 ἐπηγγείλω
2774 4392 2789 4407 .
2829 4393 2843 4408 .
2879 4392 2895 4407 .

2513 4448 2597 4511 Ὠς
2625 4447 2915 4514 θαυμαστά
2939 4447 3007 4501 τὰ
3042 4447 3178 4518 ἔργα
3222 4464 3337 4513 σου,
3382 4445 3559 4514 Ἰησοῦ
3599 4446 4015 4514 παντοδύναμε,

2425 4542 2536 4602 τοῖς
2586 4536 2896 4593 θεοσεϐἐσιν
2933 4538 3254 4605 θαυμασίως
3307 4536 3549 4591 δέδωκας
3599 4535 3743 4588 ἰδεῖν
3798 4539 3865 4589 τὸ
3929 4555 4018 4605 μυ-

2428 4632 2651 4701 στήριον
2694 4628 2795 4698 τῆς
2837 4630 2989 4697 ἱερᾶς
3035 4626 3320 4687 ἐνὼσεωςο
3379 4628 3473 4680 καὶ
3520 4627 3634 4696 γάρ
3698 4628 3815 4695 πρὸ
3869 4629 4018 4699 ἡμῶν

2426 4724 2865 4792 ἐπιθυμήσαντες
2915 4722 3066 4777 ἄλλοι
3114 4721 3303 4789 σοφοὶ,
3354 4720 3450 4774 καὶ
3492 4723 3874 4789 πατριάρχαι,

2426 4817 2526 4869 οὐκ
2557 4816 2751 4885 ἔτυχον
2783 4815 2998 4870 τούτου.
3040 4812 3232 4884 Ἢμεῖς
3274 4813 3331 4866 δὲ
3365 4814 3411 4866 οἰ
3464 4810 3674 4875 ἰδόντες
3706 4812 4017 4885 δοξάσομέν

2437 4922 2522 4970 σε,
2554 4905 2759 4971 Σῶτερ.

2502 5084 2621 5135 Ἰνα
2666 5081 2897 5151 συνάψῃ,
2939 5080 3200 5146 Πανάγιε,
3239 5082 3305 5132 τά
3339 5078 3569 5147 οὐράνια
3601 5079 3838 5135 ἅπαντα
3884 5083 4017 5152 μετὰ

2429 5175 2539 5227 τῶν
2590 5175 2816 5241 γηΐνων,
2860 5174 3039 5240 σάρκα
3083 5170 3397 5232 ἀνελάϐετο,
3423 5171 3516 5223 καί
3572 5173 3807 5241 ,μήτραν
3844 5174 4017 5241 κατῴ-

2431 5284 2565 5336 κησε
2594 5266 2693 5334 τὴν
2728 5265 2844 5335 σὴν,
2876 5264 3321 5334 Παρθενομὴτωρ
3369 5263 3529 5333 ἁγνὴ,
3555 5264 3583 5315 ό
3616 5266 3935 5333 μονογενὴς
3960 5268 4015 5316 ἐκ

2430 5358 2523 5410 τοῦ
2562 5357 2771 5427 [ἰατρὸς
2802 5356 2908 5427 πρὸ
2938 5357 3171 5408 αίὼνων.
3214 5356 3304 5419 Ὦς
3335 5356 3624 5424 ἄνθρωπος
3670 5357 3880 5424 ἐφάνη,
3927 5360 4014 5410 xz‘:

2432 5454 2495 5505 ἐκ
2542 5451 2634 5504 σοῦ
2685 5450 2770 5503 ἐπ’
2821 5450 3065 5520 ἐσχάτων
3119 5449 3410 5519 μονογενὴς
3442 5448 3647 5519 ἐκλήθη
3698 5450 4011 5517 ἀτρέπτως,

2435 5544 2727 5613 ἀσυγχύτω
2742 5560 2778 5601 ζ.

2504 5633 2574 5688 *Ω
2606 5635 2799 5689 κτίστα
2830 5634 2939 5688 τῶν
2965 5634 3221 5686 ἁπάντων
3251 5634 3343 5685 καὶ
3378 5634 3576 5703 ποτητὰ
3600 5635 3822 5701 ὁρατῶν
3854 5636 4011 5703 ἀπρὶ-

2433 5746 2563 5793 των,
2606 5728 2697 5779 καί
2729 5726 2902 5795 Κύριε
2943 5726 3123 5794 πάσης
3160 5724 3385 5795 σαρκὸς,
3429 5724 3589 5787 δόξαν
3618 5742 3704 5776 σοι
3739 5727 4013 5795 πῳσὲτοο

2435 5839 2557 5893 μεν,
2585 5819 2836 5888 Βασιλεῦ,
2866 5819 2964 5890 τὴν
2995 5819 3151 5890 ἡμῶν
3178 5818 3468 5889 μετάνοιαν
3494 5821 3591 5872 καὶ
3616 5818 3713 5889 τὴν
3737 5822 4007 5883 contain
