4160 6424
690 362 828 424 ΗῙ5

1858 360 2177 420 ῙῖεξὲΕΡίΠ
2219 362 2769 422 METHONENSIS

3808 354 3943 418 me

684 470 1376 541 \eraeempronzissioncm
1427 469 1656 524 firmiter
1711 471 1976 534 obtineat,
2035 472 2086 525 id
2141 481 2247 534 est,

2364 474 2664 542 κορυφαίου
2699 473 2807 524 τῶν
2838 471 3174 534 ἀποσῖόῖων,
3205 470 3294 522 καὶ
3325 469 3528 538 ἀληθὴς
3559 469 3942 537 τοποτηρητὴς

688 563 833 630 quod
897 581 915 611 ι
961 571 1127 630 portze
1187 561 1342 615 inii-ri
1401 576 1509 613 non
1571 562 1942 627 praralebunt
1994 564 2254 618 adversus

682 672 801 708 cam
833 656 869 718 ί,
912 674 930 705 ι
959 654 1212 723 quodque
1247 670 1369 707 cum
1395 668 1457 707 ea
1489 653 1589 708 erit
1629 670 1802 724 usque
1843 655 1907 707 ad
1945 657 2130 711 mundi
2157 658 2258 710 liu-

679 749 770 815 jus
818 747 1365 812 consummationem,
1409 757 1458 801 et
1494 749 1639 816 quod
1673 749 1839 802 solida
1866 759 2016 817 petra
2069 759 2171 809 est.
2203 749 2252 802 in

682 854 870 903 quam,
915 837 1004 904 qui
1051 836 1358 902 offendunt,
1420 839 1718 906 peribunt:
1751 838 1870 892 sine
1913 853 2018 907 qua
2067 839 2258 891 salutis

685 931 828 982 null.-
880 944 1003 998 spes
1054 939 1155 982 est.
1191 929 1324 982 Cum
1364 931 1523 1000 igitur
1559 946 1818 998 sponsum
1864 932 2039 998 ipsum
2073 947 2252 986 secum

685 1020 902 1082 habeat,
949 1020 1023 1071 illi
1077 1034 1182 1073 non
1232 1031 1318 1074 est
1350 1036 1487 1086 opus
1542 1020 1841 1076 advocatis.
1877 1023 2041 1075 Nobis
2081 1022 2292 1090 magis‘

681 1126 818 1176 opus
846 1120 948 1174 est,
968 1109 1059 1177 qui
1085 1111 1152 1164 ab
1185 1112 1247 1163 iis
1269 1111 1444 1178 (quasi
1470 1112 1607 1164 male
1631 1113 1958 1181 gesserimus
1994 1113 2250 1166 unionem

684 1217 803 1252 t'ttttl
849 1200 1057 1256 Latinis
1109 1202 1442 1271 recipiendo)
1479 1205 1814 1265 incusamur,
1879 1215 1933 1256 et
1986 1205 2107 1270 quia
2155 1219 2254 1258 nos

687 1306 939 1360 tanquam
977 1294 1289 1363 ignorantes
1320 1296 1753 1364 reprehendunt.
1795 1305 1849 1349 et
1881 1296 2044 1348 veluti
2076 1298 2252 1365 perdi-

685 1397 697 1435 ι
744 1401 768 1435 s
801 1387 1081 1445 damnant,
1125 1393 1178 1438 et
1236 1386 1396 1454 (proli
1452 1385 1676 1451 dolor!)
1713 1401 1814 1439 nos
1868 1385 2050 1456 lugent
2091 1396 2146 1439 et
2198 1397 2254 1441 ut

689 1475 971 1530 hmreticns
1001 1491 1345 1532 aversantur.

689 1574 862 1638 πέτρα
910 1571 1058 1622 ἐστὶν
1105 1570 1376 1640 ἀρραγὴς,
1435 1571 1515 1632 είς
1553 1570 1621 1640 ἢν
1667 1573 1714 1622 οἱ
1775 1571 2214 1640 προσκόπτοντες

684 1665 774 1716 τὸν
823 1664 1003 1716 τοῖνυν
1057 1663 1263 1732 ἐχούσῃ
1329 1663 1446 1730 μετ’
1491 1666 1660 1734 αὐτῆς
1700 1667 1776 1727 ὡς

2362 565 2454 617 τοῦ
2510 565 2720 635 Κυρίου
2761 565 2917 633 ήμῶν
2958 563 3134 631 Ἰησοῦ
3185 562 3446 630 Χριστοῦ.
3481 563 3544 614 Ol
3573 562 3629 614 δὲ
3676 561 3775 627 τῆς
3825 561 3919 611 Ἐκ

2366 657 2597 725 κλησίας
2641 656 2925 710 ἀντίπαλοι
2985 656 3086 724 τῆς
3134 654 3464 725 Ἐκκλησίας
3513 650 3937 722 κατηγοροῦσιν,

2361 750 2435 810 ὡς
2470 750 2535 802 τὰ
2568 749 2643 818 μὴ
2705 749 2833 802 ὄντα
2861 747 3032 819 ἀληθῆ
3084 747 3302 812 ἐδόξασε
3325 763 3339 776 ’
3375 745 3472 799 καὶ
3512 745 3637 816 ὅρον
3678 745 3939 812 ἐξήνεγκε

2360 842 2561 894 τούτων
2591 844 3038 911 ἀντιποιουμένη,
3073 841 3456 902 ἀποπολικοῖς
3483 855 3542 890 τε
3569 837 3664 890 καὶ
3688 837 3939 905 ἐρυθροίς

2361 934 2708 1002 γράμμασιν.
2753 935 2916 1006 Ἦμίν
2975 934 3030 987 δὲ
3083 932 3460 1002 συνηγορῆσαι
3512 933 3576 1000 τῇ
3634 929 3938 1001 ’[Ξκκλιησίξ⁸

2363 1026 2748 1096 πολεμουμένῃ
2776 1026 2908 1094 παρ’
2932 1026 3136 1086 αὐτῶν,
3166 1025 3289 1078 οὕτε
3316 1026 3463 1086 είκός
3494 1026 3646 1076 ἐστιν
3675 1022 3803 1074 οὔτε
3841 1024 3942 1089 μὴν

2362 1118 2605 1186 ἐφικτὶν,
2639 1117 2732 1169 τὸν
2774 1119 2993 1188 ἰσχυρὸν
3023 1119 3325 1187 συνήγορον
3365 1116 3482 1184 μετ’
3527 1115 3697 1180 αὐτῆς
3737 1114 3940 1181 ἐχούσῃ

2374 1207 2584 1278 Ἰησοῦν
2626 1208 2716 1260 τδν
2747 1209 3002 1279 Χριστὸν,
3038 1211 3133 1262 καὶ
3179 1210 3280 1276 τὴν
3310 1205 3474 1259 αὑτοῦ
3525 1205 3732 1273 ἀψευδῆ
3773 1206 3944 1270 ἐπαγ-

2363 1301 2550 1366 γελίαν
2586 1300 2816 1362 βεϐαίως
2849 1318 3178 1372 κατεχούσῃ,
3211 1301 3330 1370 τὴν,
3366 1298 3540 1361 πύλας
3572 1298 3702 1368 ᾅδου
3735 1298 3798 1348 ού
3857 1314 3944 1348 κα-

2359 1391 2640 1461 τισχύσειν
2674 1392 2868 1462 αὐτῆς,
2896 1395 2991 1465 καὶ
3035 1393 3097 1446 τὸ
3142 1391 3262 1460 μετ’
3291 1391 3461 1457 αὐτῆς
3512 1383 3654 1441 εἶναι
3683 1389 3820 1457 ἄχρι
3855 1386 3946 1438 καὶ

2362 1487 2462 1552 τῆς
2514 1485 2609 1536 τοῦ
2649 1485 2855 1554 κόσμου
2904 1485 3098 1538 τούτου
3153 1481 3676 1552 συμπερατώσεως·
3718 1481 3815 1530 καὶ
3868 1478 3944 1530 ὅτι

2285 1574 2647 1628 ἀπολοῦνται·
2681 1572 2751 1648 ἧς
2803 1578 2932 1630 ἄνευ
2994 1577 3094 1628 οὐκ
3158 1577 3272 1628 ἔστι
3307 1575 3581 1643 σωτηρίας
3624 1573 3807 1634 ἐλπίς.
3847 1570 3946 1623 Αὖ-

1849 1667 2106 1735 νυμφίον,
2145 1669 2205 1720 ού
2249 1669 2330 1722 δεῖ
2370 1671 2685 1740 συνηγόρων
2711 1687 2725 1701 ⁸
2759 1675 2889 1741 ἡμῖν
2917 1673 2973 1724 δὲ
3011 1672 3214 1740 μᾶλλον
3243 1672 3324 1722 δεῖ
3357 1669 3783 1738 ἐγκαλουμένοις
3818 1669 3944 1736 παρ’

681 1758 863 1810 αὐτῶν
903 1757 979 1819 ὼς
1005 1757 1190 1820 κακῶς
1221 1759 1479 1828 ποιήσασι
1511 1757 1609 1826 τὴν
1639 1760 1776 1824 μετά
1806 1758 2048 1811 Λατίνων
2071 1760 2268 1812 ἕνωσιν
2308 1762 2585 1828 δέξασθαι,
2637 1764 2732 1817 καὶ
2765 1766 2848 1817 ὅτι
2908 1765 2984 1827 ὡς
3039 1765 3369 1832 ἀγνοοῦντας
3407 1766 3554 1834 ἡμᾶς
3611 1765 3942 1832 μέμφονται,

685 1853 780 1903 καὶ
807 1849 882 1913 ὡς
913 1849 1273 1902 ἀπολωλότων
1313 1849 1804 1919 καταψηφίζονται,
1831 1853 1927 1904 καὶ
1949 1853 2316 1920 ταὶανέζολσι,
2349 1855 2447 1925 φεῦ
2476 1859 2488 1910 !
2531 1859 2700 1927 ἡμᾶς,
2736 1858 2831 1911 καὶ⁵
2879 1860 2952 1920 ὡς
2986 1859 3294 1926 αἱρετικοῦς
3334 1860 3794 1926 ἀποστρέφονται.

755 1945 836 1999 Ab
882 1944 969 1999 his
1022 1945 1185 2015 igitur
1216 1945 1386 1998 coacti
1435 1943 1550 1998 hare
1605 1945 2003 2000 consrribimus
2050 1958 2108 2001 ut
2159 1964 2258 2024 nos

2433 1949 2656 2014 Τούτοις
2690 1950 2785 2005 οὖν
2815 1951 3256 2020 ἀναγκαζόμενοι
3294 1953 3579 2020 γράφομεν
3626 1950 3830 2009 ταῦτα.
3863 1951 3945 2001 ἶνα

689 2039 1012 2107 inculpatos,
1048 2047 1101 2092 et
1149 2039 1246 2091 hac
1289 2038 1710 2106 reprehensione
1765 2049 1819 2093 et
1859 2041 2129 2096 calumnia
2179 2043 2263 2095 in-

686 2132 876 2192 dignos
908 2139 961 2183 et
995 2129 1162 2198 gratia
1199 2128 1293 2182 Dei
1341 2127 1675 2184 orthodoxOs
1721 2131 2108 2187 ostendamus:
2157 2132 2265 2186 imo

684 2236 781 2274 eos
825 2220 1046 2288 majoris
1073 2233 1246 2288 paene
1269 2229 1323 2274 et
1358 2221 1724 2275 damnationis
1756 2237 1894 2284 reos,
1927 2238 2086 2291 quam
2112 2222 2265 2290 cujus

684 2329 790 2366 nos
835 2313 908 2367 illi
935 2321 1136 2368 temere
1165 2322 1220 2367 et
1249 2313 1479 2380 superbe
1509 2315 1890 2367 condemnant.
1930 2316 2005 2368 Ac
2029 2315 2264 2384 primum

684 2407 902 2472 quidem
948 2406 1040 2459 Dei
1072 2406 1302 2475 gratiam
1338 2406 1738 2475 perquiramus,
1784 2407 2007 2474 perinde
2042 2423 2103 2461 ac
2129 2407 2266 2462 nihil

685 2498 931 2567 p-ol'erre
983 2498 1261 2551 valeamus
1320 2497 1425 2550 nisi
1472 2508 1598 2551 ante
1653 2498 1810 2552 nobis
1851 2514 1913 2551 os
1956 2501 2264 2563 aperuerit;

683 2597 736 2660 ip
768 2609 798 2647 e
823 2600 905 2646 est
935 2591 1080 2646 enim
1116 2589 1354 2658 quidicit
1383 2606 1396 2642 :
1441 2608 1459 2640 ι
1499 2591 1564 2644 Ει
1602 2591 1721 2645 sine
1760 2607 1844 2644 me
1873 2590 2008 2644 nihil
2041 2592 2268 2660 potestis

689 2689 866 2741 lacere
896 2688 916 2717 ⁸
945 2703 962 2751 ;
996 2704 1014 2737 ι
1047 2693 1231 2754 pestes
1277 2683 1558 2752 (quantum
1615 2693 1810 2738 nostra
1837 2667 2032 2738 uentis
2059 2684 2267 2753 exigui-

690 2789 770 2831 las
825 2776 1052 2846 patitur)
1121 2777 1170 2827 in
1225 2776 1462 2829 medium
1516 2774 1893 2842 pt-olerentes,
1950 2774 2270 2828 criminibus

689 2868 917 2937 objectis
945 2866 1415 2935 respondebimus,
1443 2880 1552 2920 non
1583 2865 1922 2934 syllogismos
1961 2865 2268 2921 adhibendo

690 2963 911 3030 (quippe
941 2971 991 3014 et
1027 2959 1103 3013 illi
1151 2972 1277 3013 vere
1308 2958 1499 3012 dicunt
1546 2957 1705 3011 ﬁdem
1739 2967 1982 3011 nostram
2015 2958 2264 3028 syllogis-

691 3059 790 3108 mis
820 3069 927 3108 non
965 3063 1237 3115 constare,
1275 3067 1453 3120 neque
1498 3065 1593 3105 nos
1628 3050 1676 3103 id
1707 3050 1922 3104 elliccre
1976 3050 2265 3122 valemu~-),

686 3148 777 3198 sed
823 3154 1138 3199 sanctorum
1176 3142 1430 3197 Ecclesiae
1461 3143 1746 3197 doctorum
1788 3141 2115 3198 testimoniis
2149 3151 2269 3196 ule-

687 3252 830 3290 mur.
863 3234 1088 3289 Ceteris
1133 3249 1262 3304 ergo
1291 3233 1510 3287 omissis
1554 3249 1581 3285 a
1623 3234 1798 3302 primo
1828 3233 2080 3302 tbeologo
2108 3248 2266 3288 exor-

685 3332 803 3386 diar
837 3327 1064 3381 Domino
1101 3325 1228 3379 Jcsu
1259 3325 1498 3390 Christo,
1533 3327 1584 3378 in
1633 3327 1807 3394 primo
1839 3327 2016 3395 capite
2054 3327 2107 3380 in
2157 3342 2264 3393 quo

687 3436 786 3471 ttns
825 3428 1103 3479 accusant,
1141 3417 1286 3484 quod
1334 3416 1569 3483 Spiritus
1602 3427 1824 3470 sanctus
1876 3432 1984 3470 non
2021 3417 2269 3484 procedit

682 3512 845 3564 etiam
896 3525 924 3562 a
963 3509 1119 3572 Filio,
1175 3509 1268 3560 sud
1318 3524 1346 3560 a
1395 3506 1554 3560 Patre
1601 3519 1829 3562 tantum.
1868 3508 1957 3562 Sic
2001 3509 2184 3577 utique
2212 3509 2266 3562 hi

683 3601 892 3659 dicunt.
919 3610 972 3652 ct
996 3605 1079 3666 (ut
1099 3602 1273 3665 aiunt)
1299 3597 1607 3652 rectissime
1640 3597 1884 3656 tradunt.
1920 3611 1982 3650 ac
2008 3611 2129 3649 vera
2150 3611 2267 3648 cre-

686 3699 841 3748 dunt.
865 3694 931 3745 At
963 3692 1088 3760 quia
1119 3707 1218 3746 nos
1265 3691 1428 3745 etiam
1460 3706 1488 3743 a
1524 3690 1662 3744 Filio
1693 3691 1989 3758 procedere
2014 3690 2264 3753 dicimus,

682 3789 832 3838 :idve:
851 3787 955 3838 διιιὶ
984 3802 1083 3838 nos
1101 3785 1302 3839 sanctis
1325 3785 1513 3838 dicunt
1537 3792 1591 3837 et
1611 3782 1828 3837 Christo
1871 3783 2095 3843 dicenti,
2117 3800 2133 3830 ι
2155 3781 2257 3846 Qui

681 3895 710 3929 ιι
743 3877 900 3928 l’atrc
930 3875 1172 3944 procedit
1196 3876 1235 3927 ³.
1267 3894 1284 3926 ι
1311 3875 1422 3928 lloc
1445 3875 1547 3943 ipsi
1579 3874 1874 3927 asserenda
1898 3873 2259 3942 sejustitia-ari

689 3977 914 4035 putant;
953 3984 1052 4021 nos
1091 3984 1218 4022 vero
1244 3984 1366 4023 cum
1393 3968 1661 4022 cltaritate
1684 3977 1739 4021 et
1763 3984 1916 4037 pace,
1947 3969 2056 4022 Deo
2080 3970 2261 4037 opitu-

687 4062 858 4119 laute.
891 4062 1266 4124 ostendemus.
1289 4063 1450 4114 etiam
1479 4061 1510 4114 Ξι
1539 4062 1676 4116 Filio
1699 4061 1961 4131 Spiritum
2007 4073 2256 4116 sanctum

685 4155 997 4221 prec-edere,
1031 4153 1485 4223 quemadmodum
1527 4170 1658 4210 sane
1684 4164 1737 4208 et
1774 4171 1800 4207 a
1830 4155 2024 4220 Patre;
2059 4169 2167 4209 non
2203 4156 2267 4209 in‘

684 4248 760 4299 ira
781 4250 1186 4309 cmttumcliosi.
1206 4249 1300 4302 sed
1316 4249 1565 4317 discipuli
1586 4250 1702 4316 ejus
1719 4249 1812 4316 qui
1834 4248 1993 4301 dicit:
2021 4266 2038 4300 ι
2068 4248 2257 4303 Pacem

687 4338 1000 4404 sequimini.
1035 4354 1134 4393 nec
1178 4339 1488 4393 irascamini
1528 4354 1651 4392 cum
1692 4339 1974 4406 loquimini
1999 4340 2019 4369 ⁸
2057 4358 2076 4390 ι

2366 2041 2632 2113 δείξωμεν
2667 2045 2816 2112 ἡμᾶς
2872 2046 2971 2114 μὶν
3018 2044 3230 2106 ἀθώους
3283 2045 3378 2096 καὶ
3432 2043 3806 2111 ἀνεγκλήτους
3852 2042 3944 2109 τῆς

2367 2136 2547 2189 αὐτῶν
2589 2138 2851 2207 μέμψεως
2899 2139 2993 2192 καὶ
3044 2138 3294 2208 διαϐολῆς
3321 2154 3335 2169 ⁸
3391 2139 3484 2190 καὶ
3516 2135 3840 2205 όρθοδόξους
3883 2139 3944 2201 τῇ

2366 2226 2460 2280 τοῦ
2493 2227 2627 2281 Θεοῦ
2678 2228 2898 2299 χάριτιο
2941 2230 3142 2293 αὐτοὺς
3189 2230 3245 2283 δὲ
3289 2229 3489 2300 μᾶλλον
3526 2230 3748 2296 ἐνόχους
3802 2230 3947 2296 ισχυ-

2369 2316 2600 2389 ροτέρας
2627 2318 2822 2388 ποινῆς
2853 2335 2912 2371 τε
2942 2319 3037 2372 καὶ
3080 2319 3401 2383 καταδίκης,
3432 2319 3464 2389 ἢ
3497 2321 3563 2389 ἦν
3598 2321 3798 2371 ἐκεῖνοι
3835 2319 3947 2369 tol-

2372 2411 2563 2481 μηρῶς
2590 2427 2647 2464 τε
2685 2413 2780 2466 καὶ
2807 2413 3053 2476 αύθαδῶς
3083 2413 3199 2482 ἅμα
3245 2411 3405 2483 ήμῶν
3437 2430 3499 2480 γε
3533 2411 3946 2480 καταψηφίζονο

2367 2521 2475 2557 ται.
2510 2505 2618 2558 Καὶ
2652 2505 2869 2572 πρῶτον
2904 2506 3001 2575 μέν
3030 2507 3340 2576 ζητήσομεν
3372 2506 3471 2574 τὴν
3508 2504 3659 2573 παρά
3686 2505 3785 2558 τοῦ
3813 2503 3946 2556 Θεοῦ

2369 2597 2523 2648 θείαν
2565 2599 2746 2666 χάριν,
2778 2598 2854 2660 ὡς
2889 2598 2962 2668 μὴ
3001 2598 3289 2668 δυνάμενοί
3316 2615 3368 2651 τι
3396 2599 3572 2650 εἰπεῖν
3608 2599 3657 2648 εἱ
3688 2596 3770 2665 μὴ
3804 2595 3950 2664 πρῶ-

2367 2703 2459 2738 τον
2481 2688 2691 2750 ἐκεῖνος
2718 2689 2904 2758 ἀνοίξῃ
2939 2689 2998 2741 τὸ
3033 2689 3209 2758 στόμα
3240 2688 3399 2756 ήμῶν
3421 2704 3435 2717 ·
3472 2687 3635 2748 αὐτὸς
3664 2689 3776 2756 γάρ
3802 2689 3947 2738 ἐστιν

2367 2780 2397 2832 δ
2423 2779 2616 2845 εἰπὼν,
2643 2782 2726 2834 ὅτι
2753 2801 2770 2834 ι
2806 2783 2985 2851 Χωρὶς
3011 2782 3148 2851 ἐμοῦ
3172 2781 3232 2834 οὐ
3257 2781 3486 2834 δύνασθε
3515 2782 3690 2833 ποιεῖν
3718 2779 3898 2832 οὐδέν.
3926 2795 3946 2828 ι

2373 2873 2606 2928 Ἔπειτα
2635 2874 2694 2928 δὲ
2727 2877 2820 2926 καὶ
2857 2876 2979 2928 ὅσον
3015 2876 3250 2944 ἐγχωρεῖ
3279 2876 3312 2944 ή
3365 2875 3667 2942 σμικρότης
3697 2873 3806 2940 τῆς
3835 2873 3949 2925 δια·

2369 2965 2517 3028 νοίας
2545 2967 2727 3036 ἡμῶν,
2763 2969 2839 3029 εἰς
2873 2969 3039 3036 μέσον
3086 2967 3434 3037 προθέμενοι,
3474 2968 3528 3018 ἐν
3571 2961 3653 3027 οἷς
3680 2964 3951 3033 ἐγκαλοῦ-

2371 3072 2457 3108 σιν
2517 3057 2650 3124 ἡμῖν
2698 3057 3182 3125 ἀποκρινούμεθα,
3239 3058 3340 3109 ούκ
3395 3056 3503 3109 ἀπδ
3562 3054 3950 3122 συλλογισμῶν

2369 3147 2683 3217 ποιούμενοι
2713 3148 2811 3218 τὴν
2839 3151 3134 3219 ἀπόκρισιν
3162 3166 3173 3178 ·
3202 3151 3260 3200 ἐν
3286 3143 3364 3211 οἷς
3386 3148 3451 3202 ἀν
3477 3149 3698 3208 δικαίως
3732 3147 3950 3216 ἐροῦσιν

2367 3240 2442 3301 ὼς
2474 3241 2507 3310 ή
2532 3240 2712 3304 πίστις
2737 3243 2769 3310 ή
2779 3242 2892 3308 μῶν
2916 3241 3304 3308 ἀσυλλόγιστός
3335 3243 3484 3293 ἐστιν
3510 3256 3525 3270 ·
3548 3239 3669 3292 οὐδὲ
3696 3239 3808 3306 γάρ
3831 3239 3950 3290 οὐδὲ

2366 3333 2526 3402 ήμεῖς
2558 3333 2695 3402 πρὸς
2721 3334 2878 3386 τοῦτο
2907 3335 3185 3404 ἰσχύομεν,
3215 3335 3348 3386 ἀλλά
3374 3334 3461 3386 διὰ
3497 3332 3822 3401 μαρτυριῶν
3840 3331 3948 3382 τῶν

2363 3425 2463 3492 τῆς
2532 3426 2859 3494 Ἔκκλησίας
2922 3426 3260 3480 διδασκάλων
3307 3426 3500 3494 ἁγίων.
3557 3427 3677 3478 ἰνα
3732 3425 3830 3477 οὖν
3879 3425 3948 3476 τι

2363 3518 2534 3570 πολλά
2601 3518 3050 3587 παραλείψωμεν,
3101 3521 3207 3571 ἀπὸ
3262 3518 3357 3570 τοῦ
3413 3517 3633 3586 πρώτου
3696 3515 3946 3584 ἄρξομαι

2366 3611 2641 3678 θεολόγου,
2688 3611 2782 3664 τοῦ
2819 3611 3028 3680 Κυρίου
3079 3611 3235 3682 ἡμῶν
3279 3611 3454 3681 Ἰησοῦ
3499 3608 3766 3677 Χριστοῦ,
3812 3609 3947 3675 πρὸς

2365 3703 2426 3755 τὸ
2465 3703 2683 3772 πρῶτον
2733 3704 2843 3755 τῶν
2885 3707 3012 3774 παρ’
3066 3704 3250 3758 αὐτῶν
3295 3703 3716 3771 ἐγκαλουμένων
3774 3702 3946 3770 ἡμῖν’

2367 3794 2450 3846 ὃτι
2484 3797 2543 3847 τὸ
2587 3797 2813 3864 Πνεῦμα
2841 3796 2902 3848 τὸ
2951 3797 3107 3864 ἆγιον
3149 3797 3248 3849 οὐκ
3279 3798 3393 3864 ἔχει
3421 3795 3520 3864 τὴν
3563 3791 3804 3862 ὓπαρξιν
3856 3793 3948 3842 καὶ

2368 3887 2477 3939 ἀπὸ
2507 3886 2601 3939 τοῦ
2645 3887 2788 3952 Υίοῦ,
2834 3887 2947 3940 ἀλλ’
2994 3888 3101 3941 ἀπὸ
3150 3887 3243 3941 τοῦ
3286 3886 3499 3956 Πατρός
3545 3887 3734 3953 μόνου.
3790 3882 3948 3934 υῦτω

2373 3978 2469 4043 μὲν
2508 3972 2654 4031 οὗτοι
2685 3980 2922 4046 λέγουσι·
2953 3981 3068 4042 καὶ,
3100 3979 3176 4042 ὦς
3204 3995 3395 4048 φασιν,
3428 3977 3697 4046 ὀρθότατα
3738 3975 3947 4040 δογμα-

2371 4070 2608 4136 τίζουσι,
2642 4075 2737 4124 καὶ
2779 4072 2995 4140 άληθῶς
3027 4073 3374 4137 δοξάζουσιν·
3406 4072 3523 4124 ἐπεὶ
3566 4072 3624 4124 δὲ
3656 4071 3823 4138 ἡμεῖς
3856 4071 3948 4120 καὶ

2369 4161 2433 4212 ἐκ
2458 4161 2552 4212 τοῦ
2592 4160 2720 4214 Υἱοῦ
2757 4161 2989 4230 λέγομεν
3039 4162 3458 4230 ἐκπορεύεσθαι,
3492 4158 3756 4218 ἐναντίοι,
3791 4155 3943 4222 φασὶ,

2367 4252 2479 4312 τοῖς
2508 4253 2686 4319 ἁγίοις
2721 4253 2911 4320 ἐσμὲν,
2946 4253 3037 4305 καὶ
3066 4252 3235 4304 αὑτοῦ
3269 4251 3363 4304 τοῦ
3394 4247 3633 4320 Χριστοῦ
3665 4247 3945 4314 λέγοντος,

2375 4359 2392 4392 ι
2442 4343 2506 4393 Ὃ
2544 4344 2694 4411 παρά
2722 4343 2816 4395 τοῦ
2868 4345 3080 4412 Πατρὸς
3123 4341 3502 4412 ἐκπορεύεται.
3550 4358 3569 4391 ι
3615 4337 3798 4392 Τοῦτο
3849 4338 3943 4405 μὲν

684 4425 830 4482 οὗτοι
871 4431 1120 4494 λέγοντες
1160 4431 1364 4485 οἴονται
1392 4431 1756 4484 δικαιοῦσθαι.
1801 4429 1994 4499 Ἡμεῖς
2026 4430 2084 4482 δὲ
2116 4430 2257 4498 μετά
2295 4431 2516 4501 ἀγάπης
2548 4451 2608 4485 τε
2646 4434 2738 4486 καὶ
2769 4435 2991 4503 εἰρήνης
3023 4434 3364 4502 ἐπιδείξομεν
3423 4434 3487 4500 τῇ
3523 4429 3831 4497 συνεργείᾳ
3856 4427 3945 4478 τοῦ

687 4523 845 4578 Θωῦ.
894 4526 976 4577 ὅτι
1035 4531 1125 4576 καί
1182 4531 1244 4578 ἐκ
1277 4526 1369 4578 τοῦ
1417 4527 1546 4578 Υἱοῦ
1575 4527 1636 4578 τὸ
1685 4526 1842 4592 ἀγιον
1897 4525 2260 4594 ἐκπορεύεται
2305 4526 2553 4594 Πνεῦμα,
2603 4528 2854 4597 καθάπερ
2891 4528 3086 4598 ἀμέλει
3124 4527 3217 4580 καὶ
3283 4525 3347 4578 ἐκ
3393 4521 3486 4575 τοῦ
3531 4518 3786 4590 Πατρόςο
3857 4518 3946 4588 οὐχ

687 4620 1002 4687 ὑϐρίζοντες
1037 4622 1401 4688 ὀργιζόμενοι.
1449 4623 1584 4675 ἀλλὰ
1620 4622 1863 4689 μαθηταὶ
1913 4621 2007 4675 τοῦ
2044 4623 2339 4691 φήσαντος,

688 4714 903 4782 λέγητε.
943 4734 960 4765 ι

765 4892 992 4946 'Llutth.
1036 4908 1138 4953 wr,
1177 4892 1259 4946 18.
1336 4894 1354 4923 ²
1381 4889 1540 4946 Joan.
1567 4908 1656 4959 xv,
1689 4893 1742 4945 5.
1818 4890 1836 4920 ³
1874 4890 2008 4946 Ibid.
2046 4889 2136 4943 26.

2374 4641 2392 4673 ι
2444 4623 2680 4693 Εἰρήνην
2704 4623 2927 4679 διώκετε
2960 4623 3165 4693 καὶμὴ
3226 4617 3508 4692 ὀργίζεσθε
3579 4617 3668 4685 ἐφ’
3737 4612 3826 4681 οἷς
3887 4618 3946 4671 ἀν

2235 4892 2254 4922 δ
2291 4889 2459 4946 llebr.
2486 4907 2583 4959 xu,
2611 4893 2664 4946 4.
