4160 6424
218 365 352 432 ΗΠ
881 373 1027 430 ΡΙιο
1068 370 1279 434 CUNC.
1324 375 1851 436 Fl.ORENT.CAP.
1895 378 1938 441 l.
1985 378 2082 437 D‘E
2122 380 2436 443 SPlRlTU
2465 384 2776 446 SANCTO.
3328 385 3479 453 1118?

1249 619 1896 704 ΚΕΦΑΛΑΙΟΝ
1969 622 2425 708 ΠΡΩΤΟΝ

315 757 443 809 Ὅτι
482 757 549 809 τὸ
585 756 827 826 Πνεῦμα
856 757 920 813 τὸ
959 758 1132 828 ἅγιον
1153 759 1536 834 ἐκπορεύεται
1579 761 1677 834 καί
1719 761 1792 814 ἐκ
1838 763 1944 834 τοῦ
1982 765 2142 826 Ποῦ,
2181 765 2276 815 καὶ
2301 749 2413 816 οὐκ
2445 765 2510 814 ἐν
2549 765 2742 832 μόνου
2775 767 2882 819 τοῦ
2913 768 3164 832 Ῑιατρός,
3196 768 3278 834 ὡς
3307 771 3365 824 οἱ

1115 830 1203 898 μὴ
1270 831 1383 896 τὴν
1445 832 1714 884 σύνοδον
1797 832 2153 899 στέργοντες
2213 835 2522 903 λέγουσιν.

1367 1047 1745 1138 CAPUT
1815 1051 2299 1140 PRIMUM

322 1197 626 1274 Spiritum
662 1207 943 1259 sanctum
970 1199 1303 1280 procedere
1347 1214 1398 1261 et
1437 1222 1514 1262 ex
1542 1202 1733 1276 Filio,
1763 1222 1888 1265 non
1921 1225 1998 1265 ex
2035 1207 2220 1266 Patre
2263 1216 2528 1284 tantum,
2569 1223 2636 1272 ut
2693 1214 2872 1275 aiunt
2921 1218 3028 1295 qui
3063 1221 3364 1295 synodum

1572 1301 1698 1340 non
1733 1296 2103 1364 sequuntur.

286 1490 545 1558 Ἀρκτέον
595 1488 688 1544 οὖν
727 1493 822 1546 ἀπ’
856 1493 1019 1545 αὑτοῦ
1065 1495 1157 1548 τοῦ
1209 1499 1438 1562 πρώτως
1495 1501 1627 1569 ἡμῖν
1679 1503 1776 1569 τὴν

1948 1497 2321 1569 Incipiendum
2379 1500 2666 1570 estigitur
2732 1500 2802 1555 ab
2845 1517 2910 1556 eo
2962 1505 3054 1572 qui
3104 1507 3280 1577 primo
3314 1509 3470 1565 theo-

197 1584 483 1652 θεολογίαν
524 1585 728 1654 ταύτην
757 1585 1243 1654 ἀποκαλύψαντοςο
1279 1585 1431 1653 οὗτος
1464 1593 1572 1660 γὰρ
1609 1594 1665 1644 ἐν
1697 1593 1774 1662 τῷ

1876 1591 2282 1661 Ιυςίιιειῐι.1ιιιη‹ι
2329 1595 2610 1646 veritatem
2651 1594 2932 1647 revelat-it.
2980 1596 3076 1649 Hic
3125 1601 3268 1652 enim
3320 1601 3463 1670 apud

196 1681 342 1732 κατά
390 1681 644 1752 Ἰωάννην
676 1682 993 1756 [εὐαγγελίῳ
1049 1689 1107 1740 ὲν
1139 1685 1422 1756 κεφαλαίῳ
1453 1687 1777 1738 ἑπτακαιδε-

1872 1683 2138 1739 Joannem
2173 1685 2572 1754 Evangelistatu
2619 1687 2683 1740 ad
2715 1687 3012 1757 discipulos
3060 1704 3189 1745 suos
3235 1693 3314 1747 sic
3347 1695 3461 1748 ait:

194 1771 351 1841 κάτῳ
378 1773 550 1827 ταῦτά
590 1793 721 1845 φησι
759 1777 894 1846 np‘);
932 1779 1060 1840 τοὺς
1095 1779 1365 1849 μαΟητά·,
1405 1797 1423 1828 t
1459 1777 1635 1831 Πολλά
1669 1777 1775 1846 ἔχω

1879 1797 1896 1826 t
1925 1779 2119 1834 Adhuc
2143 1778 2314 1832 multa
2348 1778 2519 1833 habeo
2551 1779 2706 1834 vobis
2739 1781 2942 1845 dicere,
2962 1783 3054 1837 sed
3093 1799 3202 1838 non
3234 1787 3461 1854 potestis

193 1864 380 1932 λέγειν
411 1867 562 1937 ὑμῖν,
593 1869 709 1920 ἀλλ’
739 1870 798 1922 οὐ
848 1871 1079 1924 δύνασθε
1114 1873 1405 1942 βαστάζειν
1443 1873 1567 1942 ἀρτι
1590 1888 1604 1902 ο
1645 1874 1776 1924 ὅταν

1876 1881 2099 1943 portare
2136 1872 2337 1939 modo;
2393 1888 2512 1926 cum
2575 1881 2756 1927 autem
2811 1876 3024 1929 venerit
3076 1876 3169 1930 ille
3227 1875 3466 1947 Spiritus

192 1959 254 2010 δὲ
301 1959 430 2031 ἐλοῃ
463 1964 691 2026 ἐκεί-λος,
723 1963 780 2016 τὸ
806 1965 1029 2034 Πνεῦμα
1081 1966 1178 2034 τῆς
1207 1966 1487 2036 ἀληθείας,
1517 1965 1776 2035 ὁδηγήσει

1876 1965 2139 2031 veritatis,
2168 1966 2388 2020 docebit
2427 1980 2522 2019 vos
2557 1981 2773 2020 omnem
2808 1966 3090 2022 veritatem
3128 1987 3140 2022 :
3174 1985 3283 2025 non
3318 1973 3463 2025 enim

195 2053 346 2120 ὑμᾶς
369 2054 447 2114 είς
481 2056 660 2106 πᾶσαν
695 2056 794 2125 τὴν
834 2057 1094 2126 ἀλήθειαν
1119 2073 1131 2085 ’
1165 2057 1225 2110 οὐ
1275 2057 1384 2126 γάρ
1419 2056 1640 2124 λαλήσει
1675 2056 1766 2122 ἀρ’

1877 2057 2128 2126 loquetur
2167 2073 2197 2112 a
2247 2058 2699 2127 semetipso,sed
2753 2073 3094 2130 quacunque
3148 2065 3333 2118 audiet
3387 2066 3467 2119 lo-

195 2146 420 2212 ἐαυτοῦ,
462 2148 579 2200 ἀλλ’
610 2150 709 2202 ὅσα
735 2147 801 2200 ἂν
843 2149 1073 2221 ἀκούσῃ,
1107 2151 1354 2219 λαλήσει,
1384 2150 1477 2202 καὶ
1504 2151 1572 2200 τά
1612 2151 1768 2220 ἐρχό-
1808 2194 1838 2246 Ε

1822 2194 1846 2246 Β
1877 2157 2096 2217 quetur,
2119 2161 2312 2220 etquae
2336 2161 2562 2203 ventura
2607 2163 2730 2205 sunt
2755 2154 3101 2208 aununtiabit
3129 2157 3280 2209 vobis
3329 2175 3342 2211 :
3378 2159 3465 2211 ille

195 2247 339 2306 μεῖνα
370 2240 659 2308 ἀναγγελεῖ
710 2241 840 2310 ὑμῖν
861 2259 876 2273 ’
904 2244 1111 2304 ἐκεῖνος
1142 2245 1238 2308 ἐμὲ
1283 2242 1498 2308 δοξάσει
1527 2257 1539 2271 ⁸
1580 2243 1662 2294 ὃτι
1710 2247 1774 2295 ἐκ
1808 2240 1838 2246 ’

1823 2240 1843 2246 ’
1880 2260 1964 2298 nte
2000 2244 2339 2308 clariﬁcabit,
2368 2245 2494 2313 quia
2515 2244 2581 2297 de
2622 2261 2741 2299 meo
2775 2247 3010 2316 accipiet
3037 2258 3088 2301 et
3119 2251 3466 2304 auunntiabit

191 2332 293 2383 τοῦ
331 2332 466 2401 ἐμοῦ
495 2334 724 2402 λήψεται
756 2334 850 2386 καὶ
882 2336 1174 2402 ἀναγγελεῖ
1223 2336 1375 2400 ὑμῖν.
1413 2353 1431 2386 ι
1462 2331 1588 2404 'Ap'
1623 2334 1772 2403 ἔχετὲ

1878 2335 2029 2390 vobis
2049 2335 2091 2390 °.
2125 2355 2143 2389 ι
2169 2336 2548 2407 Num;habetis
2570 2339 2699 2407 qttid
2729 2338 2794 2392 ad
2826 2340 2928 2392 hoc
2951 2341 3347 2409 respondeatis,
3372 2358 3463 2396 vos

191 2444 245 2478 τι
281 2426 417 2498 πρδς
441 2428 611 2480 ταῦτα
648 2429 845 2494 εἰπεῖν,
878 2428 1203 2482 οίτάναντία
1238 2429 1606 2496 φρονοῦντες,
1641 2428 1770 2494 Ναὶ,

1876 2430 1967 2498 qui
1999 2429 2338 2483 contrarium
2370 2429 2631 2489 sentitis?
2666 2429 2863 2496 Etiam,
2889 2431 3164 2501 inquiunt,
3196 2435 3465 2503 cognitio-

192 2517 364 2585 φασὶ,
378 2516 579 2584 γνῶσιν
603 2519 894 2586 λαμϐάνει,
924 2519 1137 2588 λόγους,
1178 2520 1339 2590 λῆψιν
1362 2538 1376 2552 ο
1404 2520 1594 2573 ἀκούει
1621 2521 1774 2590 παρά

1877 2537 1996 2575 ncm
2015 2520 2240 2590 accipit,
2256 2521 2443 2586 verba,
2467 2522 2840 2591 acceptionem
2861 2542 2874 2578 :
2897 2525 3044 2579 audit
3068 2537 3096 2574 a
3120 2525 3276 2591 Filio,
3298 2536 3354 2579 ut
3372 2525 3463 2580 Fi-

190 2613 289 2662 τοῧ
335 2611 484 2675 Υίοῦ,
523 2612 710 2683 ὥσπερ
739 2614 766 2664 ὁ
816 2613 941 2672 Υἱὸς
972 2613 1124 2681 παρά
1162 2613 1256 2666 τοῦ
1293 2605 1504 2682 Πατρὸς
1552 2612 1768 2682 σοφίαν,

1878 2613 1983 2665 lius
2040 2628 2070 2666 a
2110 2611 2267 2668 Patre
2316 2615 2667 2683 sapientiam,
2724 2623 2779 2669 et
2823 2617 3052 2689 reliqua.
3112 2617 3180 2672 Et
3233 2633 3335 2672 nos
3392 2617 3464 2671 ita

193 2703 295 2754 καὶ
322 2703 390 2754 τὰ
419 2703 603 2757 λοιπά.
657 2705 764 2758 Καὶ
809 2688 969 2775 ἡμεῖς
1002 2705 1145 2758 οὕτω
1194 2705 1423 2775 λέγομεν
1447 2691 1476 2736 ·’
1504 2706 1616 2758 ἀλλ’
1653 2709 1773 2758 ἐπεὶ

1881 2705 2164 2761 dicimus:
2202 2707 2296 2761 sed
2359 2707 2486 2776 quia
2537 2708 2707 2762 multa
2749 2688 3056 2780 intelligere
3106 2710 3158 2763 in
3219 2711 3327 2765 Dco
3388 2711 3467 2764 fas

192 2793 342 2841 νοεῖν
389 2791 450 2842 οὐ
485 2790 644 2860 θέμις
676 2793 848 2845 πολλά
893 2797 951 2848 ὲν
980 2794 1058 2861 τῷ
1090 2795 1228 2864 θεῷ,
1266 2798 1351 2849 ἴνα
1406 2796 1480 2866 μὴ
1517 2796 1774 2849 σύνθετον

1879 2813 1982 2850 non
2009 2806 2115 2863 est,
2148 2812 2218 2851 ne
2251 2798 2617 2867 compositum
2670 2814 2794 2852 eum
2853 2799 3242 2870 intelligamus,
3296 2817 3463 2855 unum

190 2885 366 2938 αὐτὸν
397 2887 761 2957 ἐννοήσωμεν,
792 2886 848 2939 ἓν
873 2887 1172 2957 λαμϐάνειν
1201 2890 1401 2957 φαμὲν,
1427 2888 1526 2957 τὴν
1551 2888 1740 2941 οὐσίαν
1758 2907 1769 2919 ο

1875 2890 2124 2960 accipere
2174 2889 2450 2945 dicimus:
2486 2892 2806 2955 essentiam,
2859 2907 2980 2961 qua:
3031 2894 3252 2963 sapiens
3299 2904 3382 2949 est
3411 2907 3466 2949 et

188 2980 322 3048 ἥτις
357 2979 494 3049 σοφὴ
527 2981 620 3033 καὶ
646 2980 824 3049 ἀγαθὴ
851 2983 947 3033 καὶ
985 2981 1151 3034 τᾶλλα
1192 2981 1330 3033 ἐστί.
1372 2983 1482 3034 Καὶ
1504 2982 1592 3035 διὰ
1616 2980 1774 3034 τοῦτο

1876 2984 2051 3046 Itona,
2110 2992 2218 3056 etc.
2265 2981 2560 3050 Propterea
2625 2981 2670 3034 si
2733 2983 3056 3051 sapientiam
3116 2984 3336 3052 accipit,
3386 2984 3462 3036 nil

189 3073 248 3123 εί
303 3073 497 3138 σοφίαν
549 3073 842 3141 λαμϐάνει,
904 3073 1056 3124 οὐδὲν
1113 3073 1240 3125 ἀλλο
1297 3075 1346 3125 εί
1401 3074 1476 3144 μὴ
1533 3074 1593 3125 τὸ
1633 3069 1771 3126 εἶναι

1871 3069 2021 3129 aliud
2063 3075 2170 3129 nisi
2205 3075 2382 3144 ipsum
2417 3089 2538 3128 esse
2577 3074 2816 3142 accipit:
2853 3075 3036 3128 audiet
3063 3090 3192 3144 ergo
3224 3075 3464 3144 Spiritus

190 3165 354 3217 αὑτό.
425 3164 673 3216 Ἀκούσει
728 3161 823 3217 οὖν
876 3164 938 3217 τὸ
974 3165 1199 3234 Πνεῦμα
1222 3165 1283 3216 τὸ
1319 3166 1492 3233 ἅγιον,
1521 3164 1770 3217 τουτέστι

1875 3176 2114 3232 sanctus,
2149 3167 2200 3221 id
2237 3174 2342 3231 est,
2380 3167 2447 3221 ab
2478 3182 2544 3220 eo
2573 3167 2758 3221 audiet
2787 3182 2816 3221 a
2857 3181 2965 3236 quo
3005 3167 3270 3236 procedit.
3325 3169 3462 3220 lllud

192 3256 334 3327 παρ’
361 3257 569 3309 ἐκείνου
591 3257 837 3320 ἀκούσει,
866 3257 997 3326 παρ’
1021 3255 1079 3308 οὗ
1112 3257 1490 3327 ἐκπορεύεται·
1516 3256 1574 3309 τὸ
1599 3256 1770 3307 ἀκού.

1875 3262 2086 3321 audire,
2147 3275 2479 3330 cognoscere
2531 3269 2641 3323 est,
2693 3273 3027 3327 cognoscere
3090 3268 3270 3313 autem
3319 3274 3461 3316 esse.

195 3368 282 3401 ειν
316 3353 514 3412 ἐκεῖνο,
540 3349 828 3415 γινώσκειν
875 3350 1024 3414 ἐστὶ,
1061 3349 1120 3400 τὸ
1159 3349 1215 3401 δὲ
1247 3350 1560 3416 γινώσκειν,
1609 3342 1768 3399 εἶναι.

1873 3352 2139 3416 Quoniam
2170 3350 2332 3419 igitur
2357 3365 2387 3403 a
2420 3367 2478 3404 se
2504 3365 2614 3402 non
2655 3356 2762 3414 est,
2790 3349 2881 3404 sed
2921 3363 2950 3402 a
2983 3363 3093 3417 quo
3117 3350 3361 3418 procedit
3388 3366 3404 3417 ;
3434 3365 3463 3404 a

209 3443 430 3510 Ἐπειδὴ
457 3443 632 3493 τοίνυν
663 3443 763 3493 οὐκ
815 3441 958 3493 ἐστιν
994 3439 1088 3507 ἀφ’
1115 3441 1329 3504 ἑαυτοῦ,
1362 3441 1496 3492 ἀλλὰ
1547 3441 1675 3507 παρ’
1710 3435 1770 3490 οὗ

1877 3461 1984 3510 quo
2019 3442 2270 3511 provenit
2316 3441 2366 3496 ei
2404 3443 2662 3501 essentia,
2708 3443 2776 3494 ah
2810 3441 2904 3494 illo
2947 3442 3190 3510 cognitio
3224 3457 3238 3494 :
3275 3443 3339 3494 ab
3370 3442 3463 3495 illo

193 3536 584 3602 éxnapztistat,
616 3535 675 3585 τὸ
702 3532 922 3585 ἀκούειν
964 3536 1142 3584 ἐκεῖνο
1175 3533 1471 3599 γινώσκειν
1505 3536 1648 3593 ἐστὶ,
1709 3535 1768 3584 τὸ
1802 3530 1836 3586 C

1817 3530 1842 3585 3
1880 3518 2008 3605 ergo
2036 3546 2091 3589 et
2123 3534 2352 3595 auditio,
2384 3539 2528 3602 quod
2567 3534 2640 3586 nil
2685 3533 2829 3585 aliud
2866 3540 2949 3584 est
2993 3548 3152 3600 quam
3198 3532 3460 3587 essentia.

190 3628 252 3679 δὲ
277 3627 568 3694 γινώσκειν
599 3625 761 3679 εἶναι.
781 3626 1002 3694 Ἐπειδὴ
1029 3626 1207 3678 τοίνυν
1227 3626 1326 3677 ὀνκ
1349 3626 1495 3679 ἐστιν
1515 3627 1607 3694 ἀφ’
1639 3629 1770 3680 ἑαυ-

1875 3627 2099 3696 Semper
2131 3627 2293 3697 igitur
2323 3624 2478 3679 audit
2524 3625 2763 3694 Spiritus
2801 3634 3048 3688 sanctus,
3097 3627 3221 3695 quia
3250 3641 3464 3695 semper

190 3719 310 3772 τῶν
336 3736 347 3748 ο
385 3718 518 3771 ἀλλά
541 3717 670 3785 παρ’
700 3715 760 3768 οὗ
784 3717 1167 3784 ἐκπορεύεται,
1203 3715 1293 3783 ἀφ’
1325 3712 1384 3770 οὗ
1413 3717 1559 3768 ἐστιν
1579 3717 1772 3786 ἐκείνῳ

1872 3721 2152 3789 cognoscit
2201 3731 2256 3774 et
2304 3727 2646 3788 cognoscet:
2683 3719 2888 3773 idcirco
2928 3718 3156 3782 audivit,
3205 3720 3378 3785 audit,
3411 3732 3463 3774 et

197 3812 232 3879 ἡ
274 3807 455 3868 οὐσία,
494 3805 625 3873 παρ’
667 3804 876 3856 ἐκείνου
913 3805 946 3874 ἡ
981 3803 1212 3870 γνῶσις·
1244 3803 1374 3873 παρ’
1420 3805 1632 3856 ἐκείνου
1663 3805 1770 3874 ἄρα

1873 3816 2098 3867 audiet:
2128 3829 2277 3875 naut,
2310 3821 2368 3865 ttt
2399 3812 2655 3874 diximus,
2685 3812 2826 3864 idem
2865 3825 2949 3863 est
3002 3811 3049 3864 ei
3095 3813 3281 3866 audire
3316 3815 3460 3881 quod

193 3903 293 3953 καὶ
347 3901 377 3969 ὴ
415 3899 704 3969 ἀκρόασις,
752 3898 890 3965 ὅπερ
926 3898 1079 3948 οὐδὲν
1142 3896 1271 3949 ἄλλο
1317 3898 1532 3966 ἐστὶ·θῆ
1590 3898 1768 3951 οὐσία.

1871 3920 2222 3976 cegnoscere,
2259 3914 2330 3958 et
2369 3918 2702 3973 cognoscere
2733 3906 2780 3956 ci
2830 3902 2973 3954 idem
3020 3911 3102 3955 est
3138 3902 3280 3968 quod
3312 3917 3456 3956 esse.

206 3993 323 4046 Ἀεὶ
356 3991 535 4043 τοίνυν
585 3988 771 4042 ἀκούει
817 3989 876 4041 τὸ
936 3987 1160 4056 Πνεῦμα
1201 3988 1258 4040 τὸ
1307 3987 1484 4055 ἅγιον,
1546 3992 1628 4041 ὅτι
1683 3992 1770 4044 ἀεὶ

1872 4000 1953 4052 Ab
1986 4014 2049 4051 eo
2094 3997 2259 4066 igitur
2303 3995 2529 4060 audivit,
2565 3995 2769 4058 audiet,
2821 4002 2876 4048 et
2905 3993 3080 4056 audit,
3115 4009 3142 4046 a
3192 4009 3302 4062 quo
3332 4005 3455 4047 est:

192 4090 482 4154 γινώσκει,
522 4085 614 4136 καὶ
656 4081 927 4146 γνώσεται
952 4098 963 4110 ’
985 4082 1076 4133 καὶ
1105 4081 1191 4134 διὰ
1220 4079 1391 4135 ταῦτα
1425 4083 1515 4135 καὶ
1541 4083 1770 4152 ἡκουσε,

1871 4093 1938 4146 ab
1991 4105 2058 4143 eo
2087 4097 2269 4142 autem
2318 4095 2419 4150 est,
2460 4103 2488 4137 a
2537 4099 2643 4153 quo
2696 4083 2965 4153 procedit.
3015 4083 3118 4138 Sed
3180 4099 3247 4136 ne
3279 4083 3461 4137 dicere

194 4185 290 4231 καί
335 4177 548 4242 domist,
578 4177 672 4227 καὶ
716 4175 1030 4228 ἀκούσεται.
1084 4173 1173 4235 Ὠς
1209 4175 1314 4239 γὰρ
1365 4174 1466 4244 ἤδη
1517 4175 1767 4244 εἴπομεν,

1871 4181 2104 4252 possint,
2141 4180 2285 4249 quod
2334 4179 2385 4231 in
2434 4193 2500 4231 eo
2533 4178 2882 4246 pronomine,
2923 4192 3058 4240 meo,
3087 4191 3210 4228 cum
3235 4175 3456 4238 dicitur,

192 4267 345 4320 τοῦτ’
375 4268 521 4319 ἐστιν
554 4264 703 4333 αὑτῴ
732 4264 792 4317 τὸ
819 4264 1039 4316 ἀκούειν
1070 4265 1205 4328 ὅπερ
1235 4264 1300 4322 τὸΔ
1319 4263 1612 4331 γινώσκειν
1633 4279 1646 4293 ο
1679 4267 1770 4318 καὶ

1871 4274 2038 4344 quod,
2074 4275 2134 4326 de
2185 4287 2297 4324 meo
2326 4270 2566 4338 accipiet,
2615 4268 2957 4337 intelligitur,
3004 4266 3187 4330 Patre,
3235 4267 3371 4320 infra
3404 4268 3457 4320 in

193 4361 256 4411 τὸ
286 4358 579 4425 γινώσκειν
611 4356 780 4424 αὐτῷ,
814 4354 960 4408 τοῦτ’
991 4357 1139 4406 ἐστὶν
1168 4356 1304 4424 ὅπερ
1337 4357 1394 4408 τὸ
1440 4352 1600 4408 εἶναι.
1634 4357 1771 4426 [Iap'

1873 4366 2064 4420 eodem
2123 4365 2298 4432 capite
2352 4361 2658 4430 coniungit,
2719 4362 2907 4414 dicens
2947 4376 2959 4413 :
3002 4379 3020 4411 ι
3067 4359 3260 4414 Omnia
3309 4375 3458 4428 qua:-

193 4451 405 4502 ὲκείνου
440 4449 617 4502 τοίνυν
645 4449 866 4518 ἢκουσε,
909 4449 1001 4499 καὶ
1049 4449 1260 4514 ἀκούει,
1308 4449 1401 4501 καὶ
1457 4448 1768 4513 ἀκούσεται,

1872 4471 2087 4526 cunque
2143 4455 2304 4508 habet
2359 4454 2538 4517 Pater,
2598 4468 2718 4505 mea
2766 4462 2895 4506 sunt
2929 4469 2944 4506 :
2982 4463 3278 4521 propterea
3342 4450 3454 4505 dixi

192 4547 331 4611 παρ’
362 4533 422 4591 οὗ
457 4543 571 4592 ἐστι
595 4554 610 4568 °
661 4531 1037 4608 παρ”ὲκείνου
1087 4539 1142 4590 δέ
1192 4542 1340 4591 ἐστιν
1385 4539 1480 4606 ἀφ’
1510 4539 1572 4591 οὗ
1603 4541 1770 4590 ἐκπο-

1873 4521 2021 4603 vobis
2050 4548 2193 4617 quod
2227 4547 2294 4601 de
2340 4562 2461 4600 me.»
2496 4546 2738 4610 accipiet
2768 4556 2818 4599 et
2847 4544 3195 4600 annuntiahit
3227 4542 3399 4598 vobis.
3438 4562 3457 4593 ι

196 4634 441 4701 ρεὺεται.
487 4631 626 4685 Ἀλλ’
664 4631 748 4682 ἵνα
785 4633 856 4700 μή
900 4649 1040 4693 τινες
1081 4633 1256 4683 εἰπεῖν
1288 4633 1459 4699 ἔχοιεν
1491 4631 1563 4693 ὡς
1598 4633 1654 4682 ἐν
1681 4634 1769 4700 τῇ,

1872 4642 2006 4696 Cum
2068 4657 2196 4694 vero
2255 4639 2511 4692 dtxerit:
2578 4634 2822 4690 «Omnia
2903 4651 3244 4705 quacunque
3300 4634 3465 4688 habet

191 4724 364 4792 ἐμοῦ,
399 4723 736 4790 ἀντωνυμίᾳ,
770 4725 826 4774 ἐν
857 4721 933 4791 τῷ
975 4722 1055 4774 ὅτι
1085 4722 1152 4774 ἐκ
1185 4722 1289 4776 τοῦ
1320 4721 1466 4791 ἐμοῦ
1510 4721 1771 4790 λήψεται

1876 4733 2035 4786 Pater
2067 4775 2081 4794 ,
2159 4745 2278 4784 mea
2331 4738 2459 4782 sunt
2521 4747 2532 4781 :
2583 4747 2600 4778 ι
2654 4727 2884 4781 occlusit
2943 4741 3103 4780 omne
3148 4741 3210 4780 os
3278 4725 3466 4779 volens

193 4820 258 4870 τὸ
285 4816 512 4884 Πατρός
541 4817 830 4875 ἐννοεῖται,
850 4814 1209 4884 παρακατιὼν
1231 4817 1287 4866 ἐν
1317 4815 1394 4883 τῷ
1424 4815 1572 4884 αὐτῷ
1599 4833 1766 4884 κεφα-
1804 4861 1836 4914 n

1823 4821 2164 4910 )excludere
2224 4820 2383 4873 etiam
2445 4816 2641 4871 Filium
2711 4830 2836 4870 esse
2893 4815 3225 4885 principium
3278 4829 3466 4868 εεςτοη-

193 4906 336 4974 λαίῳ
393 4905 776 4966 ἐπισυνάπτει,
839 4923 856 4954 t
918 4906 1101 4958 Πάντα
1156 4908 1253 4958 ὅσα
1313 4905 1424 4975 ἔχει
1474 4910 1500 4958 ὀ
1555 4908 1765 4976 Πατὴρ,
1804 4899 1836 4914 ”

1829 4899 1842 4910 ’
1879 4919 1965 4967 tia:
1997 4913 2073 4982 (ι)
2125 4910 2458 4965 sanctissimi
2511 4908 2774 4977 Spiritus.
2830 4906 2986 4972 Quod
3019 4899 3219 4960 'autem
3277 4920 3463 4960 verum

193 5002 392 5066 λέγων,
430 4999 539 5066 ἐμά
586 5001 733 5050 ἐστι·
769 4999 855 5050 διὰ
900 5000 1057 5048 τοῦτο
1093 4994 1245 5048 εἷπον
1289 4999 1414 5066 ὑμῖν
1454 5001 1534 5050 ὅτι
1581 5001 1642 5051 ἐκ
1676 4999 1769 5051 τοῦ

1880 5010 1969 5065 sit,
1997 5014 2191 5057 cuncta
2227 5015 2346 5070 qua!
2387 5001 2551 5054 habet
2593 4997 2774 5064 Pater,
2809 5013 2872 5052 ea
2908 5009 2962 5052 et
2995 4997 3192 5051 Filium
3241 4997 3463 5059 habere,

194 5091 336 5158 ἐμοῦ
367 5089 621 5159 λήψεται,
671 5091 765 5140 καὶ
795 5088 1088 5155 ἀκαγγελεῐ
1133 5090 1284 5155 ὑμῖν.
1329 5107 1346 5138 ι
1381 5089 1561 5141 Εἰπὼν
1594 5089 1648 5141 δὲ
1688 5091 1768 5143 ὅτι

1878 5101 1996 5167 ipse
2034 5099 2083 5151 id
2123 5107 2356 5151 testatur
2387 5110 2509 5147 cum
2539 5093 2691 5150 dicit.
2734 5112 2749 5143 t
2789 5091 2972 5158 Pater,
3009 5092 3190 5146 omnia
3225 5099 3316 5144 tua
3346 5105 3464 5144 mea

197 5188 383 5239 Πάντα
414 5187 516 5238 ὅσα
552 5182 666 5253 ἔχει
703 5184 731 5235 ὁ
761 5183 969 5252 Πατὴρ,
1009 5185 1116 5251 ἐμά
1143 5186 1312 5245 ἐστιν,
1345 5184 1635 5236 ἀπέκλεισε
1661 5184 1768 5236 πᾶν

1878 5205 2027 5250 sunt,
2057 5199 2110 5242 et
2133 5203 2254 5242 mea
2307 5198 2420 5242 tua.
2452 5208 2471 5240 ι
2507 5187 2573 5242 Ει
2602 5185 2866 5249 Joannes,
2911 5185 3155 5237 Damasci
3191 5183 3468 5252 refulgens

197 5280 378 5346 στόμα
430 5273 755 5346 βουλόμενον
792 5276 1126 5341 ἀποκλείειν,
1168 5276 1262 5327 καὶ
1298 5275 1387 5328 τὸν
1424 5276 1550 5328 Υίὸν
1595 5276 1769 5328 αἴτιον

1876 5283 2050 5344 sidus,
2105 5281 2181 5335 ait
2222 5279 2342 5352 (‘2):
2379 5299 2394 5329 t
2437 5277 2631 5332 Omnia
2672 5290 3009 5345 quacunque
3075 5275 3239 5330 habet
3281 5274 3466 5339 Pater,

193 5370 296 5435 τῆς
357 5365 644 5436 ὑπάρξεως
694 5366 790 5417 τοῦ
842 5366 1110 5431 παναγίου
1161 5365 1494 5434 Ιινεύματος.
1547 5367 1668 5419 Ὅτι
1712 5367 1769 5420 δὲ

1876 5374 1930 5427 in
1987 5373 2298 5443 generando
2364 5370 2585 5426 tradidit
2651 5368 2808 5434 Filio,
2869 5377 3066 5436 praeter
3124 5382 3285 5436 quam
3340 5381 3465 5421 esse

193 5461 398 5527 ἀληὺἐς
439 5463 554 5510 ἐστι
598 5458 676 5522 τὸ,
709 5456 888 5511 Πάντα
935 5459 1034 5510 ὅσα
1068 5457 1178 5526 ἔχει
1216 5461 1243 5510 ὁ
1281 5460 1487 5528 Πατὴρ,
1526 5459 1639 5528 ἔχει
1673 5461 1770 5512 καὶ

1877 5463 2112 5517 Patrem.
2147 5481 2165 5514 ι
2204 5464 2367 5533 largo,
2399 5463 2442 5516 si
2477 5461 2633 5516 Pater
2661 5460 2954 5531 (quatenus
2983 5457 3162 5526 Pater)
3197 5455 3455 5527 producit

277 5580 473 5634 ’Joan.
503 5594 617 5642 ινι,
655 5578 740 5644 19,
764 5579 853 5631 15.

266 5698 346 5768 (Ι)
375 5697 492 5751 Νοη
527 5695 819 5750 admittunt
859 5694 1095 5768 theologi
1122 5696 1263 5768 hanc
1292 5697 1621 5750 locutionem
1671 5698 1768 5752 Fi-
1873 5701 2037 5754 ritum
2065 5712 2316 5755 sanctum
2354 5702 2556 5753 habere
2583 5715 2610 5753 a
2648 5698 2788 5752 Filio
2821 5707 3080 5765 tanquam
3121 5707 3150 5747 a
3186 5691 3269 5748 sui
3305 5691 3466 5762 prin-

194 5763 301 5823 lirts
329 5763 405 5822 est
435 5768 748 5834 principium
774 5766 1019 5838 essentiai
1035 5763 1266 5838 Spiritus
1295 5770 1464 5820 sancti
1487 5785 1505 5832 ;
1532 5785 1653 5822 nant
1686 5786 1771 5822 es-
1871 5772 2015 5838 cipio
2047 5773 2341 5824 essentiam
2379 5771 2643 5825 divinam.

194 5841 376 5910 sentia
401 5839 624 5910 divina,_
646 5853 765 5905 qua:
792 5847 872 5889 cst
907 5838 959 5888 in
989 5835 1191 5902 Spiritu
1221 5847 1430 5910 sant-to,
1469 5855 1573 5890 uoti
1609 5840 1770 5910 habet
1927 5835 2020 5910 (Et)
2047 5840 2191 5894 Fidei
2223 5841 2437 5896 Ott/ted.
2481 5842 2569 5893 lib.
2611 5858 2644 5895 t.

195 5909 552 5979 principium.
591 5907 694 5962 Sed
731 5914 918 5960 auctor
953 5914 1160 5959 tantum
1195 5907 1307 5959 vult
1340 5922 1586 5963 asserere
1650 5909 1768 5976 Spi-
