4160 6424
703 404 841 468 ίίίςι

1861 388 2185 450 IOSEPUI
2227 385 2374 445 ME'l
2392 378 2778 443 ilONENSlS

3822 355 3972 419 ιιαο

686 521 974 590 Spiritum,
1016 526 1069 569 rt
1114 513 1278 569 Filius
1320 512 1424 564 hoc
1468 506 1629 563 modo
1668 502 2103 558 communicaret
2161 499 2267 554 Pa-

2394 492 2748 555 εΥίδς,αύτὸς
2780 485 2915 541 αὐτὸ
2949 482 3220 554 μαρτυρεῖ
3246 478 3445 545 λέγων,
3476 493 3494 526 ι
3542 473 3748 590 Πάῐεεέ
3783 473 3975 523 πάντα

2416 586 2426 590 ’
2520 584 2528 590 ⁸
2610 584 2623 590 “
2691 579 2701 590 “
2851 580 2861 590 ‘
2951 575 2963 590 ‘
3010 576 3021 590 ‘
3090 572 3102 590 ’
3182 569 3241 590 -ἐ
3290 572 3399 590 ι---
3485 583 3500 590 -
3550 565 3632 590 Ιί-
3750 560 3974 590 .-μιμηθ-

690 569 780 673 tr'i,
806 617 952 663 esset
1006 604 1241 673 Spiritus
1275 604 1393 671 ipse
1434 598 1627 655 Filius.
1682 604 1736 649 et
1777 593 1949 648 Filius
1984 607 2089 646 una
2140 605 2264 644 cum

2394 586 2441 638 τὰ
2478 584 2567 647 σὰ,
2607 579 2739 650 ἐμὰ,
2779 580 2871 630 καὶ
2906 575 2975 627 τὰ
3006 572 3141 639 sps,
3176 569 3246 622 ai
3287 572 3425 620 ἔστι.

3484 583 3504 615 ι
3550 562 3661 615 Καὶ
3705 560 3974 622 Ἰωάννης

691 649 952 673 mw..."
1006 649 1240 673 .,,....-_-
1279 649 1387 671 -,.-..
1434 649 1451 652 -
1479 649 1507 653 -_

690 701 867 767 Patre,
928 699 1033 751 duo
1081 693 1273 749 Patres
1319 693 1599 763 Spiritus:
1636 696 1689 742 et
1745 687 1847 741 hoc
1908 692 2064 753 pacto
2101 682 2269 736 Filius

2394 679 2469 731 ἰὲὸ
2492 675 2589 746 τῆς
2621 649 2917 743 Δαμασκοῦ
2955 666 3175 734 φαεινὸς
3204 660 3404 730 ἀστὴρ,
3430 678 3446 706 ι
3487 652 3794 767 Πάνταιόσα
3824 649 3970 767 εχει,

688 809 812 845 cum
860 790 1018 843 Patre
1064 802 1172 840 non
1213 783 1644 838 communit-aret
1696 777 1947 832 essentia:
2004 772 2268 844 Spiritus.

693 884 847 938 Nunc
871 898 998 937 vero
1030 896 1139 934 non
1169 876 1421 949 producit
1454 878 1553 929 hoc
1589 881 1746 944 pacto
1779 870 1941 924 Pater
1981 866 2277 937 Spiritum,

692 979 786 1031 sed
829 986 1098 1045 quatenus
1145 971 1487 1042 productor:
1530 982 1708 1035 neque
1758 964 1895 1018 Filio
1954 960 2271 1028 opponitur,

690 1070 822 1137 quin
856 1067 968 1135 ipse
1002 1077 1219 1133 quoque
1256 1061 1326 1114 sit
1372 1073 1535 1114 causa
1568 1056 1826 1126 Spiritus.
1882 1053 2015 1108 Nam
2045 1051 2087 1106 si
2121 1064 2273 1119 quae-

691 1174 905 1226 c-Ithue
932 1157 1093 1212 habet
1119 1153 1298 1216 Pater,
1327 1152 1493 1207 habet
1519 1160 1574 1206 et
1604 1149 1798 1209 Filius,
1837 1155 1891 1201 et
1920 1145 2058 1200 nihil
2094 1157 2273 1197 rema-

691 1262 786 1305 net
806 1250 952 1305 Patri
1005 1249 1149 1317 Quod
1170 1247 1338 1301 Filius
1361 1260 1463 1298 non
1485 1243 1707 1307 habeat;
1728 1240 1890 1294 habet
1910 1246 2090 1290 autem
2113 1237 2277 1292 Pater

694 1344 1102 1412 productionem
1162 1337 1444 1407 Spiritus:
1482 1335 1533 1389 id
1581 1349 1709 1403 ergo
1757 1332 1923 1386 habet
1976 1340 2030 1384 et
2083 1329 2274 1384 Filius.

696 1436 771 1487 lix
828 1433 931 1487 hoc
976 1429 1211 1498 denique
1251 1436 1437 1495 aperte
1487 1423 1819 1488 ostenditur,
1852 1420 1995 1491 quod
2037 1433 2150 1473 non
2187 1430 2278 1472 so-

692 1524 801 1579 lmn
850 1539 878 1577 a
911 1522 1071 1575 Patre
1122 1529 1205 1574 est
1235 1518 1495 1587 Spiritus.
1529 1516 1622 1571 sed
1654 1525 1708 1570 et
1736 1530 1764 1567 a
1807 1512 1964 1570 Filio.
1995 1510 2168 1581 Hujus
2194 1508 2275 1564 rei

694 1616 851 1671 testis
878 1626 961 1669 est
1000 1613 1247 1668 omnium
1278 1611 1563 1665 ductorum
1595 1608 1885 1677 scriptura,
1920 1614 1975 1660 et
2005 1604 2278 1658 maximus

691 1707 921 1778 Cyrillus
973 1716 1144 1760 totqu
1190 1707 1335 1756 hunc
1384 1702 1565 1755 locum
1624 1699 1838 1770 egregie
1886 1701 2278 1765 interpretans,

693 1810 748 1852 et
792 1798 951 1851 verba
1002 1794 1259 1865 praedicta
1296 1808 1311 1847 :
1344 1801 1552 1846 attente
1604 1790 1974 1844 animadverte
2025 1802 2147 1857 quae
2196 1786 2279 1842 di-

692 1893 815 1945 rit:
859 1909 877 1942 ι
909 1888 1051 1943 Ecce
1096 1887 1279 1950 enim,
1323 1885 1589 1955 Spiritum
1646 1881 1891 1937 veritatis
1936 1880 2011 1950 (id
2057 1888 2139 1934 est
2191 1877 2275 1933 sui

695 1983 885 2054 ipsius)
914 1981 1251 2037 Paracletum
1291 1979 1497 2043 dicens,
1532 1992 1561 2030 a
1604 1974 1764 2029 Patre
1813 1973 2111 2045 procedere
2151 1985 2275 2026 eum

694 2075 829 2131 dicit
863 2092 878 2128 :
912 2090 1036 2128 nam
1088 2070 1545 2142 quemadmodum
1603 2066 1851 2136 proprius
1901 2075 1985 2120 est
2040 2063 2281 2134 Spiritus

695 2165 844 2229 Filii,
878 2182 1002 2219 cum
1038 2162 1358 2217 naturaliter
1393 2162 1448 2215 in
1475 2176 1539 2214 eo
1571 2160 1663 2222 sit,
1698 2167 1751 2212 et
1786 2158 1852 2210 ah
1883 2171 1950 2211 eo
1978 2155 2277 2226 procedat:

696 2261 778 2315 sic
805 2260 972 2313 etiam
1007 2256 1183 2311 Patris
1228 2265 1313 2310 est
1339 2255 1613 2325 proprius.
1647 2250 1855 2319 Quibus
1886 2261 2069 2305 autem
2098 2247 2281 2318 Spiri-

699 2366 786 2406 tus
812 2362 897 2406 est
928 2348 1256 2414 communis,
1290 2347 1435 2402 inter
1460 2347 1559 2400 hos
1593 2355 1648 2400 et
1669 2359 1730 2397 ea
1758 2356 1878 2413 qua
1897 2342 1963 2395 ad
1990 2341 2281 2395 essentiam

698 2445 975 2516 pertinent
1000 2456 1109 2497 non
1143 2450 1306 2498 erunt
1334 2440 1526 2494 divisa.
1560 2436 1749 2508 Neque
1781 2451 1883 2491 nos
1918 2433 2281 2504 quorumdam

703 2538 868 2591 verba
907 2535 1251 2606 perturbant,
1306 2532 1397 2602 qui
1446 2533 1515 2586 ob
1551 2528 1823 2583 inscitiam
1858 2526 2023 2596 impie
2061 2524 2130 2580 de
2160 2523 2286 2577 reli-

701 2630 863 2697 gione
893 2628 1098 2682 sentire
1145 2625 1322 2680 solent
1368 2636 1423 2679 et
1466 2622 1639 2692 loqui,
1677 2634 2018 2691 quaecunque
2070 2618 2149 2673 fas
2198 2625 2284 2670 est

702 2724 943 2793 rogitare
976 2739 991 2774 :
1026 2719 1183 2789 quasi
1217 2716 1388 2773 Filius
1431 2715 1682 2770 ordinem
1717 2714 1949 2785 aliquem
1985 2710 2281 2781 adimpleat

702 2812 1072 2877 ministrandi,
1130 2818 1185 2864 et
1254 2808 1432 2863 Patris
1486 2805 1745 2876 Spiritum
1802 2806 2076 2858 ministret
2132 2817 2287 2857 crea-

702 2913 837 2956 tum
870 2920 886 2957 :
925 2903 1130 2973 quippe
1164 2916 1287 2957 cum
1331 2913 1507 2969 neque
1537 2898 1590 2952 id
1617 2898 1832 2968 quidam
1866 2896 2074 2951 insulse
2099 2894 2285 2949 dicere

703 2993 1132 3057 reformidarint,
1165 2990 1338 3061 magis
1366 3003 1704 3060 consequens
1733 2997 1815 3042 est
1861 2987 2107 3050 credere,
2138 2982 2282 3055 quod

702 3089 828 3155 quia
864 3085 1115 3156 proprius
1152 3094 1237 3139 est
1280 3084 1402 3153 ejus
1438 3080 1917 3151 (quemadmodum
1962 3079 2153 3147 utique
2189 3076 2283 3130 Dei

702 3192 753 3231 t'l
789 3177 1006 3246 Patris),
1049 3176 1173 3231 ideo
1206 3175 1273 3230 ad
1316 3184 1533 3230 sanctos
1568 3186 1698 3227 suos
1738 3171 2033 3241 discipulos
2075 3169 2285 3224 sancti-

705 3270 949 3323 licandos
1008 3283 1134 3322 eum
1165 3267 1347 3321 mittit.
1381 3287 1400 3318 ι

2377 776 2564 843 φησὶν,
2597 772 2624 823 ὁ
2653 766 2867 835 Πατὴρ,
2896 765 2953 815 ὲν
2980 759 3057 829 τῷ
3081 758 3277 826 γεννᾷν
3303 750 3600 843 δέδωκετῷ
3631 747 3769 815 Υιῷ,
3800 745 3971 843 πλέην,

2375 838 2469 919 τοῦ
2503 859 2643 915 εἶναι
2686 858 2925 927 Πατέρα.
2963 872 2982 905 ι
3013 849 3243 914 Ούκοῦν,
3264 851 3314 901 εί
3356 846 3455 917 μὲν
3482 838 3518 918 ᾖ
3548 842 3760 911 Πατὴρ,
3808 840 3837 891 6
3862 838 3970 889 U1-

2377 960 2484 1029 τὴρ
2526 950 2827 1027 προϐάλλει
2859 950 2921 1003 16
2953 946 3205 1015 Πνεῦμα,
3235 945 3330 996 καλ⁸
3361 944 3388 994 6
3418 940 3543 1029 Υἱὸς
3582 930 3973 1029 ικοινῶνεὶτῷ

2377 1025 2585 1121 Πατρὶ-
2616 1047 2757 1103 κατὰ
2806 1044 3000 1098 τοῦτον
3028 1041 3121 1094 τὸν
3164 1041 3391 1107 τρόπον,
3441 1028 3509 1104 ἦν
3538 1030 3606 1084 ἂν
3641 1028 3704 1082 16
3739 1025 3967 1121 Πνεῦμα

2378 1116 2531 1209 Υἱὸς,
2564 1143 2659 1197 καὶ¹
2698 1141 2725 1193 6
2757 1138 2886 1200 Υἱὸς
2920 1134 3058 1203 μετὰ
3087 1130 3188 1186 τοῦ
3217 1129 3457 1197 Πατρὸς,
3489 1125 3581 1178 δύο
3612 1122 3853 1187 πατέρες
3875 1116 3971 1168 τοῦ

2382 1237 2721 1305 Πνεύματος.
2767 1234 2875 1286 Καὶ
2910 1229 3107 1283 τοῦτον
3129 1224 3224 1277 τὸν
3254 1224 3454 1293 τρόπον
3481 1222 3580 1273 οὐκ
3625 1214 3909 1270 ἐκοινώνει
3944 1213 3973 1264 6

2380 1331 2509 1395 Υίδς
2544 1330 2622 1399 τῷ
2659 1328 2839 1396 Πατρὶ
2876 1324 2975 1394 τῆς
3032 1323 3319 1392 ὑπάρξεως
3350 1317 3444 1371 τοῦ
3483 1314 3829 1381 Πνεύματος.
3860 1305 3974 1360 Νῦν

2378 1424 2436 1477 δὲ
2490 1423 2549 1476 οὐ
2584 1398 2727 1475 κατὰ
2775 1419 2965 1471 τοῦτον
3013 1417 3106 1470 τὸν
3140 1416 3344 1486 τρόπον
3376 1406 3668 1481 προϐάλλει
3715 1406 3744 1456 6
3777 1398 3974 1467 Πατὴρ

2380 1515 2441 1569 16
2472 1513 2697 1584 Πνεῦμα
2730 1529 2742 1544 ’
2776 1509 2915 1565 ἀλλὰ
2946 1508 3088 1563 καθὸ
3120 1504 3443 1576 προϐολεὺς,
3472 1501 3565 1554 καὶ
3594 1498 3697 1550 οὐκ
3728 1493 3975 1549 ἀντίκεν-

2379 1624 2471 1661 ται
2500 1608 2578 1676 τῷ
2604 1607 2720 1675 Υίῷ
2752 1606 2811 1658 16
2849 1600 2990 1658 εἶναι
3022 1603 3115 1655 καὶ
3163 1598 3325 1654 αὐτὸν
3359 1597 3531 1651 αῐτιον
3593 1588 3691 1644 τοῦ
3722 1585 3977 1653 Πνεῦμα-

2381 1717 2494 1759 τοξ.
2536 1700 2599 1754 Εἰ
2640 1698 2752 1769 γὰρ
2785 1700 2962 1752 πάντα
3009 1697 3110 1749 ὅσα
3158 1693 3270 1763 ἔχει
3313 1694 3342 1745 6
3393 1689 3607 1755 Πατὴρ,
3655 1686 3773 1754 ἔχει
3825 1684 3921 1733 καὶ
3950 1681 3975 1729 6

2385 1794 2535 1859 Υίδς,
2564 1793 2660 1846 καὶ
2692 1792 2844 1845 οὐδὲν
2895 1789 3224 1856 ὲναπομένει
3271 1783 3349 1854 τῷ
3378 1784 3555 1851 Πατρὶ
3582 1780 3611 1833 6
3640 1780 3669 1830 6
3719 1778 3852 1839 Υἱὸς
3881 1778 3978 1828 οὐκ

2384 1886 2520 1957 ἔχει,
2551 1886 2663 1955 ἔχει
2692 1884 2747 1938 δὲ
2775 1886 2803 1938 6
2832 1882 3022 1952 Πατὴρ
3050 1882 3110 1934 16
3132 1878 3462 1950 προϐάλλειν
3486 1877 3548 1929 16
3574 1872 3837 1942 Πνεῦμα,
3866 1871 3979 1938 ἔχει

2382 1980 2491 2050 ἄρα
2515 1979 2675 2032 τοῦτο
2702 1978 2798 2032 καὶ
2827 1979 2855 2032 6
2878 1977 3028 2039 Υἱός.
3071 1974 3206 2029 Ἀπὸ
3231 1972 3427 2027 τούτου
3469 1970 3657 2023 λοιπὸν
3689 1968 3976 2021 δείκνυται

2382 2071 2685 2143 διαρρήδην
2729 2071 2813 2124 ὅτι
2851 2070 2913 2122 ού
2960 2068 3123 2140 μόνον
3172 2067 3322 2137 παρὰ
3356 2064 3452 2119 τοῦ
3512 2062 3731 2133 Πατρός
3768 2063 3892 2114 ἔστι
3924 2059 3978 2112 16

2387 2163 2634 2235 Πνεῦμα,
2668 2163 2804 2217 ἀλλὰ
2836 2162 2930 2216 καὶ
2962 2162 3117 2233 παρὰ
3146 2159 3243 2213 τοῦ
3273 2157 3428 2213 Υίοῦ.
3458 2157 3565 2211 Καὶ
3596 2156 3800 2209 τούτου
3838 2154 3979 2223 μάρσ

2386 2260 2538 2328 τυςή
2581 2259 2690 2311 τῶν
2725 2255 3070 2310 διδασκάλων
3104 2254 3254 2307 πᾶσα
3301 2250 3513 2323 γραφὴ,
3540 2250 3636 2303 καὶ
3665 2251 3696 2302 6
3746 2249 3979 2315 πάμμε-

2388 2369 2494 2423 γας
2543 2350 2838 2421 Κύριλλος,
2896 2348 3269 2418 ἐξηγούμενος
3310 2345 3432 2399 ὅλον
3461 2343 3523 2397 τὸ
3577 2341 3790 2412 χωρίον
3823 2339 3983 2393 τοῦτο

2390 2446 2483 2501 καὶ
2511 2444 2578 2498 τὰ
2624 2444 2765 2515 ῥητὰ
2792 2443 2861 2497 τὰ
2904 2444 3308 2513 προειρημένα,
3362 2437 3505 2507 μάλα
3536 2435 3851 2504 γενναίως·
3892 2435 3983 2487 καί

2388 2541 2491 2611 ὅρα
2524 2538 2792 2610 νουνεχῶς
2815 2538 2882 2591 τὰ
2899 2537 3193 2605 λεγόμενα,
3223 2552 3243 2587 ι
3273 2533 3408 2588 Ἰδοὺ
3435 2532 3569 2601 γὰρ,
3592 2532 3731 2594 ίδοῦ,
3757 2530 3985 2599 Πνεῦμα

2391 2627 2513 2702 τῆ(
2532 2631 2814 2700 ἀληθείας,
2861 2628 3141 2682 τουτέστιν
3195 2626 3417 2690 ἑαυτοῦ,
3466 2627 3559 2678 τὸν
3613 2624 3985 2693 Παρὰκλητον

2395 2720 2593 2787 εἰπὼν,
2620 2720 2771 2791 παρά
2802 2718 2896 2772 τοῦ
2923 2718 3134 2789 Πατρδς
3165 2718 3328 2771 αύτδν
3358 2715 3767 2788 ἐκπορεύεσθαι
3795 2733 3984 2787 φησιν.

2396 2816 2611 2886 Ὠσπερ
2635 2813 2746 2885 γάρ
2791 2814 2939 2867 ἐστιν
2972 2815 3107 2868 ίδιον
3143 2812 3367 2881 Πνεῦμα
3392 2810 3488 2865 τοῦ
3537 2810 3692 2877 Υίοῦ,
3733 2811 3985 2878 φυσικῶς

2399 2912 2457 2961 ὲν
2497 2907 2648 2978 αὐτῷ
2675 2924 2735 2962 τε
2773 2906 3020 2976 ὑπάρχον
3055 2905 3147 2959 καὶ
3177 2904 3243 2958 δι’
3274 2902 3439 2959 αὐτοῦ
3466 2905 3673 2973 προϊὸν,
3710 2902 3862 2955 οὕτω
3897 2901 3989 2955 καὶ

2392 3000 2487 3056 τοῦ
2530 2999 2769 3070 Πατρός.
2804 2994 2899 3060 οἷς
2929 2999 2983 3051 δὲ
3032 2997 3093 3050 16
3140 2996 3370 3067 Πνεῦμα
3406 2995 3606 3072 κοινὸν,
3658 2995 3885 3057 τούτοις
3925 2995 3989 3048 ἂν

2393 3088 2481 3156 εἴη
2513 3087 2684 3158 δήπου
2726 3088 2823 3141 καὶ
2869 3086 2938 3139 τὰ
2989 3089 3089 3154 τῆς
3141 3084 3331 3149 οὐσίας
3365 3086 3425 3139 οὐ
3469 3086 3840 3155 διωρισμένα.
3898 3086 3988 3153 Μὴ

2392 3180 2502 3251 γὰρ
2530 3180 2597 3251 δή
2635 3197 2779 3242 τινος
2824 3180 2972 3249 ἡμᾶς
3006 3179 3114 3231 τῶν
3161 3179 3441 3232 δυσσεδεῖν
3467 3166 3742 3233 είωθότων
3784 3178 3899 3231 τῶν
3931 3180 3988 3244 ἐξ

2393 3269 2634 3340 ἀμαθίας
2684 3268 3135 3339 ἀποκομιζόντων
3180 3269 3396 3335 λόγους,
3440 3268 3478 3324 ἃΔ
3512 3268 3649 3339 μηδὶ
3676 3269 3844 3338 θέμις
3897 3269 3985 3320 ἐν·

704 3369 869 3430 νοεῖν,
904 3365 978 3428 ὡς
1040 3366 1384 3435 ύπουργικήν
1415 3381 1540 3419 τινα
1566 3362 1722 3429 τάξιν
1774 3362 2111 3433 ἀποπληρῶν
2160 3363 2366 3429 ὁΥἱδς,
2398 3366 2459 3419 16
2513 3369 2663 3437 παρὰ
2712 3366 2808 3421 τοῦ
2855 3368 3070 3438 Πατρὸς
3109 3367 3333 3438 Πνεῦμα
3380 3371 3444 3439 τῇ
3493 3369 3667 3421 κτίσει
3721 3367 3986 3421 διακονεῖ.

706 3467 814 3519 λαὶ
839 3465 995 3517 τοῦτο
1021 3463 1132 3533 γὰρ
1152 3462 1421 3526 ἀσυνέτως
1448 3463 1592 3525 τινὲς
1616 3462 1676 3515 ού
1698 3462 2017 3516 κατέδεισαν
2035 3462 2231 3514 εἰπεῖν·
2252 3463 2529 3519 πιστεύειν
2552 3464 2610 3517 δὲ
2634 3465 2837 3532 μᾶλλον
2866 3466 3179 3533 ἀκόλουθον,
3204 3466 3278 3531 ὡς
3296 3468 3523 3530 ἐπείπερ
3549 3465 3678 3518 ἴδιόν
3707 3469 3865 3519 ἐστιν
3884 3466 3990 3520 αὖ·

704 3554 822 3621 τοῦ,
853 3554 1101 3623 καθάπερ
1128 3554 1319 3624 ἀμέλει
1352 3553 1446 3607 καὶ
1484 3553 1577 3607 τοῦ
1601 3552 1738 3607 Θεοῦ
1765 3555 1859 3606 καὶ
1901 3555 2135 3623 Πατρὺς,
2161 3554 2478 3610 ἀποστέλλει
2495 3560 2606 3623 τοῖς
2638 3560 2813 3628 ἁγίοις
2841 3560 3005 3614 αύυῦ
3034 3560 3299 3630 μαθηταῖς
3344 3560 3478 3630 πρὸς
3518 3560 3821 3629 ἁγιασμόν.

781 3652 973 3714 Audis,
1023 3661 1080 3704 tu
1128 3650 1220 3719 qui
1270 3648 1625 3716 contradicis,
1675 3651 2051 3705 admirandum
2086 3659 2143 3705 et
2181 3666 2296 3704 ma-
2325 3659 2367 3714 ο

712 3758 875 3810 gnum
916 3742 1129 3796 Patrem
1168 3744 1333 3807 hunc,
1363 3738 1624 3813 Cyrillum
1656 3741 1807 3795 illum
1839 3741 1987 3806 dico,
2027 3740 2295 3807 ριιοιιισιΙ-

716 3836 968 3898 modum,
1002 3833 1199 3905 inquit,
1234 3830 1359 3888 Filii
1396 3833 1645 3903 proprius
1669 3842 1773 3897 est,
1804 3849 1913 3887 non
1941 3849 2039 3904 per
2076 3834 2294 3889 modum

716 3927 1083 3989 ministrandi,
1116 3927 1212 3979 sed
1251 3926 1569 3979 naturaliter
1601 3928 1657 3979 in
1713 3941 1779 3979 eo
1811 3933 1916 3990 est,
1948 3934 2004 3980 et
2037 3940 2134 3995 per
2169 3942 2294 3981 eum

717 4019 966 4089 procedit
1002 4037 1016 4071 :
1052 4019 1130 4074 sic
1181 4029 1233 4073 et
1283 4021 1336 4073 iu
1383 4018 1543 4074 Patre
1589 4018 1793 4072 evenit.
1853 4016 1909 4071 Si
1948 4018 2113 4088 igitur
2161 4032 2299 4086 quo-

720 4111 881 4165 modo
914 4120 996 4165 est
1028 4110 1176 4175 Filii.
1220 4122 1302 4165 est
1329 4120 1384 4165 et
1420 4109 1595 4165 Patris
1625 4110 1886 4180 Spiritus,
1918 4120 2169 4180 superest
2200 4127 2301 4182 nos

720 4201 1023 4271 intelligere
1070 4216 1193 4255 eum
1252 4202 1416 4255 etiam
1471 4217 1537 4255 ex
1598 4200 1735 4255 Filio
1779 4202 2073 4269 procedere
2114 4220 2128 4254 :
2173 4218 2296 4256 nam

720 4301 949 4347 sanctus
988 4292 1077 4347 hic
1103 4292 1258 4356 dicit,
1288 4292 1434 4362 quod
1471 4294 1546 4347 uti
1574 4303 1659 4348 est
1690 4293 1809 4348 Filii
1850 4292 2082 4363 Spiritus
2118 4305 2168 4347 et
2204 4310 2301 4364 per

715 4399 843 4438 eum
885 4383 1152 4453 procedit,
1177 4384 1369 4440 eodem
1412 4386 1574 4440 modo
1605 4395 1661 4441 et
1690 4401 1754 4440 ex
1784 4384 1941 4440 Patre
1969 4403 1985 4442 :
2022 4401 2201 4458 neque
2249 4396 2301 4442 te

718 4475 1019 4544 intelligere
1062 4485 1305 4545 Oportet,
1348 4474 1544 4531 Filium
1603 4493 1758 4532 usum
1832 4478 2067 4547 aliquem
2138 4478 2302 4533 mini-

719 4569 928 4621 strandi
981 4570 1300 4639 adimplere,
1368 4578 1424 4625 et
1471 4570 1688 4626 mittere
1741 4588 1769 4626 a
1822 4571 1978 4627 Patre
2038 4572 2300 4643 Spiritum

719 4672 1008 4727 creatum,
1039 4661 1137 4715 sed
1161 4662 1503 4718 naturaliter.
1534 4662 1593 4719 Si
1622 4665 1766 4719 enim
1810 4680 1907 4734 per
1942 4666 2163 4720 modum
2198 4667 2303 4721 mi-

722 4754 1020 4819 nistrandi,
1051 4768 1161 4808 non
1213 4754 1559 4822 naturaliter,
1612 4757 1776 4812 mittit
1810 4756 2074 4827 Spiritum
2111 4756 2305 4827 Filius,

720 4861 849 4914 ergo
877 4854 933 4899 et
965 4846 1126 4900 Pater
1170 4862 1268 4915 per
1301 4848 1517 4902 modum
1552 4850 1898 4906 ministrandi
1936 4851 2103 4906 habet
2127 4850 2306 4921 Spiri-

723 4951 860 5002 tum,
917 4955 1027 4993 nou
1075 4940 1421 5007 naturaliter,
1471 4945 1595 5012 quia
1647 4960 1756 5014 quo
1796 4945 1957 4999 modo
1986 4945 2306 5015 intelligitur

720 5033 786 5083 de
820 5029 980 5096 Filio,
1014 5031 1088 5086 ila
1124 5033 1446 5104 intelligitur
1481 5035 1549 5089 de
1577 5034 1758 5098 Patre.
1791 5037 2092 5091 secundum
2122 5037 2300 5092 sancti

722 5124 887 5193 hujus
912 5126 1267 5190 sententiam;
1300 5125 1589 5198 Patrisque
1625 5138 1678 5183 et
1703 5127 1823 5182 Filii
1857 5129 2169 5184 communis
2220 5140 2303 5184 est

722 5218 981 5285 Spiritus,
1005 5217 1132 5287 quia
1157 5235 1266 5273 non
1300 5232 1426 5274 sunt
1445 5224 1674 5291 separati
1708 5223 1945 5277 essentia
1965 5221 2125 5277 Pater
2143 5232 2196 5277 et
2215 5222 2305 5277 Fi-

692 5306 850 5385 rlLus.
910 5307 967 5362 Si
1006 5324 1137 5378 ergo
1190 5324 1485 5365 commune
1537 5322 1641 5375 est,
1681 5326 1788 5381 quo
1818 5313 1978 5369 modo
2019 5314 2086 5368 de
2145 5312 2304 5368 Patre

723 5396 943 5462 dicitur,
989 5400 1180 5454 eodem
1227 5409 1281 5456 et
1309 5403 1375 5457 de
1407 5401 1546 5457 Filio
1577 5422 1590 5457 :
1621 5419 1809 5474 quare,
1848 5405 1891 5458 si
1933 5408 1999 5459 de
2033 5404 2193 5459 Patre
2223 5404 2305 5459 dio

725 5493 867 5545 citur
910 5491 1053 5562 quod
1094 5493 1163 5546 ab
1192 5507 1257 5547 eo
1294 5497 1537 5563 procedit
1571 5495 1701 5567 (non
1742 5498 1886 5550 enim
1919 5496 2064 5550 aliud
2109 5512 2301 5566 possu—

728 5601 850 5638 mus
900 5585 1253 5654 intelligere),
1306 5587 1510 5642 dicitur
1554 5601 1732 5643 autem
1778 5601 1835 5643 et
1887 5588 2003 5644 Filii
2042 5590 2302 5657 Spiritus,

724 5693 854 5745 ergo
878 5687 934 5732 et
978 5678 1047 5733 ab
1074 5693 1140 5732 eo
1166 5680 1431 5747 procedit.
1469 5679 1523 5735 Si
1559 5697 1687 5736 vero
1718 5682 1921 5738 dixerit
1966 5687 2115 5753 quis,
2159 5686 2303 5754 quod

729 5768 1030 5823 secundum
1061 5772 1529 5827 consubstantiale
1561 5775 1627 5829 de
1658 5775 1795 5829 Filio
1828 5775 2046 5842 dicitur,
2076 5793 2177 5831 nec
2205 5792 2301 5847 po-

733 5860 971 5915 testdiri
1020 5864 1315 5917 secundum
1368 5881 1626 5929 causam,
1694 5869 1967 5923 diceretur
2027 5870 2292 5939 (inquam)

731 5952 891 6006 Pater
937 5964 988 6008 el
1025 5953 1187 6011 i‘ilius
1222 5956 1389 6026 ipsius
1427 5958 1693 6027 Spiritus;
1732 5962 1857 6029 quia
1907 5961 2063 6015 unius
2107 5976 2291 6017 essen-

2484 3653 2755 3720 Ἀκούεις,
2786 3655 2816 3708 6
2863 3656 3185 3725 ἀντιλέγων,
3211 3653 3307 3707 τοῦ
3341 3652 3656 3725 θαυμαστοῦ
3689 3656 3788 3706 καὶ
3821 3656 3993 3724 μεγὰ-

2400 3750 2493 3804 λου
2521 3750 2713 3805 τούτου
2731 3751 2943 3820 Πατρδς
2974 3752 3246 3820 Κυρίλλιυ
3276 3751 3366 3805 τοῦ
3394 3751 3535 3805 πάνυ
3557 3750 3703 3820 φημί
3729 3768 3746 3815 ;
3770 3750 3991 3818 Ὠσπερ

2406 3840 2510 3910 γάρ
2539 3842 2679 3905 ἐστι,
2736 3842 2894 3911 φησι,
2939 3838 3033 3893 τοῦ
3089 3838 3219 3893 Υίοῦ
3264 3840 3418 3904 ίδιον,
3467 3840 3566 3910 οὐχ
3629 3839 3993 3909 ὑπουργικῶς

2401 3933 2539 3987 ἀλλὰ
2601 3934 2848 4003 φυσικῶς
2880 3935 2938 3986 ὲν
2987 3932 3137 4003 αὐτῷ
3180 3949 3241 3985 τε
3291 3932 3533 4003 ὑπάρχον
3566 3933 3667 3985 καὶ
3695 3932 3768 3986 δι’
3823 3934 3993 3988 αὐτοῦ

2402 4026 2613 4097 προϊὸν,
2646 4025 2790 4081 οὕτω
2818 4027 2911 4081 καὶ
2943 4025 3036 4079 τοῦ
3067 4025 3303 4094 Πατρός.
3341 4026 3401 4079 Ei
3430 4024 3524 4077 οὖν
3550 4023 3612 4079 δν
3639 4025 3850 4095 τρόπον
3878 4026 3997 4078 lati

2401 4119 2495 4172 τοῦ
2532 4120 2686 4182 Υἰοῦ,
2720 4119 2837 4173 ἔστι
2891 4122 2985 4175 καὶ
3022 4120 3118 4173 τοῦ
3169 4119 3387 4190 Πατρδς
3423 4118 3485 4173 16
3536 4116 3797 4187 Πνεῦμα,
3855 4122 3997 4173 vasis

2402 4212 2537 4280 ἡμῖν
2591 4211 2822 4275 ἔπεισιν,
2878 4212 2959 4264 ὅτι
3013 4210 3377 4280 ἐκπορεύεται
3416 4209 3511 4263 καὶ
3557 4211 3623 4262 ὲκ
3677 4209 3779 4262 τοῦ
3820 4209 3994 4263 Υίοῦ·

2404 4305 2593 4374 ἐπειδή
2630 4321 2798 4374 φησιν
2827 4295 2979 4369 οὗτος
3010 4306 3040 4358 6
3074 4306 3252 4372 ἅγιος,
3296 4307 3380 4359 ὅτι
3418 4304 3478 4357 ὃν
3514 4302 3720 4372 τρόπον
3752 4306 3999 4376 ὑπάρχει

2403 4395 2498 4450 τοῦ
2530 4396 2661 4450 Υίοῦ
2694 4397 2754 4449 16
2782 4395 3025 4467 Πνεῦμα,
3062 4399 3156 4450 καὶ
3188 4398 3517 4469 προέρχεται
3550 4398 3622 4452 δι’
3656 4399 3870 4463 αὐτοῦ,
3912 4403 3999 4452 τὶν

2405 4490 2567 4543 αὐτὸν
2601 4491 2695 4543 καὶ
2738 4491 2803 4542 ὲκ
2845 4490 2938 4543 τοῦ
2976 4491 3212 4558 Πατρός.
3250 4492 3361 4543 Καὶ
3392 4491 3454 4543 οὐ
3501 4491 3582 4544 δεῖ
3620 4507 3682 4543 σε
3739 4498 3893 4547 νοεῖν
3920 4495 3998 4547 ὅτι

2407 4584 2751 4653 ὐπουργικήν
2782 4598 2904 4636 τινα
2940 4584 3129 4653 χρείαν
3153 4584 3488 4655 ἀποπληρῶν
3510 4587 3540 4639 6
3570 4586 3719 4651 Υἱὸς,
3758 4586 3826 4638 16
3852 4589 4000 4656 πυρὶ

2407 4673 2500 4728 τοῦ
2543 4674 2758 4747 Πατρδς
2814 4675 3039 4745 Πνεῦμα
3089 4676 3410 4731 ἀποστέλλει
3466 4678 3532 4747 τῇ
3590 4677 3809 4743 κτίσει,
3868 4680 4001 4735 ἀλλὰ

2410 4767 2672 4835 φυσικῶς.
2712 4767 2775 4820 El
2818 4768 2926 4838 γὰρ
2963 4769 2991 4821 6
3021 4767 3145 4831 Υίδς
3176 4768 3525 4839 ύπουργικῶς
3573 4769 3764 4840 ινίησι
3812 4773 3911 4825 καὶ
3943 4772 3998 4825 οὐ

2410 4859 2656 4928 φυσικῶς
2687 4860 2747 4913 16
2792 4859 3037 4928 Πνεῦμα,
3069 4861 3176 4932 ἄρα
3214 4864 3309 4916 καὶ
3352 4862 3381 4914 6
3415 4861 3603 4931 Πατὴρ
3637 4863 4002 4935 ύπουργικῶς

2411 4951 2524 5016 ἔχει
2549 4951 2608 5003 16
2637 4949 2880 5021 Πνεῦμα,
2912 4953 3004 5005 καὶ
3040 4954 3101 5006 οὐ
3134 4952 3401 5021 φυσικῶς.
3442 4953 3664 5025 Ἐπειδὴ
3693 4955 3767 5008 ὃν
3800 4957 4002 5027 τρόπω

2407 5044 2609 5096 νοεῖται
2643 5042 2737 5095 τοῦ
2772 5042 2926 5110 Υίοῦ,
2962 5046 3166 5098 νοεῖται
3196 5047 3289 5098 καὶ
3313 5043 3408 5097 τοῦ
3439 5045 3657 5115 Πατρὸς
3687 5051 3847 5104 κατὰ
3874 5050 4000 5105 τοῦ·

2405 5151 2497 5187 τον
2527 5135 2618 5187 τὸν
2649 5135 2826 5204 ἅγιον.
2860 5138 2971 5190 Καὶ
3006 5139 3186 5192 κοινόν
3217 5156 3353 5210 φησι
3384 5140 3595 5211 Πατρδς
3628 5144 3726 5195 καὶ
3770 5143 3911 5199 Υἱοῦ
3940 5146 3999 5198 16

2408 5225 2637 5295 Πνεῦμα
2660 5243 2672 5257 ⁸
2710 5227 2900 5297 ἐπειδὴ
2929 5230 2990 5281 οὐ
3025 5229 3386 5303 διωρισμένης
3414 5231 3604 5295 οὐσίας
3647 5234 3800 5287 εἰσιν
3830 5240 3863 5290 6
3894 5238 3999 5290 Il:-

2406 5316 2510 5385 τὴρ
2552 5317 2643 5369 καὶ
2676 5319 2704 5369 6
2735 5317 2882 5381 Υίός.
2910 5318 2973 5371 Εἰ
2997 5315 3091 5374 οῦν
3129 5321 3329 5385 κοινὸν,
3356 5322 3479 5375 καθ’
3504 5322 3565 5375 ὃν
3596 5324 3817 5390 τρόπον
3847 5326 3999 5393 167:-

2404 5425 2495 5462 ται
2533 5409 2623 5463 τοῦ
2684 5411 2918 5481 Πατρδς,
2958 5414 3078 5466 κατ’
3126 5414 3288 5466 αὐτὸν
3339 5412 3528 5466 τοῦτον
3576 5414 3808 5473 καὶτοῦ
3872 5420 3996 5474 Υἱσῦ

2407 5502 2651 5569 λέγεται.
2682 5503 2846 5556 ’Ὥστε
2884 5506 2933 5558 εί
2963 5504 3182 5573 λέγεται
3234 5505 3326 5559 τοῦ
3364 5507 3575 5577 Πατρδς
3602 5508 3688 5562 ὅτι
3738 5511 3996 5579 ὲξθαύτσῦ

2406 5594 2784 5664 ἐκπορεύεται,
2827 5597 2887 5651 οὐ
2918 5597 3026 5665 γὰρ
3068 5598 3197 5652 ἄλλο
3229 5597 3507 5666 δυνάμεθα
3552 5604 3717 5663 νοεῖν,
3768 5603 3996 5672 λέγεται

2406 5685 2462 5738 δὲ
2492 5687 2589 5740 καὶ
2618 5688 2711 5741 τοῦ
2747 5689 2882 5741 Υίοῦ
2912 5690 2973 5743 16
3002 5691 3247 5763 Πνεῦμα.
3279 5694 3386 5763 ἄρα
3412 5674 3502 5747 καὶ
3532 5695 3591 5758 ἐξ
3622 5696 3801 5749 αὐτοῦ
3842 5700 3999 5751 61:0-

2412 5778 2651 5847 ρεύεται.
2688 5783 2749 5835 Εἰ
2776 5783 3010 5851 δὲ.λὲγοι
3043 5803 3123 5848 τις
3146 5786 3228 5839 ὅτι
3261 5788 3401 5839 κατὰ
3430 5788 3490 5838 16
3513 5786 3819 5855 όμοούσιον
3845 5791 3996 5857 λέγε-

2408 5888 2493 5923 ται
2523 5872 2613 5925 τοῦ
2646 5876 2768 5926 Υἱοι)
2795 5880 2887 5928 καὶ
2916 5879 2974 5929 οὐ
2997 5879 3135 5931 κατὰ
3167 5882 3222 5931 τὸ
3251 5880 3440 5941 αἴτιον,
3475 5878 3695 5943 ἐλέγετο
3722 5882 3993 5936 insin:-

2407 5982 2503 6033 μεν
2538 5969 2620 6019 κατ
2654 5968 2875 6038 ήμιῖς,ἑ
2917 5972 3105 6039 Πατὴρ
3133 5973 3273 6027 καὶὸ
3316 5973 3427 6034 ὶίὸς
3486 5974 3575 6026 τοῦ
3636 5977 3991 6045 Euersam;
