4160 6424
221 362 341 428 1121

846 368 993 429 PRO
1037 368 1243 429 CONC.
1291 367 1658 427 FLORENT.
1704 368 1860 429 CAP.
1908 370 1947 427 l.
1997 372 2089 428 DF.
2132 373 2434 433 SPIHITU
2496 378 2799 436 SANCTO.

3331 382 3466 446 112?.

218 480 393 545 ἐπειδὴ
449 480 575 547 μιᾶς
611 481 796 543 οὐσίας
846 482 953 535 εἰσὶ
994 482 1062 535 τὰ
1096 485 1220 553 τρία
1277 486 1583 551 πρόσωπα·
1643 485 1771 537 ἀλλὶ

1883 482 1966 537 tite
1997 496 2121 539 sunt
2149 497 2256 542 tres
2289 506 2559 558 personui;
2593 504 2645 546 ιιι
2673 495 2722 547 id
2759 510 2864 547 non
2905 495 3124 550 dicitur.
3165 499 3466 557 Damasce-

214 567 367 621 τοῦτο
398 570 455 622 οὐ
505 571 743 637 λέγεται.
790 573 848 626 '0
879 576 1239 643 Δαμασκηνός
1275 593 1356 629 σοι
1404 580 1530 639 τοῦς
1567 579 1775 646 μυκτῆ-

218 678 307 729 ρας
340 664 633 731 συντρίεει,
674 668 731 717 ἐν
765 666 841 735 τῷ
888 666 1060 737 ὀγδόῳ
1089 670 1371 738 κεφαλαίῳ
1415 670 1523 722 τῶν
1561 673 1775 723 880.10-

212 752 390 821 τικῶν
425 771 438 785 ⁸
471 755 575 808 Τὸν
626 758 682 810 δὲ
715 757 862 825 Υίὸν,
920 764 1104 828 φησὶν,
1142 762 1265 816 οὐτε
1320 764 1411 816 τοῦ
1460 765 1775 833 Πνεύματος

212 844 437 915 λέγομεν
467 846 588 899 οὔτε
625 849 730 918 μὴν
758 852 820 903 ὲκ
848 853 940 904 τοῦ
969 855 1303 923 Πνεύματος.
1339 858 1445 908 Καὶ
1475 858 1775 925 Γρηγὸριος

208 940 471 1012 6Νύσσης
499 943 556 994 ὲν
598 947 663 1014 τῇ
689 946 845 1017 τρίτῃ
870 948 1057 1019 ὁμιλίᾳ
1084 951 1177 1002 τοῦ
1208 952 1418 1023 «Πάτερ
1437 954 1650 1021 ἡμῶν».
1682 973 1777 1007 κα-

207 1032 398 1084 λύπτει
427 1051 506 1086 σοι
530 1036 655 1099 τοὺς
672 1038 1047 1109 ὀφθαλμούςοι
1072 1042 1279 1112 ’οΥἱδς,
1313 1049 1466 1115 φησὶ,
1489 1048 1581 1101 τοῦ
1609 1048 1777 1101 Ilvati-

210 1141 375 1189 ματος
410 1125 531 1177 οὐτε
560 1127 708 1179 ἐστὶν
748 1130 867 1182 οὐτε
901 1131 1115 1198 λέγεται
1143 1151 1157 1165 ο
1192 1135 1314 1188 οὐτε
1363 1138 1711 1208 ἀντιστρέφει
1741 1143 1773 1209 ἡ

208 1219 430 1287 exstinxi]
480 1219 770 1274 ἀκολουθία
803 1223 976 1294 αὐτη·
1026 1228 1161 1281 ἀλλὰ
1200 1231 1261 1281 τὸ
1291 1231 1515 1301 Πνεῦμα
1557 1234 1773 1301 λέγεται

202 1308 295 1359 τοῦ
330 1309 482 1375 Υίοῦ,
518 1313 598 1364 ὅτι
634 1318 767 1385 παρ’
795 1317 959 1369 αὐτοῦ
997 1318 1286 1389 λαμϐάνει,
1320 1326 1413 1376 καὶ
1444 1328 1574 1393 παρ’
1606 1327 1773 1380 αὐτοῦ

206 1403 583 1469 ἐκπορεύεται,
617 1408 707 1458 καὶ
737 1407 799 1472 ἐξ
829 1410 995 1463 αὐτοῦ
1032 1414 1144 1465 ἐστι
1178 1413 1430 1484 καθάπερ
1461 1418 1552 1469 καὶ
1585 1419 1647 1470 ἐκ
1680 1418 1773 1471 τοῦ

210 1492 478 1560 Πατρός.»
514 1497 614 1550 Διὰ
649 1498 805 1552 τοῦτό
840 1518 1004 1572 φησιν
1048 1506 1074 1557 ὁ
1118 1505 1272 1573 ἅγιος
1296 1506 1453 1570 οὗτος
1481 1508 1773 1578 Κύριλλος,

206 1605 222 1636 ι
241 1587 402 1638 Ἱδιον
423 1589 586 1641 αὐτοῦ
611 1593 728 1644 ἐστι
746 1593 996 1665 καθάπερ
1018 1596 1110 1650 καὶ
1130 1598 1223 1653 τοῦ
1242 1599 1379 1654 Θεοῦ
1396 1601 1739 1674 καὶἩατρός.
1754 1623 1770 1654 ι

200 1679 319 1730 Τίνι
351 1681 537 1750 τρόπῳ
579 1684 728 1739 ἐστὶν
766 1686 897 1739 [διον
927 1688 1021 1741 τοῦ
1057 1690 1305 1761 Πατρός;
1343 1692 1469 1745 Ὀτι
1506 1694 1565 1758 ἐξ
1608 1694 1773 1749 αὐτοῦ

196 1769 257 1820 τὸ
308 1770 445 1826 εἶναι
502 1776 617 1843 εχει
667 1777 762 1830 καὶ
814 1780 1191 1845 ἐκπορεύεται.
1248 1783 1407 1838 Τοῦτ’
1440 1784 1569 1838 αὐτὸ
1606 1786 1772 1840 δεῖσε

141 1914 145 1917 .
198 1866 361 1928 νοεῖν,
415 1865 513 1942 ὅτι,
541 1871 636 1922 καὶ
685 1871 750 1923 ὲκ
792 1871 889 1924 τοῦ
950 1872 1081 1927 Υῑοῦ
1116 1875 1501 1945 ἐκπορεύεται,
1538 1879 1772 1950 ἐπείπερ

198 1954 331 2007 ἴδιον
361 1956 526 2010 αὐτοῦ
550 1959 802 2031 καθάπερ
824 1962 918 2016 καὶ
945 1964 1039 2017 τοῦ
1069 1967 1303 2036 Πατρός.
1328 1970 1437 2023 Καὶ
1465 1970 1584 2039 μετ’
1614 1970 1772 2039 ὀλίγα

194 2046 221 2098 ό
254 2048 421 2111 αὐτὸς
458 2050 613 2117 ἅγιός
645 2068 821 2123 ’φησιν
868 2055 927 2107 ὲν
953 2057 1019 2125 τῇ
1053 2057 1190 2127 αὐτῇ
1237 2059 1517 2130 ἐξηγήσει,
1546 2081 1570 2114 1
1612 2064 1773 2118 Ἰδιόν

193 2156 380 2207 φαμεν
398 2143 492 2194 τοῦ
514 2142 642 2196 Υἱοῦ
681 2147 770 2198 τὸν
795 2146 1172 2218 Παράκλητον,
1190 2154 1436 2207 τουτέστι
1464 2156 1523 2207 τὸ
1547 2157 1774 2226 Πνεῦμα

192 2234 252 2283 τὸ
306 2232 483 2301 ἆγιον,
537 2238 629 2290 καὶ
667 2239 767 2292 οὐκ
816 2240 1300 2314 ὲπεισκρινόμενον
1348 2247 1567 2314 ἔξωθεν,
1621 2252 1773 2305 οὐδὲν

190 2327 491 2397 ἐπίκτητον
516 2332 576 2383 ὲν
603 2332 776 2402 αὐτῷ,
803 2333 1055 2406 καθάπερ
1085 2338 1235 2391 ἐστὶν
1260 2342 1317 2394 ἐν
1349 2345 1461 2405 τοῖς
1485 2343 1772 2416 ἁγιότητος

190 2420 484 2492 δεκτικοῖς,
520 2421 599 2488 οἷς
636 2429 729 2480 καὶ
756 2429 820 2482 ὲκ
851 2428 926 2499 μὴ
950 2428 1122 2485 ὄντων
1157 2435 1191 2505 ὴ
1221 2435 1457 2502 γένεσις,
1494 2439 1610 2492 ἁλλ’
1641 2443 1773 2507 ὀμο-

189 2514 375 2568 οὐςιον
421 2517 570 2587 αὐτῷ
602 2519 855 2591 καθάπερ
892 2524 1084 2593 ἀμέλει
1136 2530 1231 2580 καὶ
1271 2529 1365 2582 τοῦ
1406 2532 1639 2601 Πατρός.
1694 2536 1770 2588 Οὐ

188 2603 300 2673 γὰρ
330 2606 554 2677 λαλήσει
584 2608 677 2676 ἀφ’
707 2611 924 2676 ἑαυτοῦ,
954 2614 1071 2667 ἀλλ’
1097 2616 1195 2670 ὅσα
1227 2618 1296 2671 ἂν
1335 2620 1568 2693 ἀκούσῃ.
1599 2621 1769 2679 Ὅταν

187 2692 281 2749 οὖν
305 2698 437 2769 ἔλθῃ
455 2701 680 2764 ἐκεῖνος,
704 2703 983 2758 τουτέστιν
1003 2707 1030 2760 ό
1054 2706 1434 2781 Παράκλητος,
1458 2692 1526 2767 rt
1534 2692 1686 2769 Πνεῦ
1697 2735 1771 2786 μα

187 2789 289 2857 τῆς
320 2790 601 2859 ἀληθείας,
632 2794 887 2865 ὁδηγήσει
923 2797 1069 2866 ὑμᾶς
1133 2800 1233 2870 τὴν
1278 2803 1555 2873 ἀλήθειαν.
1595 2808 1769 2863 Βλέπε

185 2880 242 2933 δὲ
268 2880 349 2943 ὡς
381 2884 682 2953 ἐγρήγορεν
715 2888 747 2956 ὴ
778 2888 951 2957 φωνὴ,
987 2891 1088 2959 δρα
1114 2892 1209 2946 τοῦ
1243 2895 1400 2963 λόγου
1429 2899 1529 2965 τὴν
1565 2901 1727 2970 νῆψιν
1751 2920 1766 2934 ο

188 2976 543 3043 προειρηκὼς
574 2977 681 3047 γὰρ
712 2978 867 3049 ἥξειν
896 2982 985 3035 ἐπ’
1028 2984 1228 3049 αὐτοὺς
1256 2988 1348 3041 τὸν
1389 2990 1766 3063 Παράκλητον,

184 3067 247 3115 τὸ
282 3066 513 3136 Πνεῦμα
543 3069 641 3137 τῆς
673 3070 933 3139 ἀληθείας
961 3074 1248 3144 ὠνόμασεν
1270 3081 1450 3145 αὐτὸν,
1488 3086 1768 3141 τουτέστιν

1878 592 1979 628 nus
2024 578 2116 631 tibi
2171 597 2327 633 nares
2365 584 2620 644 conterit.
2656 588 2830 653 capite
2861 600 3052 642 octavo
3089 606 3198 643 sum
3241 592 3463 646 Theola-

1876 670 1976 736 giw
2000 685 2018 721 .·
2054 689 2070 721 ι
2106 670 2296 725 Filium
2326 660 2504 739 (dicit)
2534 691 2709 743 neque
2747 675 2985 745 Spiritus
3018 681 3249 734 dicimus
3292 701 3466 753 neque

1876 777 1939 815 ex
1978 764 2210 829 Spiritu.
2253 784 2270 815 ι
2306 764 2369 817 Ει
2415 764 2707 836 Gregorius
2744 769 3041 838 Nysscnus,
3083 775 3238 830 tertia
3287 776 3466 829 homi-

1878 850 1945 904 lia
1969 892 1983 914 .
2041 869 2204 921 super
2251 874 2267 905 ι
2308 855 2468 909 Pater
2504 870 2720 922 noster,
2752 878 2770 910 ι
2825 862 3061 915 occludit
3106 864 3198 917 tibi
3234 869 3421 921 oculos
3452 886 3467 925 :

1879 962 1901 995 ι
1943 944 2137 1012 Filius,
2183 948 2378 1016 inquit,
2440 949 2675 1018 Spiritus
2724 968 2899 1021 neque
2940 964 3044 1017 est,
3095 972 3273 1024 neque
3326 946 3463 1014 dici-

1870 1050 1987 1101 tur,
2010 1038 2200 1106 neque
2256 1040 2367 1093 hare
2398 1042 2624 1095 relativa
2667 1046 3059 1112 consequentia
3086 1051 3463 1105 οοηνιτιὶιιιτε

1877 1129 1969 1183 sed
2006 1128 2241 1198 Spiritus
2280 1130 2399 1183 Filii
2432 1132 2652 1197 dicitur,
2700 1135 2826 1203 quia
2879 1136 2946 1189 ab
3003 1152 3069 1191 eo
3124 1141 3346 1207 accipit,
3388 1144 3457 1197 ab

1877 1235 2050 1288 eoque
2104 1223 2375 1289 procedit,
2438 1231 2493 1277 et
2535 1239 2599 1277 ex
2644 1240 2707 1277 eo
2745 1235 2828 1279 est
2877 1229 3336 1296 quemadmodum
3395 1252 3466 1289 ex

1878 1310 2057 1366 Patre.
2087 1330 2103 1362 ι
2138 1311 2346 1366 idcirco
2377 1324 2601 1368 sanctus
2632 1314 2721 1369 hic
2757 1317 2990 1386 Cyrilus
3024 1321 3239 1389 inquit;
3278 1343 3294 1372 ι
3333 1323 3466 1376 I’ro-

1878 1402 2029 1472 prius
2079 1402 2200 1471 ejus
2251 1415 2355 1469 est,
2406 1418 2463 1459 ut
2540 1405 2628 1460 Dei
2680 1419 2735 1462 et
2791 1410 2985 1464 Patris.
3026 1431 3044 1463 ι
3114 1415 3233 1479 Quo
3308 1432 3465 1486 paeto

1879 1495 2130 1564 proprius
2172 1506 2256 1550 est
2293 1497 2507 1552 Patris?
2540 1498 2674 1564 Quia
2712 1517 2773 1555 ex
2812 1518 2878 1556 co
2915 1504 3075 1559 habet
3106 1521 3226 1561 esse
3257 1520 3310 1561 et
3339 1524 3465 1578 pro-

1866 1587 2022 1641 cedit
2053 1606 2065 1641 :
2103 1588 2202 1641 huc
2235 1588 2376 1642 idem
2424 1598 2480 1644 te
2521 1590 2826 1659 intelligere
2873 1607 3105 1664 Oportet,
3143 1602 3285 1667 quod
3322 1614 3373 1655 et
3400 1620 3462 1657 ex

1869 1679 2018 1733 'Filio
2053 1681 2327 1749 procedit,
2358 1682 2483 1751 quia
2522 1688 2778 1753 proprius
2823 1689 2941 1755 ejus
2970 1700 3079 1754 est,
3116 1678 3469 1760 quemadmo-

1879 1772 2005 1825 dum
2040 1782 2095 1827 et
2124 1772 2295 1827 Patris
2328 1792 2342 1839 ;
2376 1786 2435 1829 et
2463 1777 2622 1845 paulo
2655 1789 2794 1846 post,
2827 1780 2917 1834 hic
2967 1783 3107 1837 idem
3146 1794 3368 1839 sanctus
3411 1788 3462 1839 in

1802 1834 2067 1916 Beadem
2119 1834 2477 1934 expositione.
2508 1867 2627 1920 ait:
2668 1887 2685 1919 ι
2741 1868 3030 1940 Proprium
3066 1873 3183 1926 Filii
3233 1876 3466 1930 dicimus

1875 1954 2244 2024 Paracletum,
2284 1959 2341 2013 id
2371 1967 2456 2015 est
2502 1960 2767 2030 Spiritum
2804 1974 3075 2031 sanctum,
3119 1984 3226 2021 non
3262 1972 3467 2023 emin-

1878 2067 2042 2106 secus
2073 2052 2500 2123 ingredientem,
2557 2072 2735 2126 neque
2789 2059 3147 2115 adventitium
3205 2063 3365 2127 ineo,
3408 2075 3465 2117 ut

1876 2146 1932 2199 in
1966 2145 2033 2200 iis
2065 2149 2248 2201 evenit
2312 2148 2402 2217 qui
2433 2151 2775 2205 sanctitatem
2807 2154 3138 2224 suscipiunt,
3175 2169 3229 2211 et
3255 2176 3315 2211 ex
3355 2176 3462 2213 non

1877 2236 2099 2291 cutibus
2134 2251 2502 2309 generantur;
2540 2244 2635 2298 sed
2677 2246 3161 2302 consubstantialis
3214 2252 3261 2304 ei
3306 2268 3459 2317 sane,

1873 2342 1935 2382 ut
1967 2339 2021 2385 et
2050 2328 2227 2386 Patris
2266 2348 2279 2385 :
2314 2348 2423 2388 non
2478 2335 2623 2389 enim
2673 2336 2914 2406 loquitur
2954 2354 2984 2393 a
3014 2343 3333 2411 semetipso,
3366 2349 3461 2399 sed

1875 2435 2214 2492 quacunque
2270 2426 2560 2482 audiverit.
2614 2428 2848 2493 Quando
2900 2432 3067 2501 igitur
3112 2440 3459 2499 veneritille,

1872 2512 1928 2565 id
1968 2523 2050 2568 est
2103 2515 2416 2573 Paracletus
2495 2519 2732 2589 Spiritus
2786 2526 3047 2591 veritatis,
3084 2528 3301 2583 docebit
3369 2548 3461 2584 vos

1874 2620 2093 2661 omnem
2132 2611 2437 2665 veritatem.
2464 2612 2851 2671 Animadverte
2884 2634 3046 2687 quam
3085 2622 3315 2688 vigilans
3341 2640 3463 2692 pro.

1877 2697 2108 2766 vidaque
2164 2699 2235 2754 sit
2269 2716 2395 2765 vox,
2450 2702 2574 2757 vide
2618 2706 2862 2761 nominis
2920 2709 3292 2765 sobrietatem.
3326 2715 3462 2768 Nam

1876 2804 1998 2843 cum
2034 2794 2374 2860 pradixisset
2412 2810 2579 2863 super
2612 2811 2709 2851 eos
2758 2810 3049 2855 venturum
3094 2802 3457 2873 Paraclctum.

1883 2879 2149 2947 Spiritum
2206 2885 2453 2938 veritatis
2507 2901 2629 2939 eum
2683 2889 2998 2957 appellavit,
3035 2894 3085 2946 id
3116 2906 3201 2949 est
3236 2897 3461 2965 suimet;

1874 2969 1992 3040 ipse
2030 2974 2178 3027 enim
2215 2985 2299 3029 est
2341 2977 2586 3032 veritas:
2621 2992 2806 3031 verum
2865 2991 2923 3034 ut
2962 2984 3213 3053 discipuli
3252 2989 3462 3041 sciran

1874 3077 1984 3115 non
2014 3078 2133 3118 esse
2174 3065 2416 3119 alienum
2466 3079 2522 3120 et
2565 3077 2885 3121 extraneum
2927 3072 3071 3127 illius
3118 3075 3408 3130 adventum
3445 3098 3456 3130 :

186 3154 388 3208 ἑαυτοῦ
414 3172 430 3186 ⁸
470 3156 629 3221 αὐτὸς
657 3160 766 3229 γάρ
796 3161 947 3216 ἐστιν
989 3166 1021 3236 ὴ
1053 3166 1301 3238 ἀλήθεια.
1344 3172 1457 3225 Ἰνα
1496 3170 1553 3228 δὲ
1578 3178 1769 3232 εἰδεῖεν

1876 3154 1970 3210 sed
1995 3157 2237 3227 seipsum
2278 3159 2435 3211 aliter
2459 3159 2830 3214 exbibiturum
2856 3163 3163 3231 pollicetur,
3202 3166 3458 3235 Spiritum

185 3247 235 3298 οί
268 3246 539 3318 μαθηταὶ,
567 3249 642 3314 ὡς
677 3252 777 3305 οὐκ
814 3254 1105 3327 ἀλλοτρίαν
1140 3262 1230 3312 καὶ
1267 3263 1426 3334 ξένην
1457 3270 1620 3322 αὐτοῦ
1651 3272 1769 3324 ἑπι-

132 3324 143 3335 ’
185 3342 468 3408 φοίτησιν,
502 3342 617 3396 ἀλλ’
645 3345 841 3399 ἑαυτὸν
868 3324 1071 3420 ἑτέρως
1102 3324 1391 3412 ἐπιδώσειν
1437 3363 1769 3432 ἐπαγγέλλε-

182 3449 301 3496 ται,
339 3434 563 3503 Πνεῦμα
611 3438 710 3506 τῆς
746 3441 1043 3512 Δἀληθείας.
1089 3449 1371 3504 τουτέστιν
1419 3454 1637 3522 ἑαυτοῦ,
1678 3459 1769 3512 τὸν

184 3525 557 3595 Παράκλητον
605 3532 891 3589 ἀποκαλεῖ.
927 3538 1000 3589 Οὐ
1048 3540 1157 3609 γὰρ
1202 3542 1485 3615 ἀλλότριον
1536 3550 1634 3616 τῆς
1672 3552 1767 3606 τοῦ

183 3617 537 3686 Μονογενοῦς
566 3622 755 3687 οὐσίας
780 3626 839 3679 τὸ
861 3626 1015 3695 ἅγιον
1036 3634 1236 3687 νοεῖται
1266 3637 1510 3707 Πνεῦμα.
1548 3643 1768 3710 Πρόεισι

150 3702 153 3705 ’
181 3707 239 3762 δὲ
277 3712 528 3776 φυσικῶς
556 3715 613 3780 ἐξ
635 3716 827 3783 αὐτῆς,
853 3720 1003 3773 οὐδὲν
1032 3722 1219 3792 ἕτερον
1251 3730 1381 3798 παρ’
1404 3702 1565 3786 αὐτὸν
1596 3702 1774 3805 ὐπάρ-

181 3820 303 3870 χον,
360 3806 485 3858 ὅσον
530 3808 609 3868 είς
661 3811 961 3882 ταύτότητα
1013 3814 1274 3883 φύσεωςο
1326 3823 1373 3873 εἰ
1416 3824 1507 3876 καὶ
1566 3831 1768 3880 νοεῖται

179 3897 357 3966 τυχὸν
400 3898 802 3964 ίδιοσυστάτως.
847 3921 866 3955 ι
907 3906 1013 3959 Καὶ
1054 3910 1174 3976 μεθ’
1203 3911 1387 3983 ἕτερα,
1417 3934 1436 3967 r
1482 3916 1650 3972 Ὅταν
1675 3916 1769 3973 οὐν

178 3986 314 4058 ἔλθῃ
369 3990 597 4058 ἐκεῖνος,
634 3996 819 4063 φησιν,
864 3998 923 4049 οὐ
960 3999 1181 4071 λαλήσει
1235 4005 1328 4075 ἀφ’
1366 3985 1602 4063 ἑαυτοῦ·
1652 4013 1769 4067 ἀλλ’

179 4081 310 4134 οὐδὲ
347 4082 494 4146 ξένον
522 4084 649 4149 ὑμῖν
679 4088 1036 4160 είσηγήσεται
1072 4096 1325 4166 μάθημα.
1360 4102 1434 4154 Οὐ
1465 4104 1572 4173 γὰρ
1607 4106 1769 4176 τυχὸν

180 4173 419 4227 εἰσοίσει
455 4178 673 4246 νόμους.
717 4180 941 4253 Ἐπειδὴ
971 4184 1027 4237 δὲ
1059 4187 1302 4258 Πνεῦμα,
1332 4196 1429 4247 καὶ
1456 4197 1618 4250 οίονεὶ
1647 4173 1770 4264 νοῦς

178 4268 341 4319 ἐστιν
399 4269 553 4337 ἐμὸς,
608 4270 831 4341 λαλήσει
862 4275 925 4346 δὴ
962 4277 1141 4331 πάντα
1192 4283 1260 4337 τὰ
1304 4287 1361 4337 ὲν
1418 4289 1560 4354 ἐμοί.
1603 4310 1621 4341 ι
1662 4293 1769 4345 Καὶ

178 4358 311 4428 μετ’
344 4359 539 4428 ὀλίγα·
585 4382 603 4414 ι
656 4364 876 4438 Ἐπειδὴ
912 4370 1130 4435 πάντως
1158 4375 1221 4428 ἑκ
1262 4378 1361 4447 τῆς
1404 4382 1548 4451 ἐμῆς
1579 4386 1769 4450 οὐσίας

174 4450 307 4504 ἐστὶ
356 4452 420 4505 τὸ
446 4453 695 4521 Πνεῦμα,
726 4460 819 4511 καὶ
847 4456 959 4515 οἷον
1004 4464 1135 4533 ἐμός
1168 4468 1285 4520 ἐστι
1332 4471 1477 4539 νοῦς,
1506 4450 1571 4528 τὸ
1622 4478 1769 4547 ἐρεῖν

174 4542 321 4630 αὐτὸ
351 4543 423 4596 τὰ
452 4546 686 4615 ισόμενα
718 4549 818 4603 οὐκ
857 4552 1154 4624 ἐνδέχεται,
1201 4562 1274 4631 μὴ
1308 4563 1428 4633 οὐχὶ
1457 4542 1675 4631 πάντως
1711 4573 1768 4623 ὲν

174 4616 310 4702 ίμοί
342 4652 407 4687 τε
437 4637 682 4707 ὑπάρχον
710 4641 803 4694 καὶ
832 4641 901 4696 δι’
932 4616 1066 4712 ἐμοῦ
1099 4616 1304 4715 προιῖόν.
1342 4616 1434 4717 Ei:
1579 4616 1768 4714 i'Exe—i;

171 4744 271 4790 νος
309 4728 415 4797 ἐμὲ
448 4728 683 4796 δοξάσει,
716 4733 799 4786 δτι
823 4737 887 4788 ὲκ
915 4738 1010 4790 τοῦ
1037 4741 1171 4809 ἐμοῦ
1203 4743 1428 4813 λήψεται
1463 4751 1557 4802 καὶ
1599 4753 1768 4819 ἀναγ-

171 4822 343 4886 γελεῖ
380 4822 529 4890 ὑμῖν.
559 4824 814 4889 «Δοξάζει
846 4831 1135 4898 τοιγαροῦν
1167 4836 1257 4887 τὸν
1279 4838 1406 4889 Υὶὸν
1434 4840 1461 4891 ὁ
1484 4843 1767 4916 Παράκλη-

170 4933 297 4978 τος,
338 4918 590 4970 τουτέστι
622 4920 682 4972 τὸ
714 4920 844 4976 ἴδιον
866 4924 1031 4976 αὐτοῦ
1074 4929 1319 4999 Πνεῦμα,
1370 4934 1549 4989 πάντα
1585 4940 1769 5008 ίσχύον

173 5012 281 5063 καὶ
337 5011 518 5063 πάντα
553 5012 712 5075 είδός.
759 5015 984 5080 Δοξάζει
1018 5020 1073 5072 δὲ
1098 5022 1267 5089 ’πῶς;
1302 5025 1337 5079 ἃ
1374 5027 1481 5098 γὰρ
1528 5026 1633 5083 οἶδε
1676 5035 1769 5086 καὶ

170 5100 422 5153 δύναται
450 5102 511 5153 τὸ
540 5104 765 5171 Πνεῦμα
794 5108 979 5171 αὐτοῦ,
1022 5111 1139 5175 πῶς
1170 5114 1236 5166 ἂν
1276 5119 1436 5181 αὐτὸς
1468 5122 1567 5173 οὐκ
1601 5126 1768 5196 εἰδείη

175 5192 377 5261 τυχὸν,
407 5194 439 5264 ἢ
495 5194 611 5256 πῶς
640 5196 740 5249 οὐκ
775 5198 842 5250 ἂν
891 5200 1137 5270 δύναιτο;
1190 5208 1286 5259 καὶ
1320 5208 1771 5288 εἴπερ,καθὰπερ

176 5285 359 5346 αὐτός
398 5302 585 5354 φησιν,
616 5288 674 5353 ἐξ
706 5288 873 5342 αὐτοῦ
911 5289 1181 5363 λαμϐάνει
1209 5300 1267 5350 τὸ
1309 5301 1557 5372 Πνεῦμα,
1591 5285 1769 5361 καίτοι

173 5380 379 5432 πάντα
411 5378 598 5448 ίσχύον
631 5384 719 5433 καὶ
753 5384 1074 5453 κατορθοῦν,
1105 5389 1221 5453 πῶς
1248 5392 1314 5447 ἂν
1340 5395 1502 5460 αὐτὸς
1533 5401 1632 5453 οὐκ
1658 5402 1771 5471 ἔχοι

1875 3249 2139 3314 veritatis,
2193 3250 2243 3304 id
2298 3256 2381 3304 est
2420 3252 2644 3317 suimet,
2720 3256 3059 3311 l’aracletum
3116 3271 3313 3316 vocat:
3353 3280 3459 3319 non

1873 3343 2021 3396 enim
2062 3343 2129 3397 ab
2166 3342 2437 3415 Unigeniti
2477 3348 2715 3401 essentia
2759 3348 2971 3401 alienus
3020 3361 3242 3405 sanctus
3284 3352 3466 3422 Spiri—

1878 3444 1963 3489 tus
1995 3437 2359 3506 intelligitur:
2396 3439 2642 3505 procedit
2675 3450 2854 3493 autem
2899 3445 3224 3497 naturaliter
3252 3449 3319 3498 ab
3373 3462 3459 3509 ea.

1875 3545 2000 3585 cum
2041 3530 2179 3584 nihil
2210 3531 2353 3585 aliud
2392 3541 2588 3600 prteter
2616 3548 2739 3586 eum
2777 3533 2867 3597 sit,
2903 3535 3080 3601 quoad
3118 3535 3457 3590 identitatcm

1876 3632 2112 3688 naturai;
2163 3632 2219 3677 et
2252 3624 2295 3676 si
2354 3632 2535 3688 potest
2586 3624 2814 3694 intelligi
2846 3628 3068 3696 proprio
3118 3631 3464 3715 subsistendi

1874 3716 2057 3770 modo.
2097 3734 2114 3765 ι
2156 3716 2218 3768 Ει
2253 3718 2374 3783 post
2408 3716 2550 3769 alia:
2588 3735 2606 3768 ι
2636 3715 2872 3783 Quando
2908 3718 3073 3789 igitur
3113 3724 3322 3776 venerit
3348 3725 3458 3787 ille,

1873 3822 1979 3860 non
2012 3805 2263 3874 loquetur
2308 3805 2528 3876 (inquit)
2573 3821 2603 3859 a
2647 3809 2941 3876 semetipso
2978 3826 2991 3861 :
3023 3810 3121 3863 sed
3151 3826 3325 3879 neque
3361 3830 3461 3865 no-

1872 3912 1995 3950 vam
2028 3910 2123 3949 vos
2159 3895 2373 3948 docebit
2405 3895 2710 3949 doctrinam
2740 3914 2758 3952 :
2798 3912 2907 3951 non
2936 3900 3080 3952 enim
3125 3900 3271 3969 leges
3310 3902 3456 3956 fert:

1873 3991 1965 4045 sed
1989 3988 2115 4057 quia
2153 3986 2412 4056 Spiritus,
2450 3997 2504 4041 et
2545 3988 2699 4058 quasi
2727 4005 2845 4044 mea
2882 4006 3035 4046 mens
3065 4005 3167 4055 est.
3208 3995 3461 4063 loquetur

1873 4091 2066 4138 cuncta
2112 4096 2232 4149 qute
2278 4090 2408 4135 sunt
2458 4082 2510 4134 in
2570 4097 2677 4136 me.
2709 4101 2727 4134 ι
2763 4084 2826 4136 Et
2871 4094 2997 4151 post
3025 4100 3195 4153 pauca
3225 4104 3242 4136 ι
3280 4086 3459 4153 :Quia

1873 4176 2098 4231 omnino
2125 4190 2190 4228 ex
2235 4187 2353 4228 mea
2382 4174 2618 4228 essentia
2647 4174 2883 4243 Spiritus
2914 4185 3017 4240 est,
3051 4186 3106 4230 et
3142 4180 3297 4245 quasi
3336 4195 3457 4234 mea

1876 4287 2049 4335 mens,
2082 4272 2127 4324 is
2175 4281 2401 4323 ventura
2442 4266 2624 4320 dicere
2662 4280 2767 4319 non
2832 4274 3033 4335 potest,
3086 4267 3186 4320 nisi
3233 4270 3458 4322 omnino

1875 4368 1929 4422 in
1958 4379 2042 4419 me
2078 4366 2169 4429 sit,
2205 4374 2258 4418 et
2292 4378 2385 4432 per
2419 4376 2503 4416 me
2530 4360 2810 4428 procedat.
2848 4380 2868 4410 ι
2912 4359 3086 4426 Super
3119 4361 3272 4424 illud,
3320 4380 3336 4411 ‹
3366 4359 3460 4415 ille

1876 4474 1961 4512 me
1988 4454 2335 4528 gloriﬁcabit,
2360 4454 2486 4521 quia
2510 4452 2576 4504 de
2601 4465 2723 4504 meo
2759 4450 3009 4544 accipiet,
3034 4458 3087 4502 et
3113 4450 3460 4544 allIIUIlliabll

1877 4548 2047 4603 vobis.
2068 4566 2085 4597 t
2119 4576 2187 4585 —
2219 4544 2521 4598 «Clariﬁcat
2548 4556 2676 4610 ergo
2699 4540 2892 4593 Filium
2921 4538 3253 4605 Paraclct'us,
3288 4541 3336 4594 id
3354 4554 3456 4606 esr,

1877 4639 2128 4711 proprius
2174 4636 2345 4703 ipsius
2398 4633 2658 4703 Spiritus,
2717 4636 2844 4700 quia
2900 4631 3084 4683 omnia
3138 4641 3339 4698 potest,
3406 4643 3462 4685 et

1877 4732 2061 4788 omnia
2096 4730 2199 4786 scit
2232 4747 2246 4784 :
2288 4726 2569 4794 Quomodo
2602 4739 2734 4778 vero
2811 4723 3116 4778 clarificat?
3170 4739 3288 4791 quae
3314 4726 3457 4778 enim

1877 4827 1982 4880 scit
2020 4837 2075 4879 et
2122 4830 2301 4892 potest
2331 4822 2448 4891 ejus
2486 4819 2735 4889 spiritus,
2796 4820 3071 4887 quomodo
3123 4816 3238 4887 ipse
3270 4818 3455 4885 utique

1879 4936 1987 4973 non
2032 4916 2253 4973 sciverit
2299 4914 2379 4968 vel
2436 4913 2667 4982 poterit?
2705 4922 2758 4966 et
2793 4911 2864 4976 si,
2919 4921 2976 4964 ut
3028 4912 3143 4979 ipse
3200 4912 3351 4976 dicit,
3393 4912 3460 4964 ab

1870 5032 1935 5071 eo
1970 5013 2205 5083 Spiritus
2255 5008 2469 5076 accipit.
2512 5007 2663 5075 atqui
2701 5009 2881 5061 omnia
2921 5014 3097 5072 potest
3131 5018 3185 5059 et
3220 5007 3455 5074 perﬁcit,

1870 5105 2143 5176 quomodo
2179 5104 2295 5173 ipse
2341 5101 2448 5154 vim
2475 5112 2529 5155 et
2573 5104 2737 5153 robur
2769 5101 2821 5152 in
2857 5100 3111 5153 omnibus
3157 5114 3261 5151 non
3294 5100 3456 5151 Italic—

1869 5200 1982 5256 bit?
2006 5219 2024 5251 ι
2051 5198 2113 5253 Ει
2137 5196 2298 5267 paulo
2320 5202 2442 5265 post
2478 5210 2493 5253 ;
2524 5210 2542 5243 ι
2574 5191 2845 5258 Quoniam
2868 5192 3345 5245 consubstantialis
3377 5201 3459 5244 est

1872 5294 2009 5349 Filio
2055 5302 2108 5346 et
2155 5306 2219 5343 ex
2275 5305 2341 5343 eo
2390 5297 2447 5342 ut
2506 5289 2672 5341 Deum
2721 5291 2877 5341 decet
2920 5287 3187 5355 procedit,
3237 5299 3456 5338 omnem

1872 5400 2025 5439 suam
2062 5384 2114 5437 in
2148 5381 2402 5437 omnibus
2448 5380 2903 5447 perfectissimam
2955 5379 3324 5447 Operationem
3367 5380 3460 5429 ba-

179 5472 237 5523 τδ
272 5469 371 5537 ἐφ’
394 5471 607 5524 ᾶπασιν
639 5471 898 5542 ισχυρόν;
938 5493 956 5526 ι
988 5477 1096 5531 Καὶ
1129 5482 1248 5549 μετ’
1270 5482 1427 5552 ὀλίγα
1449 5502 1461 5515 ·
1497 5506 1515 5539 ι
1557 5469 1771 5563 Ἐπειδὴ

1888 5476 2023 5531 bens
2054 5485 2109 5529 et
2150 5475 2280 5536 vim,
2336 5474 2460 5527 ideo
2507 5473 2659 5536 dicit,
2700 5493 2715 5522 ι
2759 5474 2829 5525 De
2873 5486 2993 5525 meo
3041 5470 3291 5539 accipiet.
3319 5488 3335 5520 ι
3396 5470 3464 5523 Et

174 5566 233 5617 δὲ
262 5563 561 5634 όμοούσιόν
586 5563 644 5615 τι
674 5566 789 5618 ἐστι
815 5566 893 5635 τῷ
921 5568 1054 5639 Υίῷ,
1081 5574 1175 5625 κα)⁵
1200 5579 1415 5641 πρόεισι
1442 5574 1770 5651 θεοπρεπῶς

171 5658 238 5723 ἐξ
274 5656 479 5720 αὐτοῦ,
516 5658 697 5713 πᾶσαν
730 5659 897 5713 αὐτοῦ
944 5663 1042 5730 τὴν
1082 5664 1165 5732 ἐφ’
1214 5669 1386 5721 ἆπασι
1432 5674 1790 5739 τελεωτάτην

168 5750 310 5819 ἔχον
346 5748 634 5816 ινέργςιάν
662 5765 718 5801 τε
747 5752 843 5801 καὶ
873 5750 1124 5821 δύναμιν,
1152 5755 1237 5810 διὰ
1260 5758 1416 5814 τοῦτό
1449 5778 1631 5831 φησ;ν,
1678 5766 1773 5819 Ἐκ

173 5842 280 5895 τοῦ
317 5838 463 5909 ἐμοῦ
499 5840 745 5924 λήψεται.
782 5861 801 5894 ι
844 5843 955 5899 Καὶ
1001 5845 1120 5915 μεθ’
1149 5847 1313 5919 ἕτερα
1340 5868 1353 5882 ·
1401 5872 1419 5905 ‹
1468 5855 1770 5926 Ἀκατηγόε

1877 5577 2003 5639 post
2035 5567 2139 5619 alia
2179 5585 2191 5620 :
2235 5586 2252 5617 ι
2289 5565 2775 5635 lrrepreliensibile
2817 5564 2977 5634 igitur
3008 5567 3229 5616 omnino
3250 5562 3376 5623 erit,
3412 5570 3466 5613 et

1879 5671 2033 5714 extra
2086 5673 2306 5712 omnem
2358 5658 2745 5712 contumeliam
2797 5658 3068 5726 positum,
3118 5657 3162 5736 si
3217 5659 3282 5711 ab
3335 5656 3467 5711 Uni—

1884 5751 2066 5818 genito
2117 5749 2246 5817 quid
2285 5749 2536 5818 accipere
2583 5750 2796 5803 dicatur
2845 5750 2962 5819 ejus
3008 5751 3281 5820 Spiritus;
3341 5765 3466 5804 nam

1883 5841 1952 5897 ab
1998 5856 2066 5897 eo
2122 5842 2444 5897 naturaliter
2484 5843 2824 5915 procedens,
2883 5855 2941 5899 ut
2993 5845 3109 5914 ejus
3166 5847 3465 5915 proprius,
