4160 6424
157 350 278 411 H37

872 349 1020 410 ΡΙὶο
1051 349 1256 415 (IONC.
1292 349 1662 412 FLORENI‘.
1698 353 1850 413 CAP.

1927 403 1945 420 .
1987 354 2080 413 DE
2119 355 2439 414 SPiRl'l‘U
2480 355 2788 416 SANGTO.
3271 344 3409 408 1138

155 462 436 529 μονογενὲς
463 461 862 534 φυλαττούσης,
895 464 992 517 καὶ
1020 463 1080 515 τὸ
1120 463 1341 533 Πνεῦμα
1373 465 1468 538 τῆς
1497 464 1730 532 φυσικῆς

1845 485 2016 526 suum.
2058 481 2251 522 natura
2282 479 2336 523 et
2368 469 2587 530 dcitale,
2620 481 2721 520 nec
2766 463 2966 534 aliquid
3000 461 3069 516 sit
3115 461 3282 529 prius,
3327 459 3409 513 vel

154 554 283 620 πρὸς
321 555 410 606 τὸν
458 555 674 625 Πατέρα
708 559 945 622 σχέσεως
981 555 1056 624 μὴ
1107 555 1502 623 ἀπειργούσης.
1542 572 1560 604 ι
1607 553 1724 606 Ἐν·-

148 647 319 699 ταῦθα
355 650 382 699 ό
417 647 572 711 ἅγιος
623 644 800 711 οὗτος,
832 649 962 716 περὶ
1003 646 1295 718 ἡνωμένης
1328 646 1442 716 ἅμα
1477 648 1570 699 καὶ
1612 647 1727 700 δια-

149 741 524 809 κεκριμμένης
559 741 834 813 θεολογίας
864 740 953 793 τδν
997 740 1159 808 λόγον
1193 739 1536 810 ποιούμενος,
1570 739 1726 811 ἔρχε-

147 851 235 885 ται
266 832 351 885 ἐπ’
387 833 558 905 αὐτὴν
590 835 688 900 τὴν
738 833 1011 900 διάκρισιν
1048 833 1156 885 τῶν
1189 832 1350 886 θείων
1394 831 1723 903 προσώπων,

148 927 242 979 καὶ
279 926 544 996 διακρίνει
575 928 713 980 αὐτὰ
753 929 819 998 τῇ
851 927 1020 997 αἰτίᾳ,
1054 926 1145 980 καί
1196 940 1365 996 φησι’
1400 926 1510 994 Τῆς
1537 925 1726 986 οὐσίας

146 1021 241 1070 καὶ
276 1019 491 1086 φύσεως
522 1019 580 1071 τὸ
614 1019 1034 1088 ἀπαράλλακτον
1084 1017 1494 1088 ὁμολογοῦντες,
1532 1017 1726 1072 τουτέ-

149 1127 237 1162 στι
267 1111 325 1162 zz
370 1111 648 1179 ἡνωμένον
680 1111 871 1177 αὐτῆς,
914 1109 973 1162 ἓν
1006 1110 1112 1181 γάρ
1160 1110 1265 1162 είσι
1291 1110 1358 1161 τὰ
1397 1109 1522 1177 τρία
1555 1107 1725 1177 πρόσ-

105 1277 115 1283 _
143 1221 271 1255 ωπα
329 1205 394 1272 τῇ
432 1202 592 1271 φύσει
627 1203 720 1254 καὶ
749 1204 815 1272 τῇ
860 1200 1078 1270 θεότητι
1105 1216 1120 1231 ⁶
1148 1202 1241 1254 καὶ
1262 1199 1412 1253 οὐδὲν
1439 1200 1724 1269 πρότερον,

144 1297 176 1363 ἦ
214 1294 458 1360 ὕστερον,
491 1295 590 1346 οὐκ
635 1292 952 1363 ἀρνούμεθα
980 1294 1079 1362 τὴν
1108 1291 1391 1361 διαφορὰν,
1430 1292 1497 1361 ἣν
1540 1291 1726 1358 διαφέ-

147 1402 339 1453 ρουσιν
367 1384 464 1437 ἀπ’
494 1385 740 1454 ἀλλήλων
767 1400 780 1415 ·
809 1383 1127 1452 διαφέρουσι
1158 1382 1267 1452 γὰρ
1294 1381 1435 1436 κατὰ
1461 1381 1521 1432 τὸ
1555 1381 1725 1434 αἴτιον

144 1482 241 1532 καὶ
281 1481 544 1546 αίτιατὸν,
579 1480 669 1533 καὶ
699 1478 1070 1548 διακρίνονται
1095 1478 1283 1547 ἕτερον
1326 1475 1556 1546 θατέρου
1586 1493 1596 1505 ·
1633 1475 1725 1527 καὶ

146 1574 497 1642 πιστεύομεν,
553 1573 707 1642 φησὶ,
733 1571 798 1624 τὸ
839 1570 939 1641 μὲν
997 1571 1191 1631 αἴτιον,
1235 1570 1296 1622 τὸ
1334 1569 1390 1621 δὲ
1444 1568 1685 1623 αἰτιατόν
1711 1582 1723 1595 °

143 1669 292 1734 ἦτοι,
341 1667 435 1719 τὸν
486 1665 596 1736 μὲν
627 1665 847 1735 Πατέρα
894 1665 1088 1727 αῐτιον,
1115 1663 1205 1715 τὸν
1249 1662 1305 1714 δὲ
1352 1662 1479 1714 Υἱόν
1535 1662 1630 1714 καλ⁵
1668 1660 1728 1712 τὸ

146 1757 401 1825 Πνεῦμα,
458 1757 718 1810 αἰτιατάο
747 1757 842 1810 καὶ
887 1755 991 1825 οὐχ
1039 1753 1256 1808 ἵσταται
1304 1753 1469 1823 μέχρι
1512 1751 1723 1812 τούτου,

143 1851 267 1902 ἀλλ’
319 1849 480 1911 εὐθὺς
557 1849 950 1902 ἑπισυνὰπτει·
1029 1865 1049 1898 ι
1105 1845 1215 1899 Καὶ
1282 1844 1378 1898 τοῦ
1436 1842 1724 1907 αἰτιατοῦ,

144 1946 310 2010 φησι,
351 1941 445 1995 τοῦ
469 1943 618 2004 δντος
645 1942 702 2007 ὲξ
729 1942 932 2004 αἰτίας,
966 1938 1215 1993 τουτέστι
1239 1938 1332 1991 τοῦ
1359 1937 1491 1991 Υίοῦ
1517 1937 1609 1989 καὶ
1637 1936 1730 1988 τοῦ

144 2033 492 2102 Πνεύματος,
533 2031 702 2086 ὅντων
750 2032 808 2098 ἐξ
835 2031 1013 2093 αἰτίας
1063 2029 1158 2084 τοῦ
1207 2028 1420 2098 Πατρὸς
1464 2027 1727 2099 δηλονότι.

144 2125 356 2194 Ἀλλην
391 2125 554 2179 πάλιν
585 2123 878 2192 ἐννοοῦμεν
899 2123 1163 2192 διαφοράν
1187 2137 1200 2152 ⁸
1226 2123 1288 2174 τὸ
1322 2119 1421 2190 μὲν
1447 2119 1578 2188 γὰρ,
1612 2118 1732 2187 ἦτοι

139 2222 236 2271 τῖιν
267 2219 416 2280 Υιὶιν,
443 2217 722 2287 προσεχῶς
750 2217 842 2269 καὶ
868 2217 1085 2285 ἁμέσως
1107 2217 1172 2267 ἐκ
1197 2213 1288 2266 τοῦ
1316 2212 1558 2282 πρώτου,
1578 2227 1731 2263 τουτ-

141 2316 267 2367 έστι
311 2313 402 2365 τοῦ
467 2312 681 2384 Πατρός
705 2327 718 2341 ⁸
751 2311 812 2363 τὸ
839 2309 895 2364 δὲ
930 2309 1176 2376 Πνεῦμα,
1208 2305 1490 2377 προσεχῶς
1523 2306 1620 2374 μὲν
1644 2304 1734 2357 διὰ

137 2407 242 2458 τοῦ
293 2406 444 2467 Υἱοῗε,
483 2405 739 2473 ὲμμέσως
785 2403 840 2455 δὲ
871 2404 934 2455 ὲκ
966 2401 1061 2454 τοῦ
1095 2400 1341 2470 πρώτου,
1376 2398 1472 2452 τοῦ
1517 2396 1730 2467 Πατρδς

139 2500 419 2567 δηλονότι.
459 2518 476 2549 ι
516 2494 644 2567 Ἆρ’
672 2499 901 2564 ἐνόησας
939 2495 1036 2564 τὴν
1071 2498 1170 2562 τῆς
1199 2494 1289 2547 διὰ
1338 2492 1616 2563 μεσιτείαν
1647 2493 1732 2542 ὲν-

139 2592 348 2653 ταῦθα,
381 2591 474 2644 καὶ
501 2589 595 2659 τὴν
623 2590 900 2655 διάκρισιν
928 2589 995 2658 ἢν
1025 2589 1053 2640 ό
1083 2586 1236 2652 ἅγιος
1268 2587 1400 2654 περὶ
1427 2583 1538 2637 τῶν
1573 2581 1732 2636 θείων

144 2689 388 2738 ποιεῖται
424 2682 731 2753 προσώπων
760 2699 774 2712 ο
806 2683 901 2734 καὶ
941 2680 1016 2742 ὡς
1051 2681 1212 2748 ἡμεῖς
1262 2679 1442 2739 καλῶς
1483 2673 1732 2728 διελυσὰα

145 2781 297 2849 μεθα
318 2794 331 2809 ·
367 2779 458 2831 καὶ
489 2777 571 2830 ὅτι
600 2776 693 2828 καὶ
723 2775 784 2827 τὸ
827 2773 1116 2844 μονογενὲς
1161 2773 1254 2825 ἐπὶ
1284 2771 1377 2824 τοῦ
1419 2768 1552 2823 Υίοῦ
1591 2768 1734 2838 μάλα

141 2872 335 2933 καλῶς
364 2871 739 2940 φυλάττεται·
773 2869 868 2921 καὶ
899 2867 959 2919 τὸ
1007 2869 1069 2920 ὲκ
1104 2865 1198 2920 τοῦ
1243 2863 1459 2930 Πατρδς
1501 2857 1640 2914 εἶναι
1674 2860 1734 2911 τὸ

143 2966 378 3032 Πνεῦμα
406 2964 492 3016 διὰ
519 2964 618 3030 τῆς
651 2962 744 3014 τοῦ
783 2961 907 3013 Υίοῦ
937 2960 1218 3029 μεσιτείας
1257 2957 1357 3010 οὐκ
1391 2954 1733 3024 ἀμφιϐάλλε-

141 3076 241 3110 ται
261 3073 274 3085 ³
303 3056 398 3108 καὶ
426 3057 500 3117 ὡς
530 3054 631 3106 οὐκ
655 3054 908 3123 ἀπείργει
939 3054 972 3120 ἡ
1005 3049 1253 3119 μεσιτεία
1281 3046 1421 3115 αὕτη
1449 3045 1543 3099 τοῦ
1579 3046 1729 3108 Υίοῦ,

1840 568 2161 630 posterius),
2204 581 2218 612 ι
2257 560 2617 615 dill'crentiam
2646 573 2753 612 non
2802 570 3084 625 negamus,
3115 568 3222 622 qua
3269 551 3410 604 inter

1829 671 1888 709 se
1917 654 2168 709 dilferant
2196 671 2209 708 :
2251 673 2269 706 ι
2303 671 2427 708 nant
2461 652 2762 707 secundum
2791 664 3012 702 causam
3043 656 3099 701 et
3127 652 3410 699 causattnn

1831 748 2108 812 diﬂ'eruut,
2132 756 2186 801 et
2218 747 2355 801 alter
2388 746 2742 815 distinguitur
2766 743 2833 797 ab
2865 741 3072 803 altero;
3106 737 3410 792 credimus-

1830 857 1958 911 qne,
1985 840 2180 909 inquit,
2211 840 2357 894 hunc
2387 853 2508 892 esse
2534 852 2776 898 causam,
2802 835 2957 894 illum
2990 843 3171 887 autem
3214 845 3409 883 causa-

1835 944 1971 997 ιιιιιι,
2009 933 2060 986 id
2101 941 2208 996 est,
2247 930 2458 986 Patrem
2490 943 2732 988 causam.
2759 926 2957 982 Filium
2986 941 3115 980 vero
3149 933 3205 979 ct
3239 922 3412 990 Spiri-

1831 1035 1969 1082 tum.
2003 1039 2032 1076 a
2055 1037 2240 1076 causa.
2268 1021 2378 1074 Nec
2407 1020 2493 1074 hic
2517 1018 2797 1078 consistit.
2833 1017 2930 1088 sed
2963 1013 3406 1081 statim-subjun-

1829 1117 1907 1186 git
1943 1134 1988 1169 ;‹
2031 1113 2095 1169 Ει
2131 1123 2574 1171 cumcansatum.
2606 1110 2802 1180 inquit,
2829 1110 2898 1161 sit
2927 1123 2990 1161 ex
3021 1122 3203 1169 causa,
3230 1106 3280 1159 id
3307 1113 3408 1171 est,

1829 1224 1952 1263 cum
1984 1207 2154 1262 Filius
2197 1215 2251 1260 et
2284 1205 2518 1273 Spiritus
2547 1219 2612 1258 ex
2653 1217 2817 1256 causa
2851 1201 2966 1254 sint
2987 1214 3016 1252 a
3043 1200 3225 1259 Patre,
3249 1196 3408 1249 aliam

1829 1302 2088 1362 videlicet
2130 1315 2320 1354 rursus
2345 1297 2700 1367 intelligimus
2734 1295 3130 1351 differentiam.
3166 1290 3410 1344 Alterum

1827 1397 1974 1451 enim
2012 1397 2129 1448 sive
2171 1393 2365 1447 Filium
2389 1391 2646 1459 ,proxime
2669 1400 2725 1445 et
2755 1388 3067 1444 immediate
3102 1402 3168 1441 ex
3206 1383 3405 1453 prium,

1828 1489 1881 1542 id
1911 1495 2016 1548 est,
2042 1499 2106 1540 ex
2130 1483 2326 1537 Patre:
2349 1480 2614 1551 Spiritum
2641 1495 2766 1535 vero
2793 1480 3040 1555 proxime
3067 1493 3164 1546 per
3189 1474 3409 1535 Filium,

1828 1579 2062 1634 inediam
2085 1587 2265 1632 autem
2285 1592 2347 1630 ex
2383 1575 2580 1645 primo,
2613 1572 2773 1628 Patre
2802 1572 3103 1627 videlicet.»
3147 1569 3285 1624 Num
3323 1568 3413 1623 hic

1828 1674 2123 1728 dictionem
2149 1688 2239 1740 per
2280 1669 2520 1725 medium
2560 1668 2824 1722 denotare
2860 1665 3201 1725 intellexisti,
3242 1671 3298 1716 et
3328 1661 3412 1715 di-

1831 1767 2080 1820 vinarum
2129 1763 2532 1820 distinctionem
2573 1774 2933 1830 pcrsonarum
2985 1770 3146 1826 quaen
3188 1761 3413 1809 sanctus

1834 1858 1924 1914 hic
1959 1855 2133 1911 facit?
2163 1864 2213 1909 et
2243 1853 2389 1925 quod
2429 1868 2530 1907 nos
2574 1861 2721 1906 recte
2754 1847 3140 1905 dissolvimus?
3173 1856 3228 1900 ct
3267 1845 3416 1914 quod

1836 1950 2101 2020 unigeniti
2137 1949 2277 2003 ratio
2330 1949 2538 2018 optime
2574 1956 2826 2001 servatur
2866 1943 2919 1998 in
2953 1940 3133 2006 Filio;
3167 1954 3268 1994 nec
3299 1953 3417 1990 me-

1834 2045 1985 2100 dium
2019 2044 2144 2106 hoc,
2177 2043 2298 2097 Filii
2328 2041 2633 2096 naturalem
2668 2037 2905 2108 Spiritus
2929 2037 2996 2090 ad
3031 2037 3249 2090 Patrem
3277 2031 3418 2085 tollit

1834 2136 2196 2190 relationem?
2226 2133 2672 2190 Reconciliatnini
2722 2146 2852 2201 ergo
2877 2170 2890 2191 .
2936 2144 3085 2200 rogo,
3127 2124 3333 2181 domini
3359 2133 3418 2178 et

1835 2228 2029 2283 fratres
2066 2229 2195 2283 mei.
2229 2227 2336 2282 Sed
2362 2241 2517 2281 sacer
2547 2239 2576 2279 a
2610 2224 2874 2279 Datnasco
2896 2222 3135 2277 Joannes
3166 2217 3414 2277 accedat.

1835 2329 1894 2373 ut
1920 2319 2108 2373 eadem
2145 2330 2358 2372 mecum
2391 2315 2711 2372 testiﬁcetur
2752 2315 2819 2369 de
2877 2311 3259 2382 prmpositione
3293 2324 3411 2377 per,

1833 2411 2088 2480 quodque
2123 2425 2187 2463 ex
2221 2409 2381 2463 Patre
2421 2423 2520 2478 per
2553 2408 2748 2462 Filium
2776 2406 3014 2476 Spiritus
3042 2413 3264 2460 sanctus
3288 2417 3420 2471 pro—

1834 2504 1999 2559 cedit.
2026 2505 2128 2557 llic
2155 2504 2324 2565 enim,
2358 2503 2538 2572 capite
2561 2499 3015 2569 'l‘heologicarum
3048 2511 3231 2552 rerum
3259 2493 3418 2548 tertio

1836 2596 2070 2658 decimo,
2104 2595 2261 2664 cujus
2291 2592 2620 2663 principium
2647 2609 2661 2645 :
2699 2612 2716 2642 ι
2757 2591 3043 2652 Divinitas,
3073 2604 3198 2643 cum
3230 2586 3305 2642 sit
3338 2586 3423 2640 in-

1839 2686 2371 2758 comprehensibilis,
2411 2685 2637 2741 omnino
2673 2683 2902 2753 exprimi
2933 2681 3158 2736 nomine
3188 2695 3295 2735 non
3329 2694 3426 2748 po-

1837 2793 1992 2843 testn
2027 2782 2109 2835 sic
2138 2780 2213 2834 ait
2243 2795 2257 2830 :
2299 2780 2454 2846 tlpse
2477 2778 2698 2846 quidam
2730 2791 2887 2832 mens
2908 2787 3013 2839 εει,
3045 2775 3204 2828 Pater
3230 2773 3423 2828 videli-

1837 2886 1946 2937 cet,
1989 2873 2107 2928 Filii
2139 2873 2390 2942 abyssus,
2419 2870 2540 2924 Filii
2575 2869 2810 2940 genitor,
2852 2879 2904 2922 et
2937 2883 3036 2937 per
3067 2866 3288 2925 Filium.
3312 2880 3427 2918 nta-

1839 2964 2140 3019 nil’cstativi
2179 2963 2412 3032 Spiritus
2433 2963 2746 3031 productor.
2763 2980 2781 3012 ι
2805 2966 2878 3015 Ac
2900 2962 3059 3030 paulo
3093 2969 3245 3028 post:
3271 2957 3426 3025 «Spi-

1841 3059 1979 3112 ritus
2005 3073 2129 3111 vero
2161 3065 2404 3116 sanctus.
2434 3054 2837 3109 nnanil‘estativa
2867 3053 3095 3108 occultae
3125 3051 3425 3105 divinitatis

137 3150 247 3216 τῆς
281 3147 417 3217 πρὸς
444 3146 534 3198 τὸν
573 3145 794 3212 Πατέρα
828 3143 1061 3211 φυσικῆς
1106 3142 1202 3195 τοῦ
1259 3142 1576 3210 Πνεύματος
1609 3147 1730 3209 σιε-

1847 3151 2086 3218 potcntia
2125 3148 2324 3210 Patris,
2353 3164 2419 3202 ex
2460 3147 2621 3202 Patre
2655 3161 2750 3216 per
2784 3143 2980 3200 Filium
3035 3143 3282 3212 procedit
3312 3185 3325 3202 .
3362 3152 3422 3194 ut

144 3257 290 3301 σεως
319 3256 332 3304 ;
360 3239 689 3306 Διαλλάγητε
718 3233 832 3300 οῦν,
859 3235 1052 3303 δέομαι
1080 3234 1255 3303 ὑμῶν,
1287 3234 1468 3303 κύριοὶ
1504 3252 1606 3302 μου
1637 3234 1730 3286 καὶ

137 3333 390 3400 ἀδελφοί.
443 3330 668 3401 Παρίτω
719 3329 772 3382 δέ
815 3347 879 3396 γε
913 3329 1008 3380 καὶ
1039 3331 1067 3379 ό
1128 3329 1189 3381 ὲκ
1238 3327 1534 3397 Δαμασκοῦ
1587 3329 1730 3396 ἱερδς

152 3428 440 3493 Ἰωάννης,
477 3425 545 3478 τὰ
571 3424 710 3476 αὐτὰ
760 3423 1128 3493 μαρτυρήσων
1163 3423 1295 3490 ἡμῖν
1338 3421 1592 3490 περὶτῆς
1635 3419 1730 3473 διὰ

136 3517 358 3585 ταύτης
389 3515 723 3584 προθέσεως,
760 3515 853 3566 καὶ
882 3513 964 3565 ὅτι
1010 3516 1072 3564 ἐκ
1119 3510 1329 3580 Πατρδς
1376 3511 1444 3562 δι’
1473 3509 1604 3585 Υίοῦ
1645 3511 1735 3560 ὲκ-

139 3578 445 3676 τεορεύεταί
463 3608 522 3659 τὸ
552 3607 774 3675 Πνεῦμα
795 3605 854 3658 τὸ
882 3605 1056 3672 ἆγιον.
1077 3578 1247 3665 Οῦτος
1269 3604 1376 3672 γὰρ
1394 3604 1452 3653 ὲν
1481 3578 1731 3672 :qu91:-

138 3701 466 3768 καιδεκάτῳ
513 3699 796 3768 κεφαλαίῳ
831 3698 941 3750 τῶν
973 3694 1369 3764 Θεολογικῶν,
1406 3688 1524 3764 οῦή
1564 3694 1727 3764 ἀρχὴ,

141 3813 165 3845 ε
207 3795 253 3846 Τ
257 3796 283 3845 ὸ
304 3793 449 3845 θετον
477 3792 862 3858 ἀκατάληπτον
909 3789 989 3851 ὃν,
1033 3791 1250 3850 παντως
1300 3789 1393 3840 καὶ
1445 3785 1730 3854 ἀνώνυμον

134 3887 326 3944 ἔσται,
372 3903 389 3934 ι
418 3883 560 3935 οὕτω
591 3882 791 3951 φησίν⁹
836 3899 853 3932 ι
893 3882 1065 3943 Αὐτὸς
1113 3881 1209 3950 μὲν
1241 3881 1333 3932 οὖν
1359 3880 1475 3931 ἑστι
1531 3879 1678 3940 νοῦς,
1708 3881 1736 3931 ὁ

138 3978 343 4044 Πατὴρ
376 3976 640 4044 δηλονότι,
675 3974 767 4027 τοῦ
813 3973 943 4027 Υίοῦ
993 3974 1251 4035 ἄϐυσσος,
1299 3971 1392 4024 τοῦ
1440 3971 1570 4024 Υἰοῦ
1612 3989 1734 4038 γεν-

132 4071 354 4136 νήτωρ.
392 4068 486 4118 καὶ
515 4068 603 4119 διὰ
631 4066 723 4118 τοῦ
757 4065 888 4118 Υίοῦ
934 4066 1236 4134 προδολεύς
1265 4065 1360 4118 τοῦ
1411 4065 1733 4134 ὲκφαντοριι

134 4165 246 4217 κοῦ
284 4166 616 4232 ιινεύματος.
657 4182 673 4213 ι
713 4164 821 4216 Καὶ
846 4163 964 4232 μετ’
991 4163 1149 4230 ὀλίγα
1182 4179 1196 4192 ·
1244 4180 1260 4212 ι
1302 4162 1375 4212 Τὸ
1418 4162 1474 4213 δὲ
1509 4162 1733 4230 Πνεῦμα

1840 3245 1964 3310 ipse
2004 3241 2129 3295 scit.
2167 3259 2184 3292 ι
2223 3241 2377 3305 Quod
2405 3255 2533 3294 vero
2564 3239 2731 3294 dictio
2760 3254 2853 3308 per
2874 3252 3094 3292 causam
3135 3234 3426 3300 signiﬁcet,

1837 3334 1944 3397 jam
1979 3334 2182 3387 dictum
2234 3345 2316 3385 εει
2350 3347 2451 3386 nec
2479 3341 2723 3400 repetere
2754 3335 2992 3397 oportet.
3032 3325 3264 3380 Sanctus
3293 3338 3428 3392 pra:-

1841 3435 1988 3478 tarea
2033 3424 2293 3494 Cyrillus,
2336 3424 2391 3476 in
2434 3423 2677 3478 secundo
2716 3421 2782 3475 ad
2841 3420 3144 3478 llermiam.
3202 3416 3426 3485 inquit:

1847 3538 1864 3569 ι
1898 3519 2162 3570 Sanctum
2202 3515 2463 3583 Spiritum
2495 3513 2686 3579 addes,
2712 3514 2800 3582 qui
2832 3527 2894 3564 ex
2924 3511 3079 3581 l‘alre
3108 3524 3202 3578 per
3230 3507 3426 3563 Filium

1844 3610 2163 3664 naturaliter
2195 3609 2435 3678 proﬂuit.
2483 3629 2500 3659 ι
2539 3610 2687 3664 Idem
2741 3609 2792 3662 in
2843 3610 3086 3664 secundo
3115 3607 3430 3660 Thesauro-

1846 3719 1988 3765 rum,
2023 3703 2076 3756 in
2102 3717 2357 3756 sermone
2383 3701 2542 3771 cujus
2592 3701 2806 3764 titulus,
2847 3720 2864 3754 ι
2901 3699 3054 3766 Quod
3087 3716 3150 3754 ex
3191 3699 3427 3753 essentia

1848 3793 2021 3847 Patris
2066 3803 2120 3848 et
2163 3793 2284 3846 Filii
2332 3792 2566 3860 Spiritus
2609 3802 2840 3847 sanctus
2886 3802 2990 3856 est,
3032 3810 3051 3842 ι
3083 3791 3164 3845 sic
3194 3800 3422 3843 narrat:

1853 3907 1868 3936 ι
1905 3886 2060 3952 Quod
2101 3887 2264 3955 igitur
2289 3884 2530 3954 Spiritus
2555 3894 2777 3940 sanctus
2808 3884 2901 3953 qui
2931 3884 2982 3937 in
3009 3883 3166 3937 nobis
3195 3889 3300 3944 cst,
3326 3895 3428 3933 nos

1846 3993 1969 4034 esse
1997 3979 2091 4032 Dei
2128 3977 2437 4032 conformes
2467 3977 2728 4043 ostendit,
2752 3976 2998 4045 procedit
3030 3984 3208 4029 autent
3230 3989 3294 4026 ex
3325 3971 3429 4024 Pa-

1847 4081 1926 4123 tre
1992 4081 2048 4125 ct
2085 4071 2242 4135 Filio,
2276 4079 2524 4140 apertum
2556 4079 2642 4125 est
2667 4068 2865 4124 divinat
2898 4083 3021 4122 esse
3051 4065 3308 4121 essentia:
3341 4077 3433 4118 es-

1844 4165 2155 4220 sentialiter
2189 4166 2242 4219 in
2283 4180 2368 4239 ea,
2398 4173 2452 4220 et
2483 4180 2548 4220 ex
2588 4179 2652 4219 ea
2681 4163 3089 4234 procedentem.
3133 4180 3152 4213 ι

133 4264 207 4313 τὸ
236 4258 413 4324 ἅγιον,
441 4260 473 4329 ή
506 4257 873 4327 ὲκφαντορικὴ
918 4257 1012 4309 τοῦ
1052 4257 1287 4324 κρυφίου
1354 4257 1454 4322 τῆς
1502 4257 1755 4326 θεότητος
1794 4258 2025 4327 δύναμις
2055 4258 2149 4312 τοῦ
2175 4259 2410 4329 Πατρὸς,
2434 4274 2499 4311 εκ
2532 4259 2744 4328 Πατρός
2779 4258 2896 4310 ιστι
2942 4256 3010 4309 δι’
3064 4252 3198 4308 Υίοῦ
3261 4255 3430 4307 ἐκπο-

138 4357 446 4423 ρευομένη,
473 4353 550 4414 ὡς
599 4349 742 4425 οἶδεν
808 4353 1004 4415 αὐτός’
1039 4372 1058 4403 ι
1098 4353 1220 4404 ’Ὅτι
1268 4351 1324 4404 δὲ
1392 4354 1424 4421 ἡ
1493 4353 1591 4406 διὰ
1628 4354 1809 4406 αίτίαν
1851 4354 2132 4422 σημαίνει,
2166 4355 2512 4424 προείρηται,
2537 4355 2634 4407 καὶ
2702 4354 2764 4407 οὐ
2805 4353 2888 4406 δεῖ
2909 4349 3274 4420 παλιλλογεῖν.
3307 4349 3431 4402 Ἔτι

128 4448 199 4500 δὲ
233 4447 261 4496 ὁ
296 4443 449 4509 ἅγιος
480 4441 768 4512 Κύριλλος,
800 4443 858 4494 ὲν
882 4441 960 4510 τῷ
997 4442 1238 4511 δευτέρῳ
1276 4441 1387 4493 τῶν
1457 4443 1595 4512 πρὸς
1665 4443 1934 4510 Ἑρμείαν
1998 4445 2130 4513 φησί
2155 4459 2170 4477 ο
2224 4463 2244 4496 ι
2281 4445 2474 4511 Ἀγιον
2511 4444 2569 4496 δὲ
2603 4444 2826 4512 Πνεῦμα
2877 4445 3193 4514 προσερεῖς,
3238 4444 3300 4494 τδ
3366 4444 3430 4495 ὲκ

139 4538 367 4604 Πατρος
399 4533 466 4586 δι’
513 4531 646 4586 Υίοῦ
688 4533 1053 4601 προχεόμενοι)
1116 4532 1386 4600 φυσικῶς.
1428 4552 1446 4584 ι
1537 4535 1596 4586 '0
1637 4536 1798 4598 αὐτὸς
1837 4538 1894 4588 ἐν
1940 4536 2018 4605 τῷ
2067 4535 2306 4607 δευτέρῳ
2335 4536 2444 4590 τῶν
2473 4535 2832 4604 Θησαυρῶν,
2875 4539 2934 4589 ὲν
2964 4535 3042 4605 τῷ
3094 4536 3236 4604 λόγῳ
3291 4536 3351 4589 οῦ
3392 4540 3425 4603 ἡ

129 4626 437 4696 ιτιγραφή
466 4644 480 4658 ο
519 4629 672 4679 (Ὅτι
708 4628 772 4678 ὲκ
793 4627 891 4694 τῆς
917 4626 1104 4688 οὐσίας
1155 4628 1251 4678 τοῦ
1297 4629 1511 4696 Πατρὸς
1557 4631 1652 4682 καὶ
1677 4628 1771 4681 τοῦ
1816 4628 1947 4682 Υίοῦ
1977 4631 2038 4683 τὸ
2076 4630 2300 4698 Πνεῦμα
2339 4631 2400 4682 τὸ
2451 4632 2630 4700 ἅγιον,
2671 4649 2690 4682 ι
2718 4629 2860 4684 οὕτω
2912 4631 3200 4695 ὀιέίξειειιν⁹
3240 4652 3258 4684 ι
3296 4634 3427 4688 Ὀτε

128 4721 334 4774 τοίνυν
377 4717 437 4770 τὸ
466 4715 694 4784 Πνεῦμα
725 4717 787 4770 τὸ
819 4717 974 4783 ἅγιον
1034 4718 1089 4768 ὲν
1147 4718 1280 4786 ἡμῖν
1343 4718 1658 4788 γενόμενον,
1727 4721 2088 4790 συμμόρφους
2121 4722 2265 4792 ἡμᾶς
2308 4721 2653 4775 ἀποδεικνύει
2680 4720 2842 4782 Θεοῦ,
2879 4722 3099 4789 πρόεισι
3143 4724 3198 4776 δὲ
3229 4727 3328 4776 καὶ.
3366 4727 3430 4778 ὲκ

137 4810 369 4879 Πατρὸς
399 4812 493 4863 καὶ
525 4808 678 4874 Υἱοῦ,
701 4807 966 4878 πρόδηλον
995 4809 1076 4861 ὅτι.
1110 4811 1208 4877 τῆς
1239 4811 1390 4874 θείας
1425 4813 1572 4864 ἐστὶν
1597 4811 1806 4878 οὐσίας,
1835 4813 2109 4877 οὐσιωδῶς
2141 4815 2198 4866 ὲν
2221 4815 2358 4884 αὐτῇ
2390 4816 2486 4867 και
2510 4815 2566 4880 ἐξ
2593 4815 2764 4885 αὐτῆς
2798 4814 3008 4884 προῖόν.
3047 4833 3066 4866 ι

238 4901 659 4972 Ἀνασκιρτοῦσι
688 4902 744 4954 δέ
785 4919 933 4964 τινες
966 4903 1075 4955 τῶν
1119 4903 1574 4974 φιλεγκλημόνων
1624 4923 1730 4976 σχι·

1920 4906 2218 4963 Prosiliunt
2239 4923 2306 4962 ex
2335 4907 2699 4967 schismaticis
2719 4910 2938 4978 quidam
2983 4896 3429 4976 calumniatores,

156 4994 471 5063 τματικῶν,
507 4996 600 5047 καὶ
635 4994 812 5048 πλατὺ
839 4996 1108 5064 γελῶντες
1134 4998 1356 5062 λέγουσι
1384 4997 1522 5066 πρὸς
1558 4997 1705 5065 ἡμᾶς
1726 5015 1741 5030 ο

155 5092 218 5142 ."i
252 5089 414 5142 πάλιν
444 5089 600 5158 ἡμῖν,
630 5083 675 5142 ὦ
699 5091 1016 5156 Καθολικοὶ,
1049 5093 1142 5144 καὶ
1173 5092 1308 5161 πρὸς
1330 5091 1489 5146 τοῦτο
1511 5093 1700 5161 εἴπητε
1726 5109 1739 5157 ;

134 5186 181 5250 ἦ
224 5185 382 5235 ποίον
426 5181 737 5236 ἀποδώσετε
778 5183 958 5251 λόγον,
1011 5185 1502 5254 κατασοφιζόμενοι
1548 5185 1611 5237 τὸ
1637 5201 1734 5252 γε·

136 5275 516 5343 γραμμένονς
547 5275 638 5328 τοῦ
688 5276 1082 5344 εὐαγγελιστοῦ
1131 5277 1382 5344 λέγοντος
1432 5277 1736 5348 διαρρήδην

136 5367 306 5419 οὕτω
342 5368 439 5419 καὶ
482 5369 754 5438 φανερῶς,
783 5372 867 5424 ὅτι
925 5369 987 5422 τὸ
1023 5370 1243 5437 Πνεῦμα
1284 5364 1423 5422 εἶδεν
1448 5371 1476 5421 ὁ
1504 5369 1735 5438 ,μύστης

138 5458 296 5510 ὡσεὶ
354 5459 683 5528 περιστερὰν
745 5463 1149 5530 κατερ,;όμενον
1199 5464 1293 5513 ἐπὶ
1347 5463 1438 5513 τὸν
1477 5462 1731 5528 Χριστόν.

136 5546 374 5599 Οὐκοῦν
420 5549 558 5616 ὅπερ
605 5549 704 5601 οὐκ
747 5548 906 5619 ἔσχεν
950 5552 1245 5616 ἐλάμϐανε.
1287 5552 1408 5611 Πῶς
1437 5552 1502 5605 ἂν
1542 5555 1605 5603 ἐκ
1639 5552 1734 5602 τοῦ

143 5638 295 5690 Υίοῦ
329 5638 613 5707 νομισθείη
661 5640 722 5691 τὸ
753 5640 987 5709 ,Πνεῦμα
1015 5643 1073 5693 es
1103 5644 1260 5708 ἅγιον
1317 5641 1738 5711 ἐκπορεύεσθαι,

139 5734 170 5782 ἑ
191 5729 397 5791 στῶτος
423 5730 590 5783 αὐτοῦ
621 5731 676 5783 ἐν
707 5731 785 5801 τῷ
837 5732 1102 5804 Ἰορδάνῃ,
1143 5737 1234 5786 καὶ
1271 5735 1364 5788 τοῦ
1423 5734 1739 5802 Πνεύματος

146 5821 375 5875 ἄνωθεν
403 5823 804 5891 κατερχομένου
843 5824 917 5887 ὠς
949 5826 1080 5893 πρὸς
1104 5826 1287 5894 αὐτὸν,
1328 5829 1419 5880 καὶ
1455 5827 1603 5895 φωνὴ
1640 5845 1740 5880 πα-

1849 5015 1914 5054 ac
1947 5000 2124 5054 eﬂ‘nsc
2164 5000 2391 5054 ridendo
2423 4999 2608 5053 d'cnnt
2640 5001 2708 5054 ad
2759 5016 2861 5056 nos
2897 5017 2910 5053 :
2953 5001 3091 5067 Quid
3144 5017 3358 5068 rursus,
3397 5020 3432 5057 ο

1845 5091 2134 5156 Catholici,
2184 5091 2251 5144 ad
2306 5093 2409 5146 hoc
2461 5092 2622 5145 nobis
2669 5092 3115 5162 respondeltitisg?
3141 5095 3224 5147 vel
3267 5109 3428 5163 quant

1845 5185 2085 5239 reddetis
2150 5185 2455 5248 rationem,
2511 5183 2851 5252 Scripturam
2914 5185 3242 5249 cavillando,
3303 5201 3428 5238 cum

1840 5278 2169 5347 evangelista
2222 5286 2408 5346 aperte
2457 5286 2514 5331 et
2588 5277 2732 5331 clare
2777 5278 2921 5331 dicat
2961 5278 3104 5342 quod
3160 5277 3428 5346 Spiritum

1843 5367 2153 5438 conspesit,
2194 5369 2584 5438 mysteriorum
2630 5369 2838 5437 peritus
2865 5367 3107 5422 Joannes
3143 5369 3295 5439 quasi
3340 5385 3433 5424 co-

1843 5461 2080 5514 lumbam
2141 5459 2193 5512 in
2226 5457 2502 5512 Christum
2551 5457 3000 5512 descendentem.
3055 5459 3216 5524 Ergo,
3275 5459 3422 5526 quod

1843 5567 1952 5606 non
1987 5551 2197 5612 habuit,
2235 5551 2537 5619 accipiebat
2574 5566 2587 5601 :
2621 5564 2730 5617 quo
2763 5559 2918 5618 pacto
2946 5549 3179 5617 Spiritus
3209 5562 3431 5603 saueius

1851 5660 1878 5695 a
1916 5642 2052 5695 Filio
2079 5641 2956 5710 procedereexistimabitur,cnm
2979 5642 3095 5709 ipse
3121 5641 3172 5694 in
3197 5639 3430 5695 Jordanc

1844 5736 2190 5796 consisteret.
2216 5748 2269 5788 et
2304 5734 2542 5803 Spiritus
2573 5736 2624 5787 in
2655 5749 2780 5787 eum
2811 5734 3026 5786 caelitus
3048 5734 3428 5794 descenderet,

1848 5844 2057 5899 voxque
2089 5837 2313 5898 paterna
2350 5843 2586 5898 superna
2644 5837 2928 5882 .cstaretur
2968 5846 2982 5883 :
3023 5845 3041 5880 ι
3082 5825 3177 5880 llic
3213 5837 3293 5880 est
3341 5825 3412 5878 ικίο
