4160 6424
702 324 840 392 1139

1856 329 2174 390 JOSEPHI
2206 330 2753 394 METHONENSIS

3824 341 3853 403 Ῑ
3869 340 3981 404 ἴω

697 439 803 494 lius
849 452 1001 493 meus
1038 434 1308 505 dilectus,
1362 440 1414 493 in
1462 456 1570 510 quo
1613 442 1740 494 mihi
1783 443 2088 510 contpiacui
2126 443 2190 495 ‘9.
2240 460 2255 491 ι

2374 444 2519 514 τρῴα
2549 445 2755 498 ἄνωθεν
2791 446 3167 516 μαρτυροῦςα.
3206 466 3224 499 ε
3259 447 3428 512 Οὗτός
3453 450 3599 503 ἐςτιν
3624 453 3653 503 6
3686 452 3813 513 Υἱός
3846 472 3959 521 μου

696 530 777 585 Ad
813 530 934 593 hos,
965 530 1059 599 qui
1088 528 1284 584 divina
1314 530 1569 585 Ecclesia:
1608 530 1864 599 dogmata
1902 533 2268 595 subvertant,

696 631 749 675 et
783 619 1193 693 Scripturarum
1228 623 1609 676 rectitudinem
1642 636 1959 693 pervertunt
1988 663 2003 687 ,
2040 640 2269 694 respon~

697 713 934 767 ciendum
962 712 1217 768 existimo
1248 729 1261 765 :
1298 712 1626 769 Ebrietatem
1656 716 1910 769 diseutite
1936 732 2114 785 pravae
2141 733 2265 769 sn..-

698 804 886 868 sionis,
930 815 984 859 et
1019 804 1273 867 malitia,
1311 805 1575 860 facientes
1608 808 1888 861 hominem
1922 809 2271 863 circumscri-

701 908 850 966 ptum
876 911 1024 962 eum,
1047 896 1140 966 qui
1176 904 1259 951 est
1280 897 1595 953 indeiinitus
1639 906 1694 952 et
1721 898 2223 969 incircumscriptus
2251 916 2265 965 ;

704 996 760 1041 ut
792 987 1134 1055 splendidum
1158 990 1404 1044 veritatis
1434 989 1613 1042 lumen
1644 990 2071 1059 circumspicere
2094 991 2274 1043 valea-

702 1082 791 1146 tis,
822 1094 875 1135 et
908 1080 1192 1135 nobiscum
1234 1082 1298 1136 ad
1332 1081 1620 1137 Dominum
1663 1083 1922 1146 clamare,
1958 1104 1974 1134 ι
2013 1083 2154 1138 Vere
2183 1082 2270 1137 Fi-

699 1174 809 1226 lius
844 1172 935 1226 Dei
971 1189 1064 1239 es;
1108 1195 1125 1226 ι
1175 1184 1231 1228 et
1277 1174 1457 1227 omnia
1508 1191 1850 1246 quaecunque
1904 1176 2064 1230 habet
2108 1178 2270 1230 Pater

700 1278 846 1328 tuus,
878 1274 937 1318 ut
964 1264 1126 1325 Deus,
1164 1276 1215 1317 et
1250 1274 1301 1317 tn
1335 1264 1542 1319 habes:
1584 1277 1781 1335 tuaque
1808 1266 1991 1319 divina
2030 1264 2268 1335 potentia

698 1365 891 1409 cuneta
924 1355 1334 1423 complecteris,
1368 1370 1430 1410 ac
1466 1365 1569 1410 tua:
1617 1358 1804 1410 matris
1853 1357 2266 1418 intercessione,

700 1452 971 1520 placidum
1010 1451 1272 1523 Spiritum
1333 1452 1492 1507 nobis
1545 1451 1766 1517 reddis',
1816 1450 1907 1519 qui
1967 1450 2267 1505 bonitatem

698 1543 1094 1607 communicat,
1132 1555 1183 1598 et
1218 1562 1235 1594 ι
1280 1558 1342 1597 ex
1390 1542 1549 1596 Patre
1593 1557 1687 1611 per
1734 1552 1783 1595 te
1823 1558 1839 1589 ι
1884 1538 2146 1608 procedit.
2204 1537 2269 1591 Et

701 1650 889 1690 rursus
917 1650 1041 1690 cum
1081 1635 1157 1689 sis
1184 1634 1713 1701 incircumscriptus.
1744 1632 1813 1685 ιιιί
1874 1629 2002 1685 Jesu
2061 1639 2115 1684 et
2162 1629 2267 1682 Do-

701 1730 845 1781 mine
883 1764 900 1790 .
934 1741 1245 1797 quanquam
1296 1726 1350 1779 in
1395 1724 1634 1780 Jordane
1665 1726 1937 1788 consists,
1983 1734 2265 1793 paternum

2374 538 2401 588 6
2425 538 2704 606 ἀγαπητὸς
2735 540 2795 591 ὲν
2916 539 3213 610 ηὐδόκησα.
3256 559 3274 593 ι
3318 541 3460 607 Πρὸς
3500 543 3557 595 δὲ
3587 532 3810 607 τοῦτους
3851 545 3973 609 φάο

2374 645 2460 680 ναι
2491 628 2601 680 δεῖν
2630 628 3005 693 ῦπολαμὸἀνω
3054 632 3179 693 τοὺς
3222 634 3289 683 τὰ
3327 633 3443 685 θεῖα
3489 635 3586 702 τῆς
3626 634 3973 699 Ἐκκλησίσς

2372 720 2783 788 ἀνατρέποντας
2828 723 3099 791 δόγματα,
3131 725 3227 776 καὶ
3267 724 3362 793 τὴν
3404 726 3511 777 τῶν
3544 728 3973 795 γεγραμμένων

2372 810 2640 878 ὀρθότητα
2685 810 3138 881 διαστρέφοντας.
3200 814 3504 882 Ἐκνήψατε
3551 819 3851 884 μεθύοντες
3903 823 3970 872 ἐκ

2372 902 2472 970 τῆς
2502 906 2803 971 πεισμονῆς
2851 904 2946 957 καὶ
2990 905 3211 971 κακίας,
3240 907 3523 972 ποιοῦντες
3572 915 3970 981 περιγραπτῦν

2372 993 2658 1063 ἄνθρωπον
2700 999 2791 1048 τὸν
2844 998 3231 1067 ἀπεριόριστὸν
3262 1016 3322 1061 τε
3370 1002 3465 1054 καὶ
3510 1004 3963 1072 ἀπερίτραπτον,

2377 1083 2462 1137 ἵνα
2484 1086 2791 1157 δυνὴσησθε
2812 1087 2872 1140 τὸ
2900 1087 3149 1158 λαμπρὸν
3176 1090 3273 1159 τῆς
3298 1091 3553 1159 ἀληθείας
3579 1094 3967 1162 περιαθρῆσαι

2374 1175 2588 1240 κάλλος,
2651 1178 2746 1231 καὶ
2806 1179 2903 1231 σὺν
2951 1181 3082 1249 ἡμῖν
3126 1181 3428 1252 ἀναϐοῆσαι
3463 1186 3599 1252 πρὸς
3652 1186 3747 1239 τὸν
3802 1189 3963 1247 Υἰὸν,

2377 1286 2396 1318 ι
2420 1268 2659 1336 ’Λληθιῦς
2693 1269 2830 1323 Θεοῦ
2868 1271 2995 1335 Υἱὸς
3027 1270 3079 1325 εἴ
3106 1291 3151 1324 ἰ
3198 1274 3293 1327 καὶ
3317 1276 3495 1329 πάντα
3512 1278 3611 1329 ὅσα
3629 1279 3741 1346 ἔχει
3772 1282 3801 1333 6
3851 1282 3968 1331 Πα-

2372 1356 2475 1425 τήρ
2506 1374 2598 1409 σου
2625 1352 2712 1411 οἷα
2756 1359 2911 1423 Θεὸς,
2932 1362 3038 1413 καὶ
3069 1363 3231 1426 αὐτὸς
3273 1368 3419 1433 ἔχεις
3444 1384 3456 1396 °
3490 1369 3582 1420 καὶ
3609 1370 3765 1438 Οεῖκῇ
3798 1372 3968 1422 δυνα-

2376 1450 2531 1519 στείᾳ
2574 1452 2966 1521 συμπεριέχεις
3018 1453 3087 1506 τὰ
3121 1456 3320 1509 πάντα.
3372 1458 3485 1525 Τῆς
3528 1460 3582 1511 δὲ
3614 1465 3820 1529 μητρός
3864 1481 3964 1513 σου

2371 1540 2490 1601 ταῖς
2522 1537 2852 1604 ἐντεύξεων,
2882 1542 3041 1597 ἵλεων
3063 1546 3245 1613 νέμεις
3263 1549 3397 1618 ἡμῖν
3420 1549 3645 1620 Πνεῦμα
3674 1553 3964 1619 μεταδοτι-

2376 1630 2469 1679 κὸν
2500 1631 2889 1699 ἁγαθότητος,ε
2915 1636 2977 1685 ἐκ
3011 1637 3220 1706 Πατρὶς
3248 1639 3333 1693 διὰ
3359 1640 3452 1694 σοῦ
3477 1660 3495 1692 ι
3520 1660 3652 1710 προε
3664 1644 3959 1713 ρχόμενον.

2375 1717 2481 1774 Καὶ
2512 1720 2671 1787 αὖθις
2700 1739 2713 1754 ’
2760 1724 3200 1795 Ἀπερίγραπτος
3232 1730 3330 1797 ὣν,
3370 1732 3548 1801 Ἰησοῦ
3576 1753 3678 1804 μου
3710 1738 3808 1788 καὶ
3840 1739 3959 1790 Κί-

697 1835 871 1876 tamen
905 1824 1161 1877 thronum
1194 1836 1304 1874 non
1338 1818 1622 1890 reliquisti.
1659 1818 1948 1885 Nunquam
1984 1816 2115 1869 mihi
2148 1816 2264 1870 haec

2374 1829 2476 1881 ριε,
2507 1816 2596 1866 καὶ
2624 1815 2681 1867 ἐν
2714 1815 2791 1884 τῷ
2832 1815 3073 1888 Ἰορδάνῃ
3112 1820 3307 1883 ἑστὼς,
3338 1822 3433 1874 τοῦ
3464 1824 3733 1893 πατρικοῦ
3759 1825 3958 1891 θρόιου

694 1915 921 1969 haeresis
952 1915 1004 1968 in
1040 1923 1273 1968 mentem
1299 1912 1497 1975 veniat,
1532 1921 1590 1965 ut
1619 1911 1813 1974 dicant,
1845 1925 1970 1963 eum
2001 1924 2124 1979 qua:
2155 1923 2263 1960 non

700 2006 936 2061 habebat
968 2005 1215 2076 accipere
1249 2021 1262 2057 :
1294 2019 1419 2058 nam
1470 2017 1807 2073 quaecunque
1860 2001 2018 2055 Pater
2064 2000 2265 2065 habet,

696 2099 858 2152 habet
895 2108 949 2152 et
979 2095 1147 2153 Filius
1175 2113 1186 2149 :
1211 2106 1265 2151 et
1296 2097 1427 2150 nihil
1462 2098 1599 2150 inest
1621 2096 1761 2149 l’atri
1789 2094 1916 2163 quin
1949 2093 2075 2148 insit
2104 2091 2262 2158 Filio,

691 2202 917 2258 excepta
953 2192 1298 2259 paternitate.
1340 2188 1393 2241 Si
1425 2190 1569 2243 enim
1596 2186 1736 2257 quod
1782 2202 1890 2241 non
1918 2186 2111 2249 habet,
2148 2185 2266 2254 ipse

692 2282 993 2350 accipiebat
1030 2298 1044 2333 :
1076 2297 1198 2334 νοω
1229 2281 1391 2333 Arius
1451 2280 1765 2349 protulisset
1790 2279 2043 2343 dicendo,
2084 2297 2101 2329 ι
2146 2286 2268 2332 erat

695 2374 983 2443 aliquando
1013 2374 1156 2444 quod
1184 2390 1286 2427 non
1320 2384 1453 2430 erat.
1492 2374 1589 2427 tAt
1621 2373 1923 2443 idcogitatu
1951 2384 2157 2427 tantum
2185 2380 2269 2427 est

701 2465 953 2534 impium.
982 2462 1084 2530 Qui
1128 2464 1239 2518 vult
1288 2466 1453 2533 igitur
1506 2474 1650 2519 recte
1700 2467 1946 2531 sentire,
1987 2465 2110 2519 talia
2157 2480 2265 2519 non

692 2556 900 2622 credat,
945 2556 1038 2611 sed
1069 2565 1128 2609 ut
1156 2572 1309 2609 sacer
1346 2556 1674 2611 Athanasius
1700 2572 1927 2626 magnus
1958 2556 2013 2610 in
2040 2556 2265 2621 divinis,

693 2653 790 2715 qui
828 2650 882 2703 in
909 2664 1163 2704 sermone
1198 2650 1264 2703 de
1293 2650 1575 2703 incarnata
1607 2649 2036 2719 dispensatione,
2058 2650 2150 2718 qui
2188 2650 2268 2704 in-

693 2743 822 2812 cipit
852 2761 863 2795 :
901 2761 919 2792 ε
958 2741 1059 2807 Qui
1090 2743 1300 2796 divinas
1333 2742 1646 2810 Scripturas
1688 2742 1932 2812 captiose
1967 2743 2156 2797 volunt
2189 2745 2270 2796 in-

695 2834 958 2901 telligere,
990 2852 1005 2884 ι
1030 2833 1108 2886 sic
1134 2834 1319 2888 scribit
1344 2849 1357 2880 :
1388 2853 1403 2884 ι
1440 2833 1517 2888 Nc
1545 2833 1869 2903 credatquis
1890 2833 2030 2902 quod
2057 2834 2101 2886 is
2122 2834 2261 2903 quod

694 2939 801 2976 non
828 2922 1061 2978 habebat
1084 2923 1379 2992 accipiebat
1407 2940 1420 2976 :
1447 2924 1492 2977 is
1520 2925 1663 2977 enim
1696 2939 1929 2993 superne
1955 2923 2270 2979 deniittebat

695 3024 751 3069 ιιι
774 3016 914 3069 Deus
940 3031 954 3068 :
980 3025 1035 3069 et
1060 3014 1269 3069 inferne
1290 3015 1403 3085 ipse
1436 3030 1560 3069 cum
1595 3016 1930 3085 suscipiebat
1961 3028 2019 3071 ut
2052 3018 2215 3071 homo
2250 3034 2263 3069 :

699 3120 762 3161 cx
798 3123 863 3161 eo
895 3108 1058 3178 igitur
1098 3107 1151 3160 in
1186 3123 1311 3162 eum
1343 3108 1708 3162 descendebat
1741 3124 1755 3161 :
1790 3123 1855 3162 ex
1887 3110 2003 3179 ejus
2044 3109 2266 3171 deitate,
2297 3138 2338 3194 ρ

703 3202 754 3252 in
788 3199 1178 3253 immanitatem
1207 3199 1392 3267 ipsius.
1424 3219 1441 3249 ι
1482 3198 1693 3254 Audis?
1724 3199 1845 3269 ipse
1874 3214 2109 3269 superne
2143 3202 2265 3253 mit-

704 3291 845 3344 tebat
879 3299 937 3342 ut
966 3289 1127 3357 Deus,
1171 3299 1226 3345 et
1253 3291 1426 3359 ipsum
1460 3291 1670 3344 inferne
1703 3290 2032 3359 suscipiebat
2062 3301 2120 3343 ut
2164 3292 2266 3345 ho-

706 3396 793 3432 n.o
826 3394 840 3432 :
874 3389 927 3433 et
958 3381 1126 3434 veluti
1157 3381 1296 3435 Deus
1330 3381 1602 3443 mittebat,
1630 3381 1793 3435 veluti
1831 3382 1996 3435 homo
2037 3382 2267 3451 recipie-

697 3475 788 3524 bat
824 3492 835 3525 :
871 3488 992 3524 nam
1031 3481 1175 3526 totus
1227 3484 1343 3527 erat
1400 3473 1453 3525 in
1509 3482 1678 3535 terra,
1734 3473 1992 3543 nulloque
2031 3474 2193 3528 modo
2237 3488 2267 3527 a

695 3565 832 3618 «(elo
861 3566 1084 3618 aberat:
1109 3565 1307 3633 quippe
1339 3580 1462 3617 cum
1499 3567 1550 3618 in
1585 3579 1651 3618 eo
1690 3566 1869 3620 omnis
1903 3566 2122 3620 deitatis
2154 3567 2269 3634 pie-

699 3654 887 3707 nitudo
914 3653 1275 3722 corporaliter
1303 3654 1587 3707 resideret.
1614 3654 1747 3707 Cum
1777 3669 1906 3723 ergo
1928 3670 2096 3709 carne
2126 3663 2271 3711 esset

698 3746 1164 3814 circumscriptus,
1200 3746 1251 3798 in
1277 3744 1513 3801 Jordane
1539 3746 1998 3816 conspiciebatur;
2029 3748 2125 3803 sed
2150 3747 2269 3802 dei-

703 3848 814 3889 tate
854 3852 978 3889 cum
1012 3846 1160 3891 esset
1199 3836 1723 3906 incircumscriptus,
1756 3848 2042 3906 paternum
2089 3840 2269 3893 sinum

705 3945 811 3982 ιιυιι
864 3928 1225 3998 relinquebat,
1256 3928 1399 3982 unde
1427 3943 1494 3981 ex
1538 3943 1611 3982 eo
1640 3928 1691 3981 iu
1723 3944 1845 3982 eum
1881 3929 2269 3985 descendebat.

706 4021 832 4075 ideo
869 4020 1004 4073 nihil
1035 4020 1257 4089 prodest
1290 4021 1435 4089 quod
1466 4034 1495 4073 a
1543 4019 1699 4073 vobis
1730 4020 1948 4073 allatum
1998 4030 2112 4085 est;
2165 4022 2274 4075 imo

704 4127 801 4180 pro
825 4112 976 4165 nobis
1010 4112 1224 4166 videtur
1254 4111 1460 4173 facere,
1492 4110 1755 4180 vobisque
1784 4126 2045 4182 magnum
2074 4113 2291 4181 impor—-

704 4211 778 4257 tat
808 4203 1217 4257 detrimentum.

1448 4472 1533 4526 IV.

774 4564 929 4619 Unde
950 4566 1114 4633 igitur
1141 4571 1366 4625 omnino
1394 4570 1550 4625 nobis
1571 4569 1859 4624 ostendere
1893 4569 2132 4638 possitis,
2160 4585 2270 4624 non

702 4672 823 4712 esse
855 4674 922 4712 es
964 4657 1100 4714 Filio
1128 4660 1415 4730 Spiritum,
1454 4680 1554 4733 ego
1584 4678 1924 4732 nequaquam
1955 4666 2133 4719 video.
2163 4664 2272 4719 Ma-

702 4764 840 4815 gnus
874 4746 1111 4805 Joannes
1134 4752 1560 4824 Chrysostomus
1588 4756 1640 4808 in
1666 4755 1885 4809 homiiia
1911 4771 2075 4825 quam
2103 4759 2156 4809 in
2190 4757 2271 4809 in-

702 4840 1074 4896 carnationem
1137 4843 1346 4899 Domini
1402 4844 1568 4910 facit,
1624 4847 1703 4902 sic
1751 4847 1928 4916 inquit
1980 4863 1993 4899 :
2045 4866 2063 4897 ι
2112 4846 2272 4903 Venit

704 4932 958 4987 Christus
999 4935 1067 4989 ad
1115 4951 1237 5002 nos,
1268 4938 1415 4992 dedit
1456 4940 1614 4994 nobis
1642 4940 2065 4996 descendentem
2109 4956 2173 4995 ex
2207 4956 2272 4995 eo

708 5024 973 5092 Spiritum
1000 5066 1015 5090 ,
1058 5037 1113 5081 et
1150 5042 1351 5099 corpus
1398 5042 1643 5084 nostrum
1675 5034 1940 5102 suscepit.
1977 5054 1990 5085 ι
2030 5033 2272 5089 Verbum

711 5136 727 5164 ι
768 5132 833 5172 ex
862 5133 930 5171 eo
969 5137 987 5169 ι
1023 5119 1151 5189 quid
1184 5122 1454 5193 signiﬁcat
1492 5124 1635 5179 aliud
1663 5164 1677 5187 .
1710 5140 1871 5194 quam
1911 5126 2056 5195 quod
2088 5126 2179 5196 qui
2205 5142 2269 5182 ex

710 5224 777 5261 eo
812 5211 1076 5277 procedit,
1107 5210 1369 5281 Spiritum
1419 5216 1577 5269 nobis
1626 5216 1885 5270 tradidit?
1911 5218 2272 5287 quemadmo-

713 5295 841 5347 dum
872 5308 928 5349 et
960 5298 1189 5356 dilectus
1224 5301 1524 5372 discipulus
1569 5304 1740 5369 dicit,
1776 5308 1920 5375 quod
1976 5324 2039 5360 ex
2071 5308 2274 5375 Spiritu

707 5386 826 5453 ejus
851 5389 1002 5443 dedit
1048 5392 1225 5449 nobis.
1255 5404 1313 5448 et
1345 5412 1364 5445 ι
1400 5396 1469 5450 de
1512 5396 1849 5466 plenitudine
1876 5400 1993 5468 ejus
2031 5416 2131 5455 nos
2160 5416 2278 5454 om-

706 5494 805 5533 nes
834 5482 1197 5551 accepimus.»
1227 5485 1463 5552 Cyriiius
1486 5486 1711 5557 Magntrs
1740 5489 1793 5543 in
1826 5490 2275 5559 interpretatione

708 5568 981 5641 Evangelii
1006 5576 1308 5631 secundum
1339 5575 1605 5635 Joannem
1637 5595 1804 5651 super
1834 5596 1899 5637 ea
1931 5584 2095 5637 verba
2128 5598 2143 5635 :
2176 5582 2275 5637 «Et

784 5746 825 5777 ”
865 5746 1059 5806 Matth.
1118 5769 1197 5819 ιιι,
1256 5752 1341 5808 i7.

2370 1905 2470 1958 οὐκ
2500 1905 2735 1968 ἔλειπες.
2764 1908 2855 1977 Μή
2891 1926 2980 1978 μοι
3016 1910 3071 1963 δὲ
3104 1911 3315 1976 γένοιτο
3353 1917 3621 1985 φρονῆσαί
3667 1935 3802 1970 ποτε
3840 1936 3955 1970 τοι·

2371 1997 2542 2067 αὐτην
2572 1999 2805 2068 αἰρεσιν,
2836 2002 2919 2060 ὅτι
2946 2001 3021 2072 μὴ
3054 2002 3192 2073 ἔχων
3224 2005 3386 2069 αὐτος
3416 2007 3692 2076 ἐλάμϐανε
3720 2028 3735 2040 ·
3775 2012 3955 2063 πάντα

2369 2090 2477 2159 γὰρ
2512 2090 2611 2143 ὅσα
2656 2090 2768 2162 ἔχει
2799 2094 2826 2146 6
2860 2093 3072 2164 Πατὴρ,
3118 2096 3231 2166 ἔχει
3279 2099 3375 2151 καὶ
3403 2101 3430 2152 ὀ
3478 2099 3629 2165 Υἱὸς,
3669 2102 3767 2154 καὶ
3802 2104 3956 2155 οὖῗὲν

2369 2183 2664 2253 ἐνυπάρχει
2712 2185 2789 2256 τῷ
2823 2187 3017 2256 Πατρὶ,
3052 2188 3080 2241 ὂ
3114 2191 3140 2240 6
3190 2190 3317 2252 Υίὸς
3365 2192 3465 2244 οὐκ
3507 2193 3644 2261 ἔχει,
3680 2195 3824 2265 πλὴν
3862 2198 3956 2262 τῆς

2374 2275 2731 2345 πατρότητος.
2768 2277 2828 2329 Ei
2860 2278 2968 2347 γὰρ
2993 2280 3069 2349 μὴ
3096 2280 3233 2350 ἔχων
3259 2283 3423 2346 αὐτὸς
3454 2283 3791 2353 ἐλάμόανεν,
3825 2288 3955 2355 fu"-

2371 2368 2524 2420 θευεν
2561 2369 2801 2439 Ἀρειος,
2825 2370 3051 2439 λέγων,‹
3088 2367 3157 2442 ἦν
3194 2391 3345 2439 ποτε,
3371 2376 3459 2429 ὅτε
3483 2377 3585 2430 οὐκ
3609 2373 3702 2448 ἦν.
3751 2397 3773 2427 ι
3797 2379 3957 2431 Ἀλλὰ

2370 2457 2530 2510 τοῦτο
2572 2462 2664 2513 καὶ
2700 2462 2955 2532 ἐννοῆσαι
2999 2465 3182 2532 μόνον,
3232 2468 3379 2520 ἐστὶν
3424 2469 3645 2530 ἀσεὸἐς.
3686 2471 3956 2524 οῦκοῦνὸ

2374 2549 2700 2617 βουλόμενος
2740 2552 2875 2623 ὀρθὰ
2907 2559 3127 2625 φρονεῖν
3150 2558 3221 2609 τὰ
3256 2557 3483 2611 τοιαῦτα
3519 2560 3596 2627 μὴ
3628 2560 3953 2629 ὐπονοείτω,

2371 2640 2485 2693 ἀλλ’
2517 2640 2707 2713 ὥσπερ
2731 2646 2758 2696 6
2792 2643 2932 2709 ίερδς
2975 2645 3317 2711 Ἀθανάσιος,
3344 2650 3373 2699 6
3402 2648 3570 2709 πολὺς
3614 2650 3686 2701 τὰ
3725 2652 3870 2716 θεῖα,
3897 2651 3955 2714 6;

2370 2737 2426 2786 ἐν
2480 2734 2557 2805 τῷ
2590 2737 2719 2806 περὶ
2767 2738 2864 2806 τῆς
2914 2740 3180 2809 ὲνσάρκου
3226 2742 3543 2812 οἰκονομίας
3595 2745 3769 2814 λόγῳ,
3822 2739 3883 2797 οὗ
3923 2748 3956 2814 ἡ

2373 2830 2570 2900 ἀρχὴ,ι
2611 2832 2674 2884 Oi
2696 2833 3037 2903 κακοτέχνως
3065 2841 3163 2895 τὰς
3191 2834 3341 2899 θείας
3373 2837 3596 2904 Γραφὰς
3634 2837 3958 2906 βουλόμενοι

2371 2922 2537 2984 νοεῖν,
2572 2920 2761 2975 »οὕτω
2814 2922 3001 2991 λέγει’
3036 2944 3057 2976 ιι
3111 2926 3202 2993 Μὴ
3260 2926 3558 2979 ὑπονοείτω
3612 2944 3703 2989 τις
3738 2928 3824 2981 ὅτι
3884 2928 3959 2995 μὴ

2371 3011 2510 3080 ἔχων
2562 3013 2725 3076 αὐτὸς
2791 3013 3136 3084 ἐλάμϐανεν,
3190 3016 3352 3079 αὐτὸς
3399 3020 3508 3087 γὰρ
3561 3019 3698 3072 αὐτὸ
3751 3019 3959 3071 ἄνωθεν

2373 3100 2620 3172 ἔπεμπεν
2657 3104 2731 3165 ὡς
2767 3104 2919 3170 Θεὸς,
2974 3107 3068 3158 καὶ
3111 3107 3270 3169 αὐτὸς
3304 3107 3436 3159 αὐτὸ
3470 3108 3719 3162 κάτωθεν
3766 3108 3960 3162 ὑπεδέ-

2370 3211 2493 3264 χετο
2519 3195 2592 3256 ὡς
2621 3195 2902 3267 ἄνθρωπος
2928 3214 2941 3227 ”
2979 3198 3037 3262 ἐξ
3068 3198 3232 3251 αὑτοῦ
3261 3196 3373 3260 οῦν,
3408 3200 3488 3262 είς
3511 3200 3677 3252 αὐτὸν
3712 3199 3916 3270 κατῄει
3942 3217 3957 3231 ·

2370 3289 2434 3338 ἐκ
2468 3287 2562 3354 τῆς
2600 3288 2851 3357 θεότητος
2905 3287 3091 3354 αὑτοῦ,
3127 3291 3206 3352 εἰς
3256 3289 3354 3357 τὴν
3404 3290 3810 3361 ἀνθριιιπότητα
3865 3292 3959 3344 αὖ·

2370 3379 2487 3432 τοῦ.
2528 3399 2546 3430 ι
2600 3381 2885 3447 ’Δκούει;;
2928 3381 3110 3448 αὐτὸς,
3147 3381 3333 3450 φησιν,
3378 3382 3510 3433 αὐτὸ
3537 3382 3757 3435 ἄνωθεν
3787 3384 3959 3451 ἔπεμ-

2374 3483 2471 3519 πεν
2506 3467 2581 3530 ὡς
2634 3468 2791 3531 Θεὸς,
2828 3472 2922 3522 καὶ
2976 3470 3139 3531 αὐτὸς
3185 3470 3317 3521 αὐτὸ
3360 3470 3607 3523 κάτωθεν
3660 3471 3961 3539 ὑπεδέχετο

2370 3559 2444 3621 ὡς
2477 3560 2783 3630 ἄνθρωπος.
2839 3563 2945 3615 Καὶ
2992 3556 3081 3615 οἷα
3126 3561 3225 3630 μὲν
3277 3561 3409 3625 Θεὸς
3458 3562 3736 3632 ἔπεμπεν,
3770 3558 3860 3615 οἷα
3902 3563 3960 3613 δὲ

2373 3650 2663 3720 ἄνθρωπος
2718 3653 3009 3722 ὑπεδέχετο
3034 3670 3048 3684 ’
3083 3654 3199 3715 ὅλος
3238 3655 3347 3724 γὰρ
3389 3649 3456 3723 ἦν
3497 3656 3554 3707 ὲν
3589 3656 3705 3715 τοῖς
3764 3655 3916 3707 κάτω
3944 3669 3959 3681 ·

2375 3743 2465 3795 καὶ
2493 3746 2607 3805 τοῖς
2636 3745 2749 3798 ἄνω
2775 3745 2882 3797 οὐδ’
2912 3744 3048 3807 ὅλως
3082 3746 3250 3813 ἀπῆν.
3314 3746 3404 3797 Ἐν
3445 3744 3598 3814 αὐτῷ
3629 3745 3747 3814 γὰρ
3781 3746 3963 3812 κατῲ-

2376 3852 2461 3888 κει
2490 3836 2597 3889 πᾶν
2628 3836 2688 3888 τὸ
2714 3834 2990 3907 πλήρωμα
3030 3820 3145 3905 τῆς
3166 3836 3419 3907 θεότητος
3458 3838 3822 3906 σωματικῶς.
3856 3839 3959 3888 Περ

2376 3926 2677 3995 ριγραπτὸς
2714 3921 2806 3979 οῦν
2860 3928 2923 3995 τῇ
2961 3929 3125 3995 σαρκὶ
3169 3925 3452 3995 ὑπάρχων,
3494 3930 3550 3978 ἐν
3579 3927 3659 3996 τῷ
3717 3925 3963 3996 Ἰορδᾶνῃ

2376 4019 2646 4085 ἐφαίνετο,
2692 4018 3103 4087 ἁπερίγραπτος
3136 4019 3193 4071 δὲ
3229 4020 3291 4084 τῇ
3339 4020 3551 4087 θεότητι
3580 4017 3679 4083 ὢν,
3726 4018 3827 4070 τοῦ
3858 4037 3965 4070 πα-

2374 4110 2563 4179 τρικοῦ
2601 4110 2694 4164 ab):
2722 4110 2900 4163 ἔλειπε
2926 4110 3126 4163 κόλπου
3154 4127 3168 4141 ο
3193 4110 3316 4164 ὅθεν
3349 4111 3408 4174 ἐξ
3444 4110 3612 4164 αὑτοῦ
3676 4114 3761 4173 εἰς
3795 4113 3964 4164 αὑτὸν

2376 4201 2571 4273 κατῄει
2627 4218 2641 4232 ο
2673 4202 2766 4254 καὶ
2796 4200 2968 4265 οὕτως
2998 4202 3153 4255 οὐδὲν
3191 4202 3321 4271 ὑμῖν
3349 4202 3593 4254 συντελεῖ
3635 4203 3699 4254 τὸ
3734 4206 3967 4272 εἰρημέ-

2376 4309 2465 4344 νον
2498 4294 2630 4361 παρ’
2664 4293 2839 4361 ὑμῶν,
2868 4293 3004 4346 ἀλλὰ
3045 4292 3247 4362 μᾶλλον
3285 4291 3424 4362 ὑπὲρ
3468 4293 3629 4362 ἡμῶν
3681 4294 3965 4346 δείκνυται

2377 4385 2457 4451 δν,
2492 4386 2584 4438 καὶ
2618 4385 2823 4454 πολλὴν
2860 4385 3088 4455 παρέχει
3123 4386 3254 4453 ὑμῖν
3286 4384 3384 4454 τὴν
3410 4384 3637 4452 ζημίαν.

3121 4477 3193 4530 Δ⁸.

2452 4570 2623 4622 Πόθεν
2652 4566 2745 4624 οὖν
2791 4570 2925 4637 ἡμῖν
2953 4567 3124 4631 δεῖξαι
3164 4567 3301 4629 ὅλως
3328 4566 3613 4634 εὑρήσετε,
3652 4568 3743 4620 ὅτι
3772 4570 3876 4621 οῦκ
3907 4573 3971 4623 ἐκ

2379 4662 2474 4715 τοῦ
2531 4662 2657 4715 Υίοῦ
2711 4660 2773 4715 τὺ
2814 4661 3075 4730 Πνεῦμα,
3114 4661 3226 4727 ἐγὼ
3279 4658 3389 4712 οὐδ’
3425 4657 3559 4720 ὅλως
3612 4674 3676 4724 γε
3727 4662 3965 4729 συνορῶ.

2381 4756 2491 4808 Καὶ
2517 4758 2545 4808 6
2576 4756 2749 4823 μέγας
2778 4754 2835 4808 δὲ
2875 4754 3127 4824 Ἰωάννης
3150 4754 3179 4805 6
3212 4750 3623 4819 Χρυσόστομος,
3651 4752 3715 4804 ἐν
3748 4755 3818 4822 τῇ
3851 4754 3970 4822 ὀμι-

2377 4846 2490 4918 λίᾳ,
2523 4846 2589 4917 ἦν
2617 4849 2696 4908 εἰς
2729 4846 2829 4914 τὴν
2878 4842 3292 4912 ινανθρώπησιν
3324 4841 3419 4894 τοῦ
3452 4843 3661 4912 Κυρίου
3695 4847 3968 4909 ποιεῖται,

2381 4938 2525 4992 οὕτω
2550 4938 2715 5007 φησίν
2740 4952 2752 4966 ·
2789 4956 2807 4988 ι
2845 4934 3049 4989 Ἦλθεν
3076 4937 3102 4987 6
3142 4934 3376 5005 Χριστὸς
3420 4935 3499 4994 είς
3528 4935 3680 5003 ἡμᾶς
3706 4953 3726 4967 ο
3764 4937 3970 4989 ἔδωκεν

2382 5031 2514 5097 ἡμῖν
2546 5028 2608 5080 τὸ
2633 5028 2691 5092 ἐξ
2729 5026 2896 5080 αὐτοῦ
2928 5025 3172 5091 Πνεῦμα,
3200 5028 3296 5079 καὶ
3325 5024 3554 5079 ἀνέλαϐε
3596 5025 3661 5077 τδ
3687 5027 3966 5096 ἡμέτερον

2384 5120 2564 5189 σῶμα.
2607 5140 2625 5171 ι
2661 5120 2733 5172 Τὺ
2761 5118 2816 5171 δὲ
2854 5116 2943 5183 «ἐξ
2962 5116 3181 5181 αὐτοῦ,ι
3216 5117 3269 5170 τί
3293 5116 3488 5186 δηλοῦν
3520 5114 3857 5187 βούλεται,ἢ
3889 5120 3970 5171 ὅτι

2383 5213 2445 5264 τὸ
2473 5211 2531 5277 ἐξ
2572 5209 2738 5265 αὐτοῦ
2771 5209 3208 5279 ἐκπορευόμενον
3252 5207 3476 5277 Πνεῦμα
3514 5207 3761 5262 δέδωκεν
3790 5210 3971 5282 ἡμῖνς

2381 5304 2569 5372 ὥσπερ
2601 5304 2694 5357 καὶ
2717 5306 2744 5356 6
2776 5302 3136 5371 ὴγαπημένοξ
3169 5300 3418 5371 μαθητής
3452 5316 3643 5373 φησιν,
3676 5303 3767 5354 ὅτι
3808 5322 3829 5353 ι
3874 5303 3969 5355 Ἕκ

2380 5394 2477 5448 τοῦ
2510 5393 2827 5463 ιΙνεύματος
2853 5391 3020 5446 αὐτοῦ
3055 5392 3253 5445 ἔδωκεν
3288 5393 3439 5461 ἡμῖν,
3471 5390 3568 5445 καὶ
3601 5393 3670 5445 ὲκ
3701 5392 3805 5446 τοῦ
3838 5394 3969 5463 πλη-

2381 5488 2635 5559 ρώματος
2663 5486 2828 5540 αὐτοῦ
2856 5487 3021 5555 ἡμεῖς
3055 5485 3256 5547 πάντες
3300 5484 3589 5554 ἐλάϐομεν.
3629 5503 3650 5537 ε
3690 5486 3969 5557 Κύριλλος

2379 5578 2435 5631 δὲ
2453 5578 2483 5631 6
2508 5578 2678 5647 μέγας
2703 5579 2760 5631 ἐν
2780 5580 2847 5649 τῇ
2870 5576 3139 5648 ἑρμηνείᾳ
3154 5576 3250 5633 τοῦ
3266 5578 3408 5631 κατὰ
3432 5576 3695 5649 Ἰωάννην
3722 5561 3971 5647 εὐαγγε-
