4160 6424
205 293 319 359 illi

868 315 1013 376 PRO
1047 315 1255 381 COXC.
1294 316 1663 382 FLORENI‘.
1712 320 1867 381 CAP.
1911 322 1954 385 l.
1994 325 2088 383 DE
2133 326 2441 388 Sl'IRlTU
2482 329 2792 393 SANCTO.

3318 322 3449 386 1H2

205 413 307 465 λίου
348 416 426 477 είς
457 415 513 467 τὸ
542 417 725 487 ῥητὸν,
756 420 835 483 τδ,
877 441 893 473 ι
928 424 1377 497 Κάγὼέρωτήσω
1409 429 1498 481 τδν
1531 430 1766 497 Πατέρα,

1885 446 1975 497 ego
2013 435 2212 502 rogabo
2254 434 2470 489 Patrem
2498 444 2552 489 et
2596 438 2758 491 alium
2795 436 3124 491 Paracletum
3169 440 3317 494 dabit
3357 459 3449 495 ro-

200 506 279 556 ml
310 507 465 558 ἄλλον
502 510 854 580 Παράκλητον
883 514 1045 568 δώσει
1078 502 1227 586 ὑμῖν,
1272 538 1288 571 ι
1331 519 1473 574 οὕτω
1520 524 1720 590 φάσκει
1750 541 1761 553 ·

205 618 221 648 ι
254 599 366 649 Τῶν
395 601 502 670 γὰρ
551 601 642 655 τοῦ
676 603 811 656 Θεοῦ
858 608 952 659 καὶ
994 609 1203 679 Πατρός
1256 614 1499 679 φυσικῶν
1548 615 1764 680 ἀγαθῶν

197 692 457 754 οὖσιωδῶς
507 694 768 764 ὑπάρχων
811 698 839 750 0
893 698 1018 760 Υἱὸς
1099 702 1375 767 κοινωνὸς.
1416 704 1525 775 ἔχει
1581 706 1675 758 καὶ
1708 705 1769 757 τὸ

201 782 412 846 Πνεῦςια
472 787 612 838 κατά
660 787 850 840 τοῦτον
882 790 975 843 τὸν
1037 793 1260 858 τρόπον,
1316 794 1441 846 καθ’
1483 797 1648 864 ὅνπερ
1703 796 1769 849 ἂν

200 878 359 925 νοοῖτο
416 879 506 927 καὶ
562 880 587 929 0
638 880 850 949 Πατὴρ,
912 884 1012 935 οὐκ
1063 884 1301 937 ἐπακτξν
1365 887 1488 939 οὐδὲ
1549 887 1766 952 ἔξωθεν.

203 967 399 1034 Εὕτιθες
443 970 552 1041 γάρ
608 973 813 1041 μᾶλλον
856 976 911 1028 δὲ
946 978 1174 1045 μανικὸν
1209 980 1268 1031 τὸ
1323 979 1465 1033 οὕτω
1512 984 1767 1050 φρονεῖν·

200 1058 307 1110 ἀλλ’
342 1060 528 1131 ὥσπερ
576 1066 669 1118 καὶ
720 1066 875 1136 ἡμῶν
924 1068 1154 1133 ἕκαστος
1207 1071 1267 1124 τὸ
1317 1071 1447 1125 ἴδιον
1480 1074 1538 1125 ἐν
1588 1072 1770 1141 ἐαυτῷ

201 1153 417 1220 Πνεῦμα
454 1157 687 1225 συνέχει,
736 1161 825 1211 καὶ
860 1162 920 1212 ἐκ
955 1160 1065 1213 τῶν
1099 1162 1399 1216 ἐνδοτάτων
1446 1163 1772 1233 σπλάγχνων

197 1246 273 1305 εἰς
303 1246 359 1296 τὸ
408 1248 512 1312 ἔξω
543 1251 798 1319 προχέει·
831 1252 919 1306 διὰ
956 1254 1064 1323 γὰρ
1115 1257 1272 1308 τοῦτο
1307 1257 1400 1309 καὶ
1442 1257 1773 1326 σωματικῶς
1840 1260 1842 1263 ’

201 1338 328 1388 αύτλ
357 1340 689 1411 ἐνεφύσησεν
719 1347 747 1397 0
775 1346 1034 1415 Χριστὸς,
1075 1347 1287 1411 δεικνὺς
1319 1349 1399 1402 ὅτι
1428 1349 1681 1419 καθάπερ
1711 1352 1775 1403 ἐκ

196 1434 458 1497 στίματος
488 1434 582 1487 τοῦ
606 1436 893 1507 ἀνθρώπου
930 1439 1146 1506 πρόεισι
1174 1441 1233 1493 τὸ
1270 1441 1496 1510 Πνεῦμα
1532 1459 1777 1511 σωματι-
1813 1428 1817 1429 7

194 1526 322 1588 κῶς,
354 1525 495 1580 οὕτω
516 1529 610 1582 καὶ
629 1531 690 1584 ἐκ
714 1534 811 1602 τῆς
838 1532 984 1591 θείας
1004 1534 1191 1597 οὐσίας
1213 1535 1533 1605 θεοπρεπῶς
1560 1535 1775 1602 προχεῖ-

192 1634 285 1670 ται
314 1620 371 1671 τὶ)
404 1620 462 1683 ἐξ
493 1623 715 1692 apt-71;.»
750 1625 1013 1681 Ἐνταῦθα
1036 1628 1128 1680 τὸν
1153 1628 1473 1699 βουλόμενον
1507 1630 1645 1698 μετά
1665 1632 1776 1683 δια-

196 1712 429 1778 κρίσεως
466 1715 592 1767 ἰδεῖν
616 1719 708 1769 καὶ
736 1720 992 1785 συνιέναι,
1018 1720 1166 1774 ἐστιν
1191 1722 1463 1789 ἐννοῆσαι,
1495 1723 1586 1774 καὶ
1613 1722 1774 1785 εὐθὺς

195 1806 303 1856 ἀπὸ
332 1806 427 1859 τοῦ
460 1808 637 1861 κακοῦ
683 1809 787 1879 τῆς
828 1811 1516 1882 διαιρέσεωςάποδρᾶσαι,
1572 1813 1666 1867 καὶ⁷
1699 1817 1764 1885 τῇ
1808 1778 1849 1832 Β

198 1896 400 1966 συνόδῳ
440 1899 801 1971 ὑποταγῆναι.
839 1902 958 1956 Τῶν
990 1902 1100 1974 γὰρ
1126 1903 1216 1957 τοῦ
1259 1905 1393 1959 Θεοῦ
1424 1906 1519 1960 καὶ
1554 1906 1767 1976 Πατρός

197 1989 446 2055 φυσικῶν
465 1992 695 2059 ἀγαθῶν
738 1995 995 2060 κοινωνὸς
1027 1996 1311 2067 ὑπάρχων,
1344 1999 1527 2067 φησὶν,
1557 2000 1585 2053 0
1618 1999 1766 2065 Υἱὸς,

198 2082 300 2133 οὐκ
342 2084 617 2149 ἐπακτῶς,
654 2088 775 2143 ούδέ
833 2088 1056 2153 ἔξωθεν,
1116 2091 1237 2144 οὐδὲ
1295 2092 1767 2162 καταχρηστικῶς,

194 2171 312 2224 ἀλλ’
364 2175 634 2239 ούσιωδῶς
672 2178 784 2248 ἔχει
811 2180 902 2231 καὶ
940 2180 999 2233 τὸ
1028 2181 1271 2251 Πνεῦμα,
1296 2182 1440 2236 κατὰ
1456 2183 1547 2236 τὸν
1569 2183 1771 2253 τρόπον

191 2265 405 2333 τοῦτον,
420 2267 539 2320 καθ’
561 2271 727 2341 ὅνπερ
753 2271 818 2325 ἂν
836 2273 1005 2325 νοοῖτο
1026 2276 1120 2326 καὶ
1143 2274 1172 2327 0
1195 2276 1405 2352 Πατῄρ.
1424 2276 1483 2328 El
1503 2272 1596 2330 οῦν
1614 2292 1772 2341 φυσι-

200 2362 297 2412 κὸν
328 2363 530 2427 ἀγαθόν
554 2367 669 2421 ἐστι
698 2366 789 2418 τοῦ
819 2368 1052 2437 Πατρός,
1076 2369 1136 2421 τὸ
1172 2372 1490 2440 ὲκπορεύειν
1510 2373 1569 2424 τὸ
1605 2370 1772 2424 Πνεῦ-

195 2469 275 2517 μα
299 2451 357 2504 τὸ
379 2454 554 2521 ἆγιον,
585 2459 832 2510 κοινωνεῖ
863 2458 917 2509 δὲ
948 2460 974 2511 0
998 2458 1123 2521 Υἱὸς
1150 2458 1257 2511 τῶν
1284 2460 1532 2525 φυσικῶν
1552 2460 1771 2525 ἀγαθῶν

196 2542 295 2593 τοῦ
334 2543 564 2611 [1ατρὸς,
609 2544 669 2597 οὑ
704 2548 1189 2616 καταχρηστικῶς,
1217 2548 1352 2601 ἀλλά
1381 2549 1650 2616 φυσικῶς,
1680 2551 1771 2602 καὶ

194 2634 493 2701 οὐσιωδῶς,
528 2637 668 2690 κατά
712 2638 803 2690 τὸν
839 2640 1013 2707 μέγαν
1060 2639 1345 2710 Κύριλλον,
1395 2642 1488 2693 καὶ
1518 2643 1579 2694 οὺ
1608 2643 1770 2694 δύνα-⁵

199 2724 296 2777 σθε
340 2727 698 2797 ἀρνήσασθαι,
733 2729 845 2799 ἔχει
870 2731 979 2801 ἀρα
1013 2732 1170 2787 τοῦτο
1209 2735 1304 2786 καὶ
1328 2733 1355 2785 0
1388 2733 1547 2797 Υἱός’
1582 2733 1644 2785 τὸ
1685 2735 1774 2786 ἐκ·

202 2818 458 2885 πορεύειν
489 2820 688 2891 δηλαδὴ
718 2825 779 2876 τὸ
813 2824 1038 2893 Πνεῦμα
1078 2824 1139 2877 τὸ
1174 2825 1351 2894 ἆγιον,
1391 2831 1453 2878 ού
1489 2828 1773 2895 μεταδοτι-

196 2911 334 2973 κῶς,
372 2912 485 2964 ἀλλ’
523 2914 819 2979 οὐσιωδῶς,
868 2918 990 2969 καθ’
1023 2918 1084 2969 ὃν
1133 2918 1333 2987 τρόπον
1382 2918 1477 2971 καὶ
1504 2919 1532 2971 0
1585 2919 1774 2989 Πατὴρ

197 3001 487 3068 ἐκπορεύει
515 3004 646 3055 αὐτὸ
681 3006 978 3069 οὖσιωδῶς.
1013 3008 1208 3061 Σύνετε
1231 3009 1405 3077 τούτῳ
1432 3009 1515 3076 δίς,
1558 3009 1771 3063 σύνετε.

1878 523 1959 578 bis
1998 524 2064 586 ’°,
2104 545 2121 577 ι
2158 526 2234 579 sic
2267 526 2395 580 dicit
2428 543 2441 578 :
2481 546 2497 575 ι
2538 526 2672 581 Cum
2711 527 2882 582 Filius
2925 530 3247 583 naturalium
3283 532 3451 586 bono-

1876 632 1994 668 rum
2034 614 2123 669 Dei
2156 625 2209 669 et
2243 615 2421 670 Patris
2473 617 2840 671 essentialiter
2874 618 2945 671 sit
2974 632 3222 677 consors.
3254 614 3457 673 eodem

1873 708 2038 763 modo
2073 707 2239 761 habet
2290 716 2345 760 et
2385 706 2673 778 Spiritum,
2723 723 2832 774 quo
2882 708 3041 762 Pater
3100 710 3448 777 intelligitur,

1875 816 1979 854 non
2031 798 2418 863 adventitium,
2456 816 2633 870 neque
2667 809 2819 854 extra
2851 802 3117 867 (stultum
3139 802 3287 856 enim
3326 812 3407 856 est
3434 845 3448 862 ,

1874 890 1982 943 imo
2035 889 2325 945 dementiae
2364 890 2582 959 plenum
2632 891 2705 944 ita
2746 891 2999 959 sentire),
3050 892 3141 947 sed
3192 894 3451 961 quemad-

1874 980 2092 1033 modum
2123 987 2375 1033 nostrum
2416 981 2790 1049 unusquisque
2826 980 3045 1050 proprie
3070 980 3123 1034 in
3152 975 3481 1051 semetipso'

1875 1074 2118 1127 centinet
2159 1072 2433 1142 spiritum,
2482 1082 2536 1126 et
2588 1087 2651 1125 ex
2700 1073 3004 1128 visceribus
3048 1072 3255 1127 intimis
3297 1084 3450 1128 extra

1877 1163 2177 1232 profundit.
2216 1164 2427 1219 idcirco
2454 1166 2599 1219 enim
2635 1165 2686 1217 in
2717 1181 2840 1218 cum
2871 1166 3230 1235 corporaliter
3278 1166 3450 1219 insuf-

1876 1258 2026 1311 ﬂavit
2048 1257 2325 1323 Christus,
2354 1267 2674 1325 ostendens,
2708 1259 2853 1326 quod
2893 1259 2970 1312 uti
2997 1275 3063 1312 ex
3095 1258 3332 1313 hominis
3356 1275 3451 1313 ore

1880 1351 2104 1419 spiritus
2130 1352 2491 1421 corporaliter
2523 1352 2791 1421 procedit,
2820 1351 2891 1406 ita
2920 1366 2983 1406 ex
3006 1351 3186 1406 divina
3210 1352 3451 1406 essentia

1879 1443 1963 1509 (ut
2009 1442 2119 1497 Deo
2163 1445 2441 1513 convenit)
2480 1445 2701 1514 proﬂuit
2733 1444 2877 1514 quod
2918 1459 2983 1498 ex
3015 1457 3076 1497 ea
3124 1444 3389 1515 procedit.
3426 1466 3444 1494 ι

1881 1531 1991 1585 lloc
2018 1533 2137 1587 loco
2156 1534 2197 1588 si
2223 1534 2346 1603 quis
2372 1534 2486 1588 vult
2511 1550 2632 1589 cum
2657 1536 2914 1604 mquitate
2934 1536 3116 1590 videre
3140 1546 3193 1589 et
3216 1535 3449 1598 discere,

1884 1624 2187 1695 intelligere
2244 1627 2399 1691 licet,
2432 1629 2728 1695 statimque
2760 1642 2790 1681 a
2824 1628 3135 1682 schismatis
3182 1628 3453 1697 pravitate

1880 1718 2136 1786 defugere
2170 1728 2223 1774 et
2246 1720 2453 1789 synodo
2496 1718 2713 1787 subjici.
2750 1718 2888 1774 Cum
2924 1722 2993 1775 sit
3045 1721 3218 1780 enim.
3252 1720 3450 1787 inquit,

1876 1810 2205 1863 naturalium
2256 1812 2518 1865 honorum
2553 1810 2642 1865 Dei
2690 1821 2757 1866 et-
2777 1810 2954 1864 Patris
2988 1826 3213 1867 consors
3256 1810 3449 1873 Filius.

1873 1915 1983 1955 non
2019 1902 2321 1957 adventitie
2351 1918 2526 1971 neque
2552 1913 2728 1968 extra,
2763 1917 2938 1972 neque
2965 1903 3255 1970 improtuie
3288 1903 3451 1955 habet

1872 1992 2035 2046 etiam
2075 1992 2362 2062 Spiritum,
2401 1994 2493 2049 sed
2521 1994 2887 2049 essentialiter
2921 1995 3114 2049 eodem
3151 1997 3313 2050 modo
3339 2012 3450 2061 quo

1872 2087 2199 2157 intelligitur
2227 2097 2282 2143 et
2316 2088 2497 2144 Pater.
2534 2089 2589 2144 Si
2623 2089 2783 2159 igitur
2817 2091 3066 2144 naturale
3103 2090 3303 2144 bonum
3352 2089 3451 2142 Pa-

1876 2183 1975 2237 tris
2006 2193 2109 2249 est,
2150 2182 2415 2252 Spiritum
2462 2193 2710 2237 sanctum
2758 2183 3011 2237 emittere
3041 2200 3053 2237 :
3084 2183 3452 2237 communicat

1874 2293 2004 2332 vero
2035 2277 2203 2333 Filius
2230 2279 2575 2334 naturalibus
2600 2278 2775 2333 Patris
2798 2279 2958 2333 bonis
2988 2294 3097 2332 non
3130 2280 3473 2370 improprie,r

1875 2373 1970 2424 sed
2000 2370 2317 2423 naturaliter
2346 2380 2402 2424 et
2431 2371 2799 2425 essentialiter
2820 2410 2832 2433 ,
2862 2371 3162 2425 secundum
3199 2386 3453 2439 magnum

1874 2460 2129 2530 Cyrillum
2160 2460 2284 2528 (nec
2316 2460 2543 2530 potestis
2573 2462 2815 2530 negare),
2841 2477 2970 2531 ergo
3002 2461 3052 2515 id
3096 2461 3257 2514 habet
3286 2461 3450 2514 etiam

1876 2552 2068 2615 Filius,
2140 2551 2391 2605 videlicet
2437 2550 2695 2620 Spiritum
2747 2562 2993 2606 sanctum
3046 2551 3315 2612 emittere,
3348 2566 3453 2603 non

1878 2644 2319 2713 participatione,
2349 2645 2441 2697 sed
2475 2643 2856 2707 cssentialiter,
2887 2659 2951 2697 eo
2975 2642 3131 2695 modo
3152 2658 3260 2711 quo
3293 2642 3452 2695 Patcr

1879 2736 2053 2802 ipsum
2086 2735 2449 2790 essentialiter
2476 2735 2695 2789 emittit.
2721 2734 3000 2788 Attendite
3029 2734 3175 2796 huic,
3206 2734 3455 2802 inquam,

1879 2827 2163 2881 attendite.
2206 2826 2442 2897 Symeon
2482 2825 2880 2895 Metaphrastes
2923 2825 2977 2878 in
3014 2825 3184 2878 sancti
3219 2823 3458 2894 Dionysii

1880 2919 2219 2989 Areopagitae
2269 2917 2405 2973 Vitae
2456 2932 2731 2982 sermone,
2795 2916 2953 2971 tertia
3015 2914 3288 2981 Octobris,
3346 2917 3463 2971 haec

1881 3012 2070 3066 scribit
2100 3028 2113 3063 :
2155 3031 2173 3062 ι
2210 3010 2341 3076 Quae
2378 3009 2675 3079 corporalis
2701 3009 2919 3078 quidem
2957 3009 3255 3075 prresentize
3296 3019 3457 3069 sunt,

204 3089 274 3145 Ὀ
317 3091 376 3144 δὲ
420 3094 643 3161 Συμεὼν
684 3097 1163 3168 ὁΜεταφραστὴς,
1197 3102 1253 3152 ἐν
1298 3099 1376 3169 τῷ
1406 3101 1482 3162 εἰς
1540 3101 1630 3151 τὸν
1661 3100 1775 3168 βίον

1887 3106 2048 3158 tinem
2103 3102 2413 3172 accipiunt;
2448 3116 2569 3170 quas
2606 3116 2731 3154 vero
2766 3100 3020 3168 spiritus,
3059 3099 3329 3164 incipiunt
3358 3116 3373 3164 ;
3407 3108 3462 3153 et

192 3186 293 3237 τοῦ
324 3186 478 3253 ἁγίου
501 3188 782 3242 Διονυσίου
806 3191 899 3242 τοῦ
930 3193 1319 3260 Ἀρεοπαγίτου
1343 3192 1507 3262 λόγῳ,
1532 3196 1598 3263 τῇ
1620 3193 1779 3263 τρίτῃ

194 3278 297 3331 τοῦ
344 3279 677 3351 Ὀκτωὸρίου
706 3287 1103 3354 γεγραμμένῳ,
1130 3285 1305 3339 τοιάδε
1338 3286 1535 3352 φάσκει
1565 3302 1578 3315 ·
1614 3304 1631 3336 ι
1672 3287 1781 3339 Πὲι

200 3388 304 3439 ρας
346 3372 414 3423 τά
442 3372 542 3439 τῆς
575 3375 895 3445 σωματικῆς
920 3378 1184 3445 ἐνδημίας
1211 3377 1428 3444 δέχεται
1453 3395 1467 3410 ο
1506 3378 1575 3430 τὰ
1603 3378 1660 3431 δὲ
1683 3377 1776 3429 τοῦ

198 3462 524 3530 Πνεύματος
555 3466 816 3535 ἄρχεταιο
849 3469 946 3521 καὶ
990 3470 1067 3531 είς
1103 3470 1367 3537 οὐρανοὺς
1404 3472 1432 3522 0
1478 3470 1611 3539 ἐμὸς
1642 3471 1778 3538 Χρι-

196 3558 328 3618 στὸς
366 3560 734 3629 ἀναφέρεταν
767 3566 862 3617 καὶ
894 3563 1030 3629 πρὸς
1070 3564 1164 3616 τὸν
1216 3564 1486 3634 πατρικὸν
1529 3564 1780 3617 ἐπάνεισι
1820 3566 2008 3634 θρόνον
2035 3580 2047 3593 ·
2085 3566 2179 3616 καὶ
2224 3562 2284 3615 τὸ
2321 3563 2758 3632 ἐκπορευόμενον
2803 3559 2969 3615 αὑτοῦ
3045 3559 3285 3629 Πνεῦμα,

1888 3199 1938 3251 in
1993 3198 2189 3252 caelum
2238 3195 2491 3251 Christus
2540 3208 2693 3247 meus
2735 3193 2976 3256 etlertur,
3011 3207 3074 3245 ac
3126 3194 3177 3244 in
3226 3191 3455 3258 patriam

1890 3286 2181 3340 revertitur
2213 3285 2395 3339 sedcm
2432 3327 2447 3350 ,
2478 3292 2531 3337 et
2562 3285 2948 3352 procedentem
2982 3282 3049 3335 ab
3089 3295 3157 3334 eo
3198 3278 3459 3348 Spiritum

1882 3378 2163 3446 discipulis
2193 3378 2308 3432 suis
2339 3376 2503 3430 mittit
2524 3374 2589 3428 ad
2617 3373 2913 3428 inﬁdelium
2947 3373 3191 3441 gentium
3224 3385 3454 3425 conver-

1882 3472 2117 3525 sionem.
2159 3487 2177 3519 ι

3372 3559 3467 3614 ἐπὶ

194 3656 303 3723 τὴν
338 3655 444 3708 τῶν
476 3656 718 3712 ἀπίστων
753 3660 925 3715 ἐθνῶν
955 3663 1312 3731 καταπέμπει
1361 3665 1475 3724 τοῖς
1513 3663 1781 3731 μαθηταῖς
1821 3662 2064 3733 ὁδηγίανο
2102 3680 2122 3713 ³

960 3756 1037 3808 E'.

278 3843 591 3906 ’Πκουσας,
637 3846 728 3898 καὶ
763 3845 824 3901 τό
873 3848 1313 3919 ἐκπορευόμενον
1358 3850 1522 3903 αὐτοῦ
1561 3850 1789 3919 Πνεῦμα

194 3952 364 4003 φησι,
395 3935 555 3989 τοῦτο
600 3936 658 3990 δέ
716 3939 859 4004 ἐστι,
890 3939 951 3992 τὸ
993 3940 1053 4003 ἐξ
1103 3940 1269 3993 αὐτοῦ
1321 3942 1783 4011 ἐκπορευόμενον.

220 4026 363 4081 Ἀλλ’
396 4029 458 4081 οὐ
493 4034 694 4093 κεῖται,
724 4034 880 4099 φασὶ,
914 4032 1092 4103 ῥητῶς
1122 4035 1172 4085 0l
1205 4036 1304 4101 τῆς
1333 4035 1595 4104 ἀληθείας
1627 4038 1786 4090 πολέ-

200 4138 345 4189 μιοι,
381 4123 815 4192 ἐκπορευόμενον
845 4126 910 4178 ἐκ
938 4126 1032 4178 τοῦ
1064 4126 1198 4179 Υίοῦ
1223 4144 1237 4157 ο
1264 4129 1313 4180 εί
1340 4128 1397 4180 δὲ
1437 4129 1529 4181 καὶ
1562 4128 1789 4199 εὕρηταί

195 4230 336 4274 που.
374 4218 572 4269 νοεῖται
610 4216 673 4269 ἐκ
715 4216 809 4269 τοῦ
844 4218 1057 4287 Πατρδς
1099 4221 1557 4289 ἐκπορευόμενον,
1594 4225 1657 4274 ἐκ
1692 4221 1786 4274 τοῦ

2659 3753 2722 3807 ν.

1959 3848 2147 3914 Audis,
2174 3858 2228 3902 et
2259 3846 2646 3917 procedentem
2675 3845 2795 3913 ejus
2822 3842 3085 3911 Spiritum
3118 3841 3271 3904 dicit,
3307 3839 3355 3893 id
3382 3848 3467 3892 est

1888 3943 1981 4010 qui
2018 3958 2080 3995 ex
2103 3957 2169 3996 eo
2199 3941 2464 4010 procedit.
2492 3942 2562 3994 A‘t
2591 3955 2698 3993 non
2732 3938 2950 4007 ponitur
2980 3937 3225 4004 pracise,
3277 3934 3469 3987 dicunt

1892 4037 2076 4090 hostes
2113 4034 2377 4097 veritatis,
2429 4033 2814 4102 procedentem
2860 4046 2923 4083 ex
2961 4027 3134 4093 Filio;
3170 4027 3263 4080 sed
3297 4028 3341 4079 si
3369 4024 3469 4077 ali-

1894 4127 2017 4181 cubi
2051 4126 2343 4194 reperitur,
2376 4141 2439 4178 ex
2471 4124 2630 4177 Patre
2681 4120 2983 4191 procedere
3028 4116 3368 4184 intelligitur,
3400 4129 3465 4165 ex

1899 4218 2037 4272 Filio
2069 4232 2197 4271 vero
2236 4231 2579 4285 nequaquam
2616 4229 2629 4266 :
2664 4214 2851 4268 datum
2889 4220 3070 4265 autem
3133 4218 3187 4261 et
3242 4209 3466 4259 missum

195 4305 342 4359 nos
374 4306 429 4358 δὲ
488 4308 742 4375 οὐδαμῶς
775 4280 1639 4381 ικπορέυόμενονίδιδὲμενονδε
1700 4314 1783 4366 καΊ

1901 4325 1997 4380 per
2026 4310 2241 4373 Filium,
2278 4308 2478 4377 quippe
2509 4322 2632 4361 cum
2691 4304 2829 4358 mitti
2884 4317 2993 4355 non
3026 4302 3246 4354 denotet
3283 4311 3471 4367 proce-

202 4398 573 4467 πεμπόμενον
596 4399 682 4452 διὰ
710 4399 803 4453 τοῦ
835 4401 968 4453 Υίοῦ
991 4419 1004 4432 ·
1039 4403 1124 4455 ὃτι
1154 4405 1216 4455 τὸ
1251 4403 1591 4472 πέμπεσθαι,
1624 4406 1685 4458 οὑ
1709 4406 1791 4458 δί-

202 4491 347 4541 δωσι
378 4490 520 4542 νοεῖν
558 4492 708 4560 ἡμᾶς
745 4490 806 4542 τὸ
836 4492 1266 4563 ἐκπορεύεσθαι.
1308 4496 1416 4549 Καὶ
1453 4496 1637 4549 λοιπὸν
1664 4498 1793 4549 ὅταν

197 4578 502 4646 ἀκούωμεν
532 4581 590 4631 τὸ
642 4578 865 4648 Πνεῦμα
915 4582 975 4635 τὸ
1023 4583 1179 4650 ἅγιον
1228 4584 1545 4652 πέμπεσθαι
1594 4586 1658 4638 ἐκ
1690 4584 1789 4638 τοῦ

203 4672 451 4739 Πατρός,
481 4672 543 4724 οὐ
575 4673 863 4743 νοήσωμεν
890 4675 1287 4744 ἐκπορεύεσθαι
1317 4678 1379 4728 ἐκ
1407 4675 1502 4729 τοῦ
1537 4676 1750 4746 Πατρός
1775 4691 1789 4705 ⁸

200 4764 233 4813 ὁ
270 4760 327 4814 δὲ
390 4764 768 4831 Ιῖαράκλητος,
826 4766 992 4836 φησὶν
1031 4769 1059 4819 0
1113 4766 1368 4835 Χριστὸς,
1402 4767 1462 4821 δν
1505 4768 1710 4837 πέμψει
1767 4770 1796 4820 0

205 4854 409 4922 Πατὴρ
440 4856 498 4906 ἐν
526 4855 602 4923 τῷ
631 4856 856 4925 ὀνόματί
882 4875 1008 4927 μου,
1040 4859 1098 4911 οὐ
1127 4859 1370 4929 δώσομεν
1397 4860 1795 4930 ἐκπορεύεσθαι

200 4945 282 4995 ἐκ
313 4943 407 4995 τοῦ
465 4944 720 5014 Πατρός;
772 4947 868 4998 καὶ
906 4948 1074 5015 μάλα.
1119 4945 1258 5001 Ἀλλ’
1312 4947 1499 5017 ἐπειδὴ
1548 4963 1682 5013 φατε
1713 4946 1795 4998 ὅτι

206 5035 320 5102 οὐχ
351 5034 666 5103 εὑρίσκεται
726 5038 1164 5107 ἐκπορευόμενον
1215 5041 1307 5092 καὶ
1339 5039 1401 5089 ἐκ
1450 5038 1543 5091 τοῦ
1584 5036 1706 5089 Υἱοῦ
1739 5039 1797 5090 ἐν

205 5127 288 5196 τῇ
347 5125 469 5195 θείᾳ
529 5126 741 5196 Γραφῇ,
806 5128 1111 5197 βουλόμεθα
1166 5130 1263 5182 νῦν
1307 5128 1581 5194 ἀποδεῖξαι
1639 5128 1799 5181 τοῦτο

211 5220 424 5287 ῥητῶς.
478 5220 538 5271 '0
582 5222 759 5289 μέγας
798 5222 1149 5285 Ἀναστάσιος
1206 5223 1551 5292 πατριάρχης
1594 5218 1800 5276 Ἀντιο-

209 5312 398 5381 χείας,
428 5310 487 5374 ὃς
517 5312 829 5381 εὑρίσκεται
876 5316 972 5367 καὶ
1002 5313 1159 5380 ἁγίου
1192 5314 1352 5382 ὅρους
1383 5313 1515 5365 Σινᾶ
1562 5313 1798 5380 λεγόμες

213 5417 335 5462 νος.
368 5396 522 5463 οὗτός
550 5404 666 5456 ἐστι
698 5404 827 5474 περὶ
865 5399 926 5459 06
958 5406 989 5475 ἡ
1024 5405 1152 5472 ἀγία
1200 5404 1333 5474 ἕκτη
1365 5403 1581 5464 σύνοδος
1624 5403 1796 5470 λέγει·

228 5494 643 5563 Ἀποδεχόμεθα
675 5496 765 5547 τὸν
794 5496 947 5565 ἅγιον
983 5496 1338 5551 Ἀναστάσιον
1361 5512 1376 5529 ·
1406 5497 1500 5549 καὶ
1526 5494 1801 5563 Θεόδωρος

216 5584 522 5653 Μελιτινῆς
557 5587 830 5658 ἀπεκρίθη
851 5604 866 5618 ·
894 5590 1084 5657 Ἀγιον
1111 5588 1378 5642 ἀποκαλεῖ
1405 5588 1555 5643 πᾶσα
1579 5589 1612 5656 ὴ
1642 5587 1799 5641 Ἀνα-

311 5768 354 5795 "
386 5766 543 5820 .Ioan.
576 5781 686 5834 xw,
722 5766 807 5821 l6.

1896 4403 2059 4465 dere;
2102 4416 2164 4455 ac
2193 4401 2261 4453 de
2288 4408 2486 4453 caetero
2551 4397 2768 4465 quando
2822 4392 3156 4447 audierimus
3201 4390 3467 4458 Spiritum

1896 4502 2138 4547 sanctum
2173 4507 2241 4545 ex
2270 4489 2431 4543 Patre
2465 4487 2628 4549 mitti,
2661 4500 2768 4539 non
2818 4484 3185 4548 intelligamus
3211 4496 3273 4533 ex
3310 4478 3469 4531 Patre

1897 4585 2214 4656 procedere.
2267 4600 2285 4632 ι
2343 4579 2674 4642 Paracletus,
2737 4575 2919 4644 inquit
2972 4572 3245 4634 Christus,
3309 4585 3467 4635 quem

1898 4676 2076 4728 mittet
2105 4674 2267 4727 Pater
2300 4672 2356 4725 in
2385 4671 2612 4723 nomine
2652 4682 2795 4733 meo,
2838 4685 2855 4716 ι
2898 4680 3078 4717 nonne
3109 4661 3469 4715 concedemus

1899 4780 2023 4819 eum
2064 4780 2131 4819 cx
2155 4763 2317 4817 Patre
2342 4759 2678 4831 procedere?
2705 4757 2959 4811 Maxime.
2996 4754 3100 4807 Sed
3130 4752 3257 4820 quia
3287 4749 3470 4802 dicitis

1898 4859 1954 4910 in
2004 4856 2184 4910 divina
2233 4853 2511 4921 Scriptura
2548 4866 2656 4904 non
2691 4846 2943 4917 reperiri,
2976 4855 3030 4900 et
3080 4860 3146 4898 ex
3178 4841 3313 4895 Filio
3344 4856 3469 4894 eum

1899 4946 2216 5016 procedere,
2265 4942 2520 4996 volumus
2571 4940 2623 4993 id
2669 4952 2814 4991 nunc
2845 4950 3101 5004 expresse
3155 4933 3467 4986 ostendere.

1900 5036 2124 5107 Magnus
2149 5033 2487 5091 Anastasius.
2520 5029 2823 5083 Antiochia:
2850 5025 3161 5096 patriarcha
3183 5067 3196 5089 ,
3233 5024 3322 5091 qui
3362 5032 3415 5074 et
3442 5036 3473 5073 a

1902 5137 2091 5183 sancto
2119 5136 2303 5181 monte
2336 5123 2485 5179 Sinai
2517 5122 2818 5191 appellatur
2852 5119 2919 5189 (is
2945 5127 3028 5173 est
3053 5119 3123 5170 de
3150 5130 3259 5181 quo
3282 5122 3473 5167 sancta

1905 5226 2058 5271 sexta
2092 5214 2552 5287 synodusscribit
2583 5226 2599 5265 :
2661 5210 2978 5280 Recipimus
3047 5218 3293 5263 sanctum
3328 5210 3474 5259 Ana-

1904 5307 2131 5365 stasium
2166 5327 2180 5362 :
2211 5318 2266 5360 et
2312 5290 2631 5361 Theodorus
2667 5303 2941 5359 Melitines
2976 5302 3298 5371 respondit:
3330 5300 3471 5353 San-

1902 5408 2048 5454 ctum
2095 5408 2253 5452 vocat
2300 5405 2448 5451 totus
2491 5397 2687 5452 Oriens
2740 5396 2889 5450 hunc
2941 5405 3142 5450 sancta:
3196 5393 3475 5446 memoria:

1904 5489 2269 5551 Anastasium,
2300 5487 2392 5556 qui
2433 5486 2536 5541 fuit
2560 5488 2852 5557 episcopus
2889 5485 3194 5540 Antiochiae
3236 5505 3249 5539 :
3294 5492 3349 5538 et
3377 5482 3473 5551 qui

1906 5596 2028 5637 eum
2068 5595 2175 5635 non
2208 5579 2423 5648 recipit,
2455 5578 2596 5635 Deus
2631 5577 3114 5634 auatbematizabit
3151 5594 3163 5630 :
3198 5584 3255 5630 et
3282 5588 3475 5630 omnes
