4160 6424
737 342 869 407 ΗΠ

1879 352 2198 413 JOSEPHI
2244 353 2395 412 ΜΕΤ
2406 353 2789 415 HONENSIS

3856 356 4007 420 1H3

733 462 786 503 ‹-ι
817 466 938 506 esse
978 451 1246 521 signiﬁcat
1278 452 1424 509 illius
1465 452 1531 509 de
1560 470 1673 524 quo
1702 455 1899 512 dicitur
1924 458 2068 528 quod
2104 460 2233 515 est?
2282 478 2300 511 ι

2416 468 2471 519 τὸ
2499 469 2631 537 παρ’
2657 468 2987 538 ἀμφοτέρων
3008 486 3022 500 ο
3057 467 3093 523 ἃ
3132 466 3295 539 μόνον
3328 464 3511 521 πίστει
3546 466 3814 537 νοούμενα
3848 472 4009 538 παρὰ

738 543 879 595 llmn
931 543 1260 612 Epiphanius
1312 546 1365 598 in
1417 546 1607 601 eodem
1645 547 1763 608 loco
1803 550 1883 605 sic
1937 553 2057 605 ait:
2094 570 2112 602 ι
2158 552 2300 624 Ergo

734 633 889 687 Pater
924 649 1142 705 semper
1174 635 1275 690 fuit
1305 648 1357 690 et
1384 637 1556 693 Filius
1591 656 1805 711 semper
1835 640 1955 707 fuit,
1987 654 2041 698 et
2069 643 2299 714 Spiritus

735 735 793 772 ex
833 719 990 777 Patre
1030 734 1092 783 .ct
1139 723 1274 779 Filio
1313 728 1487 795 spirat
1524 727 1622 799 (l).
1655 728 1795 795 Quin
1849 732 2014 786 etiam
2063 734 2299 803 Spiritus

734 824 956 869 sanctus
987 831 1094 869 non
1121 816 1411 882 conl‘rater,
1441 823 1534 875 sed
1557 837 1623 876 ex
1645 823 1834 877 eadem
1861 824 2165 879 substantia
2198 825 2298 879 Pa-

740 904 840 956 tris
874 913 927 958 et
959 906 1117 971 Filii;
1147 923 1271 961 nam
1303 910 1419 978 ipse
1460 909 1783 979 Unigenitus
1819 913 1974 978 dicit,
2016 933 2033 966 ι
2066 914 2300 984 Spiritus

736 992 908 1052 Patris
928 1014 977 1065 ;»
998 1008 1072 1067 et,
1106 1019 1124 1052 ι
1153 1001 1254 1067 Qui
1279 1017 1345 1058 ex
1374 1003 1531 1059 Patre
1549 1006 1818 1075 procedit,
1860 1026 1879 1060 ι
1908 1017 1984 1067 et.
2014 1026 2032 1061 ι
2075 1008 2151 1063 De
2180 1023 2300 1063 meo

737 1090 996 1156 accipiet,
1030 1109 1049 1142 ι
1083 1107 1149 1147 ne
1176 1094 1447 1149 diversum
1476 1112 1505 1150 a
1539 1096 1700 1153 Patre
1726 1108 2031 1169 putaretur,
2066 1116 2245 1170 neque
2269 1117 2296 1156 a

736 1175 892 1229 Filio.
940 1196 957 1228 ι
998 1179 1187 1243 Audis,
1221 1198 1287 1235 nt-
1314 1195 1599 1239 externum
1636 1198 1690 1241 et
1721 1189 2016 1255 diversum,
2048 1192 2240 1260 inquit.
2270 1208 2297 1245 ιι

734 1266 893 1320 Patre
925 1279 1227 1336 putaretur,
1261 1288 1435 1343 neque
1466 1292 1494 1329 a
1531 1277 1687 1340 Filio,
1715 1278 1919 1333 idcirco
1952 1295 2016 1333 ex
2055 1281 2217 1337 Patre
2247 1293 2300 1336 et

734 1358 873 1412 Filio
902 1363 1193 1428 procedere
1239 1365 1460 1420 dicitur.
1500 1368 1563 1420 Et
1602 1370 1980 1426 sanctissimus
2036 1372 2301 1428 Maximus

736 1453 824 1504 tthi
873 1454 1267 1523 interpretatur
1313 1461 1440 1527 quid
1490 1460 1736 1531 designat
1787 1464 1932 1533 apud
1979 1467 2297 1534 prophetam

736 1544 1052 1599 Zachariam
1079 1563 1300 1601 aureum
1331 1549 1741 1621 candelabrum,
1766 1564 1819 1609 et
1846 1558 2051 1625 lampas
2080 1558 2220 1627 ejus,
2244 1571 2300 1612 et

738 1636 1000 1699 lucernm,
1022 1639 1091 1692 ita
1118 1640 1331 1693 scribit:
1373 1660 1391 1692 ι
1420 1641 1656 1713 Spiritus
1686 1655 1909 1703 sanctus
1938 1649 2300 1718 quemadmo-

736 1728 865 1779 dum
898 1739 1088 1783 natura
1131 1734 1429 1788 secundum
1478 1738 1768 1792 essentiam
1802 1748 1906 1805 est,
1932 1740 2009 1793 sic
2041 1756 2109 1794 ex.
2145 1743 2301 1797 Patre

734 1836 831 1889 per
875 1821 1073 1875 Filium
1105 1826 1472 1882 essentialiter
1509 1830 1752 1899 genitum
1790 1832 2143 1887 ineﬂabiliter
2174 1850 2303 1903 pro-
2341 1809 2380 1868 θ

735 1913 896 1966 redit.
930 1933 948 1964 ι
989 1914 1180 1980 Audis,
1211 1926 1266 1972 et
1296 1920 1383 1973 hic
1412 1934 1473 1973 ex
1509 1919 1669 1978 Patre
1702 1939 1799 1992 per
1830 1925 2023 1978 Filium
2057 1925 2185 1979 dit-it
2217 1941 2305 1980 es-

735 2006 1035 2062 sentialiter
1054 2017 1107 2063 et
1127 2008 1471 2066 ineﬂabiliter
1488 2014 1822 2083 procedere?
1842 2014 1955 2072 Hoc
1978 2016 2118 2071 idem
2141 2026 2221 2072 est
2243 2033 2306 2073 ac

733 2098 777 2151 si
811 2099 1041 2163 diceret,
1071 2101 1435 2159 essentialiter
1459 2120 1525 2159 ex
1558 2105 1720 2162 Patre
1748 2118 1801 2163 et
1826 2105 1961 2163 Filio
1987 2110 2303 2179 procedere,

732 2186 931 2257 quippe
968 2203 1091 2243 cum
1133 2190 1300 2246 dictio
1346 2210 1437 2262 per
1463 2194 1603 2249 idem
1637 2198 1905 2269 signiﬁcet
1937 2201 2082 2269 quad
2121 2216 2207 2261 ex.
2250 2212 2307 2255 ut

733 2281 1096 2338 ostendimus.
1138 2283 1281 2339 Idem
1336 2286 1388 2339 in
1436 2288 1667 2357 epistola
1712 2290 1782 2344 ad
1826 2290 2093 2346 Marinum
2141 2292 2305 2365 Cypri

735 2376 1130 2446 presbyterum,
1163 2380 1319 2448 cujus
1356 2380 1689 2452 principium
1723 2400 1736 2437 :
1769 2402 1787 2435 ι
1829 2384 2019 2440 Divina
2047 2386 2165 2457 lege
2206 2402 2294 2442 se-

734 2467 972 2522 cundum
1007 2469 1175 2524 Deum
1225 2472 1611 2542 locupletatus,
1645 2487 1798 2547 pater
1832 2481 2161 2544 venerande,
2209 2481 2308 2535 hu-

735 2575 947 2615 manatn
993 2562 1164 2633 legem
1200 2566 1530 2637 neglexisti,
1568 2587 1586 2621 ι
1628 2570 1741 2625 haec
1786 2572 2006 2641 inquit:
2049 2591 2066 2624 ι
2104 2571 2180 2628 Ex
2221 2590 2309 2645 sy-

737 2653 1029 2711 nodalibus
1064 2659 1199 2712 actis
1228 2661 1559 2716 sanctissimi
1593 2677 1743 2733 papae
1773 2665 1965 2732 nostri,
2008 2681 2114 2722 non
2147 2667 2199 2720 in
2232 2676 2309 2721 tot

734 2760 865 2815 quot
899 2750 1196 2817 scripsistis
1221 2752 1490 2821 capitibus
1525 2755 1683 2824 regire
1707 2756 1861 2811 urbis
1887 2759 2137 2814 homines
2166 2774 2311 2815 com-

739 2843 1194 2911 prehenderunt,
1227 2846 1320 2901 sed
1357 2846 1814 2919 duobus‘tantum
1844 2891 1857 2913 ,
1894 2866 2129 2919 quorum
2173 2853 2309 2908 alte-

736 2950 852 2985 rum
884 2946 959 2988 est
995 2936 1060 2989 (le
1087 2936 1376 3009 theologia,
1412 2940 1538 3009 quia
1577 2940 1715 2995 dicit
1746 2944 1909 2997 etiam
1938 2958 2003 2999 ex
2031 2944 2168 3001 Filio
2191 2944 2311 3016 Spi-

735 3038 898 3080 l‘llllln
934 3039 1182 3082 sanctum
1210 3031 1529 3099 procedere;
1562 3034 1792 3089 alterum
1824 3037 1891 3092 de
1918 3037 2100 3091 divina
2130 3038 2309 3092 incar-

2406 558 2515 612 τῶν
2554 559 2747 627 ἁγίων,
2783 559 3023 627 φωτεινὰ
3058 558 3357 628 φωτοδότα,
3392 557 3796 628 φωτεινὴντὴν
3842 560 4011 629 ἐνέρ-

2406 666 2562 716 γειαν
2586 650 2719 719 ἔχει.
2744 649 2854 704 Καὶ
2877 645 3031 713 αὖθις
3064 651 3122 702 ἐν
3146 648 3224 719 τῷ
3250 648 3401 717 αὐτῷ
3428 663 3442 679 ο
3474 667 3493 699 ι
3540 647 3764 716 Πνεῦμα
3804 648 4001 715 ἅγιον,

2408 742 2633 810 Πνεῦμα
2665 742 2921 812 ἀληθείας
2966 739 3126 794 ἐστί’
3158 741 3277 810 φῶς
3323 738 3523 809 τρίτον,
3569 741 3720 808 παρὰ
3770 739 4007 808 Πατρδς

2409 834 2504 887 καὶ
2539 835 2669 887 Υίοῦ
2694 834 2865 888 ἐστιν.
2910 829 3007 886 »Ἃ
3023 833 3072 900 ρ’
3098 833 3329 900 ἐνόησας
3367 832 3427 885 rb
3464 833 3594 900 παρ’
3616 833 3956 901 ἀμφοτέρων
3984 850 4001 894 ;

2404 923 2488 986 rb,
2539 925 2761 993 Πνεῦμα
2801 922 3060 993 ἀληθείας
3106 922 3221 976 ἐστὶ
3257 921 3408 991 παρὰ
3443 922 3655 991 Πατρδς
3704 925 3797 975 καὶ
3837 923 4001 986 Υἱοῦ,

2406 1015 2467 1067 τί
2486 1015 2672 1084 δηλοῖς
2709 1015 3033 1085 Ἐπίστησον
3064 1014 3311 1085 ἀκριϐῶς
3338 1017 3434 1067 καὶ
3464 1013 3725 1081 ἐννόησον
3748 1030 3761 1044 ·
3785 1014 3855 1067 ού
3888 1015 4005 1082 γάρ

2409 1121 2464 1157 τι
2492 1104 2602 1158 τῶν
2634 1105 2756 1173 εἰκῇ
2788 1104 2884 1158 καὶ
2917 1105 3148 1175 ῥεόντων
3178 1104 3237 1157 ἐν
3263 1103 3475 1165 τούτοις
3504 1120 3568 1171 γε
3600 1103 4003 1173 πραγςιατεύεο

2410 1214 2522 1258 ται,
2546 1194 2661 1249 ἀλλ’
2688 1195 2722 1265 ἡ
2748 1195 2920 1265 ψυχή.
2950 1196 3057 1248 Τοῦ
3088 1194 3254 1248 αὐτοῦ
3303 1194 3624 1263 Ἐπιφανίου
3654 1196 3712 1245 ἐν
3735 1194 3815 1261 τῷ
3846 1194 4002 1260 αὐτῷ

2405 1283 2550 1354 λόγῳ
2582 1301 2639 1337 τε
2674 1286 2770 1339 καὶ
2804 1284 2993 1355 βιϐλίῳ
3019 1302 3033 1316 ’
3073 1304 3091 1337 ι
3132 1286 3228 1339 ’ον
3262 1285 3370 1353 γὰρ
3399 1285 3602 1355 τρόπον
3640 1284 3819 1347 οὖδεὶς
3856 1284 4003 1351 ἔγνω

2407 1376 2497 1427 τὸν
2549 1376 2769 1445 Πατέρα
2811 1377 2859 1429 εί
2894 1377 2967 1445 μὴ
3004 1378 3032 1428 ό
3064 1376 3211 1439 Υἱὸς,
3254 1376 3376 1430 ούδέ
3408 1377 3499 1427 τὸν
3555 1376 3709 1438 Υίδν,
3757 1379 3804 1427 εί
3857 1376 3937 1444 μὴ
3976 1378 4002 1428 ὁ

2408 1466 2621 1536 Πατὴρ.
2656 1465 2801 1520 οὕτω
2835 1465 3018 1536 τολμῶ
3069 1467 3273 1534 λέγειν,
3309 1467 3537 1519 ὅτιούδέ
3569 1468 3632 1518 rb
3670 1468 3924 1536 Πνεῦμα,
3956 1471 3999 1519 sl

2414 1557 2488 1628 μὴ
2518 1560 2546 1611 ό
2588 1557 2780 1629 Πατὴρ
2810 1558 2905 1611 καὶ
2935 1560 2963 1611 ό
2995 1558 3142 1621 Υἱὸς,
3182 1558 3315 1629 παρ’
3359 1552 3420 1611 οῦ
3469 1560 3863 1629 ἐκπορεύεται,
3906 1564 4000 1613 καὶ

2411 1645 2540 1716 παρ’
2570 1637 2632 1699 οὗ
2683 1647 2953 1715 λαμϐάνει
2980 1663 2995 1678 ο
3035 1648 3132 1701 καὶ
3170 1648 3290 1699 οὐδὲ
3318 1648 3411 1701 τὸν
3445 1648 3592 1711 Υἱδν,
3638 1651 3732 1701 καὶ
3759 1650 3857 1701 τὸν
3888 1651 4000 1701 Πα-

2410 1740 2563 1807 τέρα,
2593 1741 2641 1790 εί
2688 1736 2765 1809 μὴ
2792 1738 2855 1791 τὸ
2888 1738 3121 1810 Πνεῦμα
3156 1740 3220 1793 rb
3268 1741 3447 1809 ἅγιον,
3507 1742 3568 1794 τὸ
3610 1742 3836 1807 δοξάζον
3872 1743 4001 1808 ἁλιε-

2412 1828 2545 1892 θῶς,
2584 1829 2646 1882 rb
2695 1828 2948 1884 διδάσκον
2997 1831 3198 1897 πάντα,
3231 1832 3260 1885 ὃ
3300 1832 3452 1901 παρὰ
3503 1832 3597 1885 τοῦ
3636 1833 3852 1902 Πατρδς
3906 1834 3997 1885 καὶ

2407 1919 2503 1975 τοῦ
2538 1919 2671 1976 Υίοῦ
2723 1924 2864 1988 ἐστι.
2895 1924 2989 1977 καὶ
3026 1924 3154 1994 παρ’
3182 1916 3244 1977 οῦ
3287 1925 3667 1992 ἐκπορεύεται,
3711 1925 3811 1978 καὶ
3868 1927 3998 1993 παρ’

2407 2010 2468 2068 οἶ)
2493 2013 2763 2084 λαμϐάνει
2798 2035 2816 2069 ι
2853 2016 2928 2070 Τὸ
2942 2016 2998 2070 δέ
3020 2019 3195 2071 εἰπεῖν
3223 2017 3304 2070 ὅτι
3334 2018 3455 2071 ἐστὶ
3478 2017 3628 2086 παρὰ
3653 2017 3747 2070 τοῦ
3783 2016 3998 2086 Πατρὶς

2409 2110 2501 2161 καὶ
2529 2106 2623 2161 τοῦ
2651 2109 2802 2176 Υξοῦ,
2834 2110 2987 2166 οῦπω
3008 2111 3210 2180 ἔγνωτε
3246 2111 3309 2165 εδ
3335 2112 3465 2166 ἐστὶ
3495 2112 3670 2183 ῥῆμα,
3704 2114 3788 2165 ὅτι
3819 2113 3998 2181 ὑπαρ-

2412 2201 2600 2255 κτικόν
2655 2203 2793 2267 ἐστι,
2847 2205 2943 2257 καὶ
2993 2203 3056 2257 τὸ
3107 2199 3250 2257 εἶναι
3303 2204 3474 2274 δηλοῖ,
3519 2204 3580 2258 οὗ
3639 2205 3865 2271 λέγεται
3920 2206 3996 2257 ὅτι

2411 2296 2581 2352 ἐστίν.
2621 2313 2640 2347 ι
2691 2294 2748 2349 '0
2781 2295 2944 2358 αύτδς
2984 2296 3303 2365 Ἐπιφάνιος
3331 2297 3390 2349 ἐν
3424 2297 3500 2366 τῷ
3534 2297 3707 2366 αὐτῷ,
3742 2297 3894 2350 οὕτω
3918 2298 3998 2350 λέ-

2410 2404 2497 2455 γει
2523 2403 2538 2418 ο
2575 2404 2595 2438 ι
2640 2387 2832 2440 Τοίνυν
2870 2387 3059 2457 Πατὴρ
3083 2383 3152 2458 ἦν
3182 2388 3294 2449 ἀεὶ,
3345 2388 3437 2441 καὶ
3471 2387 3598 2450 Υἱὸς
3624 2382 3695 2458 ἦν
3743 2387 3835 2439 ἀεί
3860 2403 3875 2416 ·
3908 2388 3997 2438 καὶ

2409 2480 2469 2530 τὸ
2499 2478 2743 2547 Πνεῦμα,
2777 2480 2839 2532 ἐκ
2867 2476 2960 2531 τοῦ
2996 2479 3211 2548 Πατρὸς
3251 2476 3346 2530 καὶ
3377 2475 3473 2529 τοῦ
3508 2476 3642 2529 Υίοῦ
3680 2478 3860 2529 πνέει.
3894 2476 3999 2527 Καὶ

2412 2570 2529 2635 ἔτι,
2557 2568 2781 2640 Πνεῦμα
2814 2569 2991 2638 ἅγιον,
3019 2569 3078 2622 οὐ
3114 2568 3462 2637 συνάδελφον,
3507 2568 3623 2619 ἀλλ’
3672 2570 3738 2620 ἐκ
3774 2568 3877 2634 τῆς
3906 2566 3999 2618 αὖ·

2409 2662 2509 2726 τῆς
2538 2661 2727 2725 οὐσίας
2774 2662 2986 2728 Πατρδς
3018 2662 3111 2715 καὶ
3149 2660 3306 2715 Υίοῦ.
3340 2660 3509 2723 Αὐτὶς
3542 2661 3653 2731 γὰρ
3684 2662 3714 2712 ὁ
3757 2660 3999 2727 Μονογεο

2410 2753 2505 2822 vi};
2544 2753 2692 2821 λέγει
2720 2768 2736 2785 ⁸
2790 2753 2851 2807 rb
2880 2753 3105 2822 Πνεῦμα
3153 2751 3247 2804 τοῦ
3289 2752 3522 2821 Πατρὸς,
3552 2752 3649 2804 καὶ
3681 2751 3744 2803 rb
3796 2753 3861 2804 ἐκ
3904 2750 3996 2803 τοῦ

2411 2845 2626 2915 Πατρὺς
2665 2845 3102 2915 ἐκπερευόμενον
3129 2861 3141 2875 ’
3173 2844 3268 2897 καὶ
3311 2846 3374 2896 ἐκ
3422 2843 3516 2897 τοῦ
3568 2843 3706 2911 ἐμοῦ
3739 2842 3996 2911 λήψεται,

2415 2936 2503 2989 ἵνα
2555 2935 2631 3006 μὴ
2662 2936 2942 3007 ἀλλότριον
2990 2935 3272 3005 νομισθείη
3320 2936 3551 3006 Πατρὶς,
3587 2935 3732 3003 μηδὲ
3778 2935 3933 2988 Υἱοῦ.
3973 2953 3993 2986 ι

2426 3028 2697 3093 Ἀκούεις,
2728 3029 2815 3082 ἵνα
2845 3028 2919 3098 μὴ
2945 3029 3095 3095 ξένον
3120 3032 3215 3082 καὶ
3239 3028 3520 3098 ἀλλότριον
3547 3028 3843 3098 νομισθείη
3870 3028 3999 3097 φησι

736 3120 979 3183 natione,
1020 3122 1111 3174 uhi
1150 3122 1388 3191 scripsit,
1424 3124 1713 3181 Dominum
1742 3127 1862 3183 sine
1892 3128 2146 3198 originali
2177 3144 2307 3199 pec-

2416 3122 2651 3191 Πατρδς,
2685 3121 2821 3192 μηδέ
2846 3120 3001 3185 Υἱοῦ,
3037 3120 3125 3175 διὰ
3148 3120 3303 3174 τοῦτο
3330 3122 3394 3174 ἐκ
3418 3120 3509 3174 τοῦ
3540 3121 3761 3189 Πατρδς
3791 3122 3886 3173 καὶ
3911 3119 4000 3171 τοῦ

736 3221 861 3265 rato
886 3227 1025 3277 esse,
1060 3221 1118 3267 ut
1146 3214 1444 3269 hominem.
1493 3216 1559 3276 Et
1588 3218 1642 3273 in
1673 3217 1777 3275 hoc
1807 3218 2179 3275 Romanorum
2212 3220 2309 3273 Pa-

737 3315 879 3357 trum
900 3305 1272 3373 expositiones
1294 3308 1605 3363 consentire
1632 3307 2080 3364 demonstrarunt
2109 3326 2123 3363 :
2181 3311 2311 3379 quin

736 3396 897 3448 «tiam
929 3406 981 3449 et
1008 3395 1262 3466 Cyrillum
1309 3398 1644 3455 Alexandria:
1688 3400 2007 3470 episcopum
2033 3444 2046 3463 ,
2083 3416 2147 3455 ex
2186 3400 2310 3470 ejus

740 3504 896 3543 sacro
929 3497 1161 3543 tractatu
1181 3490 1483 3560 composito
1508 3492 1561 3545 in
1589 3501 1836 3547 sanctum
1859 3491 2123 3547 Joannem
2151 3508 2317 3549 evan-

740 3578 1011 3647 gelistam.
1045 3594 1108 3632 ex
1134 3580 1337 3649 quibus
1380 3596 1440 3635 se
1478 3597 1587 3635 non
1632 3582 1963 3651 principium
2002 3580 2195 3636 Filium
2233 3581 2311 3636 la-

738 3686 865 3727 cere
899 3671 1138 3742 Spiritus
1173 3672 1572 3728 ostenderunt:
1604 3687 1733 3741 nam
1758 3687 1931 3726 unum
1956 3680 2162 3725 tantum
2198 3670 2316 3725 Filii

740 3772 797 3815 et
820 3762 1060 3832 Spiritus
1097 3762 1420 3832 principium
1468 3771 1736 3817 noverunt
1765 3779 1780 3830 ;
1816 3762 1980 3830 hujus
2015 3762 2315 3817 secundum

741 3854 1179 3923 generatioiiem,
1218 3852 1362 3907 illius
1387 3853 1683 3908 secundum
1714 3868 1843 3921 proe
1862 3855 2134 3909 essionem
2174 3870 2190 3907 :
2222 3854 2319 3908 sed

742 3956 802 3997 ut
839 3945 1244 4014 processionem
1279 3961 1372 4013 per
1402 3960 1528 3999 cum
1574 3946 1919 4001 declararent
1951 3963 1964 4001 :
2001 3955 2057 4001 et
2085 3944 2188 4000 hac
2220 3960 2317 3999 ra-

748 4039 893 4091 tione
921 4036 1363 4106 eonjunctionem
1396 4045 1451 4092 et
1484 4037 1826 4092 identitatem
1875 4038 2132 4093 essentiae
2165 4051 2318 4092 com-

748 4126 1066 4195 probarent.
1101 4143 1120 4177 ι
1152 4124 1344 4189 Audis,
1389 4140 1457 4180 ex
1495 4125 1631 4182 Filio
1658 4126 1823 4181 etiam
1864 4127 2161 4196 procedere
2192 4125 2319 4193 Spio.

742 4223 907 4272 ritum
976 4227 1250 4285 sanctum,
1305 4226 1360 4273 et
1400 4208 1565 4272 'inter
1622 4232 1681 4273 se
1723 4217 2033 4272 consentire
2101 4216 2319 4270 Patrum

2416 3214 2550 3270 Υἱοῦ
2600 3216 2818 3284 λέγεται
2873 3213 3292 3283 ἐκπορεύεσθαι.
3327 3214 3437 3267 Καὶ
3462 3213 3491 3266 ὁ
3536 3214 3853 3278 ἀγιώτατος
3886 3214 3999 3267 Μά-

2418 3307 2597 3377 ξιμος,
2647 3308 2703 3359 ἐν
2731 3300 2812 3369 οἷς
2844 3305 3156 3376 ἐρμηνεύει,
3195 3305 3249 3358 τί
3286 3304 3421 3374 δῆτα
3452 3305 3705 3373 βούλεται
3751 3306 3832 3375 τῷ
3865 3322 3998 3372 προ-

2416 3401 2562 3471 φήτῃ
2633 3397 2880 3467 Ζαχαρία
2929 3397 2962 3463 ἡ
3007 3395 3182 3467 χρυσῆ
3228 3395 3440 3466 λυχνία,
3489 3397 3583 3448 καὶ
3636 3395 3701 3448 rb
3740 3395 3831 3449 ἐπ’
3864 3395 3997 3462 αὐτῇ

2415 3490 2743 3559 λαμπάδιον,
2796 3490 2892 3542 καὶ
2947 3491 2996 3541 οἱ
3046 3488 3252 3557 λύχνοι,
3307 3487 3450 3543 οὕτω
3485 3491 3654 3557 φησί·
3696 3506 3717 3538 ι
3770 3487 3847 3541 'l'b
3895 3488 3997 3555 τὰρ

2418 3580 2643 3647 Πνεῦμα
2681 3580 2742 3634 rb
2786 3580 2961 3648 ἅγιον,
3009 3579 3201 3648 ὥσπερ
3230 3596 3390 3647 φυσει
3423 3579 3546 3633 κατ’
3594 3580 3796 3633 οὐσίαν
3831 3579 3997 3642 ἐστὶν,

2416 3672 2494 3735 ὡς
2532 3672 2597 3724 ἐκ
2629 3670 2725 3723 τοῦ
2770 3670 2985 3739 Πατρδς
3014 3667 3083 3722 δι’
3127 3667 3262 3723 Υἱοῦ
3301 3667 3576 3732 οὐσιωδῶς
3615 3670 3997 3736 γεννηθέντος.

2418 3763 2712 3834 ἀφράστως
2747 3763 3207 3833 ἐκπορευόμενον.
3244 3779 3263 3813 ι
3300 3760 3550 3822 Ἀκούεις
3595 3760 3909 3821 κάνταῦθα,
3943 3762 4000 3811 ἐκ

2418 3855 2512 3911 τοῦ
2547 3856 2757 3925 Πατρδς
2786 3856 2854 3910 δι’
2895 3854 3025 3909 Υίοῦ
3055 3871 3223 3922 φησιν
3265 3853 3542 3916 οὗσιωδῶς
3579 3855 3671 3905 καὶ
3704 3852 4003 3922 ἀφράστως

2422 3948 2883 4018 ἐκπορευόμενον,
2910 3944 3070 4001 τοῦτο
3097 3946 3154 3999 δέ
3184 3946 3383 3999 ταυτόν
3407 3946 3554 3997 ἐστιν
3582 3947 3789 4007 εἰπεῖν,
3820 3947 3889 3996 ἐκ
3914 3942 3998 3995 τοῦ

2422 4040 2633 4110 Πατρδς
2670 4040 2765 4094 καλ⁵
2794 4040 2857 4092 ἐκ
2891 4038 2986 4093 τοῦ
3021 4036 3174 4101 Υἱοῦ,
3202 4036 3475 4099 οὐσιωδῶς
3520 4036 3965 4105 ἐκπορευόμενον
3986 4051 4001 4064 σ

2422 4130 2609 4201 ἐπειδὴ
2643 4131 2678 4201 ἠ
2709 4130 2807 4184 διὰ
2862 4129 3056 4185 ταυτὸν
3084 4131 3150 4199 τῇ
3183 4129 3249 4182 ἐκ
3285 4127 3556 4197 βούλεται,
3590 4126 3667 4189 ὡς
3702 4126 4003 4192 ἐδείξαμεν.

2434 4222 2496 4274 '0
2524 4221 2684 4282 αὐτὸς
2724 4222 2782 4274 ἐν
2814 4223 2880 4291 τῇ
2928 4220 3185 4295 ἐπιστολῇ
3222 4221 3288 4288 τῇ
3321 4218 3458 4287 πρὸς
3491 4219 3742 4284 Μαρῖνον
3774 4218 4000 4285 Κύπρου

751 4306 1128 4369 θυι-ιοτὶιειεε,
1180 4315 1232 4359 et
1291 4316 1347 4359 ut
1399 4306 1594 4360 beatus
1637 4306 1869 4377 Cyrillus
1903 4306 2046 4360 idem
2091 4306 2225 4361 dicit
2268 4315 2312 4361 et

2425 4313 2818 4385 πρεσϐύτερον,
2869 4306 2938 4383 ἦς
2975 4313 3007 4381 ἡ
3038 4310 3179 4381 ἀρχή
3206 4326 3221 4341 ο
3260 4326 3279 4360 ι
3314 4309 3487 4378 Νόμῳ
3517 4307 3648 4378 θείῳ
3700 4310 3850 4362 κατὰ
3880 4308 4005 4359 Θεὸν

745 4398 1098 4452 conlirmatin
1118 4413 1275 4453 sacro
1301 4398 1352 4452 in
1368 4397 1752 4470 evangelistam
1772 4397 2037 4453 Joannem
2065 4407 2322 4454 tractatu.

2424 4396 3163 4473 εὐθυνούμενος,θεοτίμητι
3227 4402 3429 4471 Πάτερ,
3487 4399 3653 4470 νόμον
3721 4401 4005 4469 ὑπερεῖδες

744 4494 899 4558 Quod
924 4508 1054 4546 vero
1082 4492 1229 4558 dicit,
1267 4508 1361 4546 eos
1389 4507 1495 4545 non
1530 4490 1709 4545 facere
1748 4490 1939 4545 Filium
1970 4491 2312 4561 principium,

2426 4495 2791 4565 ἀνθρώπινον,
2833 4513 2855 4546 ›
2889 4493 3068 4548 τοιάδε
3098 4492 3325 4561 φάσκει·
3363 4512 3397 4549 ι
3425 4490 3544 4545 Τῶν
3586 4490 3685 4544 τοῦ
3716 4491 3819 4545 νῦν
3849 4493 4006 4559 ἁγιω-

745 4584 972 4638 minime
995 4583 1138 4652 quod
1173 4598 1281 4636 non
1313 4585 1386 4639 sit
1416 4598 1480 4637 ex
1509 4598 1593 4647 eo,
1630 4582 1724 4637 sed
1762 4597 1884 4638 esse
1928 4597 2098 4654 magis
2130 4592 2318 4637 osten-

746 4676 845 4730 dit.
879 4673 995 4727 Nou
1030 4674 1208 4750 facere
1238 4674 1559 4743 principium
1592 4673 1847 4728 videlicet
1891 4673 2193 4743 principale
2229 4673 2314 4727 di-

748 4766 843 4825 cit.
876 4782 915 4819 s-
937 4766 1176 4819 cundum
1211 4764 1353 4819 illaut
1385 4764 1606 4832 impiam
1649 4764 1898 4819 hacresim
1926 4802 1943 4828 ,
1974 4781 2095 4832 qua:
2124 4765 2320 4818 asserit

751 4851 945 4905 Filium
981 4868 1044 4905 ex
1083 4854 1197 4905 solo
1223 4852 1417 4919 Patre,
1452 4852 1715 4923 Spiritum
1747 4870 1812 4907 ex
1848 4853 1964 4907 solo
1998 4854 2135 4908 Filio
2165 4871 2178 4906 :
2217 4855 2319 4908 ita-

748 4959 855 5012 que
893 4941 1061 4997 Filius
1097 4941 1411 5011 principalis
1441 4938 1599 4997 causa
1630 4944 1867 5012 Spiritus
1904 4944 2320 5014 intelligeretur,

751 5036 952 5088 idcirt-o
981 5033 1016 5086 ii
1055 5034 1221 5086 divini
1286 5034 1470 5088 Patres
1503 5050 1567 5089 ex
1615 5035 1774 5091 Patre
1818 5037 1901 5090 vel
1953 5036 2094 5091 Filio
2137 5037 2323 5091 dicere

2424 4588 2590 4640 τάτου
2619 4586 2775 4640 πάπα
2824 4585 3141 4650 συναδικῶν,
3169 4584 3269 4637 οὐκ
3315 4586 3371 4637 ἐν
3405 4582 3686 4645 τοσούτοις
3730 4584 3884 4646 ὅσοις
3927 4598 4007 4648 τε·

2425 4678 2681 4748 γράφατε
2740 4676 3162 4746 κεφαλαίοις,·οἱ
3207 4678 3307 4741 τῆς
3341 4673 3613 4744 βασιλίδος
3644 4674 3765 4727 τῶν
3809 4673 4005 4726 πόλεων

2425 4768 2754 4822 ἐπελάὁοντο
2775 4783 2790 4798 ⁸
2822 4768 2945 4821 δυσὶ
2969 4767 3024 4820 δὲ
3055 4767 3261 4833 μόνοις,
3289 4759 3363 4818 ὧν
3398 4764 3457 4815 rb
3485 4764 3584 4831 μὲν
3613 4764 3871 4834 ὑπάρχει
3891 4762 4006 4831 περὶ

2427 4859 2743 4928 θεολογίας·
2777 4859 2859 4912 ὅτι
2902 4875 2961 4910 τε
2996 4858 3181 4928 φησιν,
3234 4851 3404 4910 Εἶπεν
3453 4853 3870 4923 ἐκπορεύεσθαι
3912 4844 4007 4907 xii

2424 4951 2516 5003 τοῦ
2556 4948 2688 5003 Υἱοῦ
2722 4950 2782 5002 rb
2813 4948 3040 5017 Πνεῦμα
3069 4948 3128 5001 rb
3173 4946 3348 5016 ἅγιον,
3381 4944 3478 4998 καὶ
3508 4945 3601 4997 ἐπὶ
3636 4947 3830 5018 τούτῳ
3879 4963 4005 5014 συμ-

2426 5044 2636 5111 φὼνους
2661 5041 2988 5111 παρήγαγον
3017 5040 3240 5108 χρήσεις
3277 5036 3567 5105 Ῥωμαίων
3598 5037 3874 5107 Πατέρων
3896 5053 3912 5065 ·
3939 5036 4007 5088 ἐτι

752 5128 1079 5188 vitaverunt,
1111 5124 1161 5178 id
1191 5134 1295 5189 est,
1344 5141 1521 5195 neque
1560 5142 1625 5181 ex
1674 5127 1832 5180 Patre
1874 5129 2013 5192 solo,
2044 5142 2222 5196 neque
2250 5142 2312 5180 ex

2420 5151 2491 5203 γε
2530 5133 2636 5202 μὴν
2673 5130 2767 5185 καὶ
2811 5129 3084 5199 Κυρελλου
3112 5128 3541 5198 Ἀλεξανδρείας,
3576 5127 3643 5178 ἐκ
3693 5129 3803 5198 τῆς
3857 5144 4007 5195 ποντί-

754 5219 892 5271 Filio
924 5220 1059 5282 solo,
1092 5219 1186 5272 sed
1212 5233 1279 5272 ex
1308 5218 1467 5273 Patre
1506 5233 1604 5289 per
1645 5216 1861 5275 Filium.
1912 5219 2037 5274 Ideo
2067 5234 2162 5287 per
2195 5236 2312 5273 cum

2430 5226 2616 5293 θεξσης
2677 5221 2828 5292 αύτῷ
2881 5223 3032 5292 ἱερᾶς
3095 5218 3504 5292 πραγματείας.
3560 5217 3642 5279 είς
3702 5218 3809 5271 rbv
3866 5217 4007 5283 ἆτιον

754 5321 808 5362 rt
836 5324 990 5382 exeo
1016 5316 1289 5379 repertum
1328 5317 1412 5362 est
1439 5317 1493 5364 et
1532 5309 1787 5379 prodire,
1831 5319 1883 5363 et
1934 5308 2220 5377 perﬂuere.
2269 5319 2328 5364 et

756 5386 1088 5469 procedere;
1117 5412 1171 5454 et
1205 5400 1259 5455 in
1296 5400 1399 5455 hoc
1431 5405 1729 5470 praecipue,
1769 5410 1828 5455 ut
1868 5402 1999 5455 alibi
2045 5412 2325 5457 ostensum

757 5500 860 5546 est.
895 5490 1119 5565 [)ivinus
1141 5490 1423 5555 Tarasius,
1458 5490 1966 5564 Constanlirmpolis
1995 5494 2327 5563 patriarcha,

760 5584 814 5637 in
849 5584 1075 5652 epistola
1116 5585 1180 5637 ad
1225 5581 1464 5638 Orientis
1540 5583 1845 5655 pontiit‘cs,
1909 5600 2031 5656 quin
2098 5586 2327 5656 incipit,

2442 5315 2692 5384 Ἰωάννην
2727 5313 2816 5366 τὸν
2874 5310 3292 5381 εὐαγγελιστήν.
3317 5307 3411 5374 Ἐξ
3441 5301 3537 5374 ὧν,
3576 5305 3679 5360 οὐκ
3713 5307 3905 5363 αἰτίαν
3928 5303 4006 5359 τὸν

2436 5406 2563 5459 Υὶὸν
2590 5405 2875 5467 ποιοῦντας
2900 5403 2993 5456 τοῦ
3021 5401 3360 5471 Πνεύματος,
3394 5403 3534 5469 σφᾶς
3562 5400 3779 5461 αὐτοὺς
3810 5398 4003 5453 ἀπέδει-

2434 5496 2529 5560 ξαν
2560 5512 2573 5526 ο
2611 5495 2741 5565 μίαν
2770 5496 2878 5567 γὰρ
2926 5494 3076 5548 ίσασι
3104 5492 3199 5548 τοῦ
3247 5491 3381 5548 Υίοῦ
3412 5491 3508 5547 καὶ
3534 5492 3632 5545 τοῦ
3661 5490 4001 5561 “mortem.

2436 5587 2530 5641 rbv
2576 5588 2795 5658 Πατέρα
2836 5585 3048 5641 αἰτιανο
3076 5583 3172 5639 τοῦ
3216 5584 3339 5655 μιν,
3380 5582 3525 5638 κατὰ
3558 5583 3659 5655 τὴν
3724 5582 4001 5652 γέννησιν·

836 5764 911 5837 (ί)
948 5768 1001 5833 ιιι
1035 5778 1137 5833 05!,
1169 5767 1321 5838 juxta
1375 5768 1591 5823 modum
1635 5767 1859 5838 Spiritui
1915 5766 2327 5845 convenientem
2366 5760 2626 5831 procedit.
