4160 6424
136 301 270 368 il53

784 327 935 388 PRO
965 324 1155 384 (Π)Νο
1215 318 1588 382 FLORENT.
1626 319 1785 379 CAP.
1815 321 1864 382 Ι.
1898 318 1993 378 DE
2038 315 2347 379 SPllllTU
2389 315 2697 373 SANCTO.

3249 305 3387 374 1150

207 425 475 485 Ἤκουσας
511 427 599 476 καὶ
631 427 794 481 πάλιν
829 429 920 481 τοῦ
953 430 1191 497 μεγάλου
1226 427 1418 480 τούτου
1465 425 1695 494 Πατρὴς,

1872 427 2080 479 Audisti
2110 443 2296 480 rur~us
2328 443 2582 493 magnum
2618 427 2830 479 Patrem
2861 427 3038 496 hunc,
3063 439 3169 478 non
3204 426 3385 478 mino-

129 515 332 568 οὐκέτι
377 518 632 570 ἐλάττονά
660 537 795 588 φησι
842 521 932 573 τοῦ
966 519 1282 589 Πνεύματος
1315 520 1526 580 ἑαυτὸν,
1563 518 1697 570 ἀλλὰ

134 608 351 676 μείζονα
383 611 472 660 καὶ
499 609 615 662 ἴσον
639 627 652 640 ⁸
682 612 795 664 ἴσον
829 614 925 680 μὲν
958 615 1096 665 κατὰ
1131 614 1190 665 τὸ
1218 612 1503 681 ὁμοούσιον
1532 627 1543 640 ·
1581 610 1700 678 μείς

133 702 259 764 ζονα
284 701 360 764 δὲ,
387 701 448 752 οὑ
490 701 712 771 μεγέθει
759 705 886 766 τινὶ,
917 705 1035 756 οὑδὲ
1081 707 1278 775 χρόνῳ,
1307 705 1521 773 ἄπαγε·
1551 705 1700 754 οὐδὲν

129 792 236 856 γὰρ
275 792 540 860 πρότερον
577 794 634 845 ἐν
668 797 733 862 τῇ
782 794 901 864 θείᾳ
933 795 1144 865 Τριάδι,
1183 795 1214 865 ἦ
1269 795 1526 864 ὕστερονο
1570 794 1701 844 ἀλλὰ

128 883 214 935 δια
245 884 304 934 τὸ
334 884 391 948 ἐξ
422 884 584 937 αὑτοῦ
615 885 764 955 ἔχειν
791 887 888 957 τὴν
921 887 1155 957 ὓπαρξιν
1181 905 1194 919 ·
1228 887 1480 957 καθάπερ
1513 887 1701 955 ἀμέλει

128 977 221 1026 καὶ
255 976 318 1027 ἐκ
344 975 436 1027 τοῦ
467 976 601 1028 Θεοῦ
649 981 742 1030 καὶ
788 980 1022 1048 Πατρός.
1065 978 1175 1032 Ποῦ
1211 981 1348 1032 είσιν
1373 980 1422 1032 ot
1453 980 1703 1046 λέγοντες

129 1066 212 1117 ὅτι
246 1069 308 1119 ἐκ
342 1068 506 1136 μόνου
542 1068 635 1120 τοῦ
657 1069 868 1138 Πατρὸς
887 1071 947 1122 τὸ
976 1071 1197 1139 Πνεῦμὰ
1212 1071 1459 1134 ὲστι,καὶ
1483 1071 1583 1122 οῦκ
1609 1072 1701 1120 ὲκ-

135 1175 192 1207 ππ
212 1158 423 1225 ρεύεται
443 1159 505 1211 ἐκ
526 1158 620 1212 τοῦ
644 1158 771 1211 Υἱοῦ
795 1175 810 1226 ;
832 1161 943 1212 Οὑκ
961 1161 1302 1229 αἰσχύνονται
1324 1159 1703 1214 ἐναντιοῦσθαι

110 1251 240 1309 ρτοῖς
262 1250 536 1317 ἁγίοις.Ὢ
568 1251 668 1319 τῆς
692 1251 893 1320 ἀνοχῆς
919 1270 1034 1317 σου,
1066 1253 1266 1322 Χριστὲ
1297 1254 1518 1323 βασιλεῦ
1549 1253 1704 1307 ι’Λπὸ

131 1340 336 1410 μέρους
371 1341 470 1409 μὲν
504 1341 689 1410 έχουσι
717 1343 938 1404 τούτους
972 1343 1188 1410 ἁγίους·
1221 1345 1314 1396 καὶ
1345 1343 1662 1412 ἑορτάζουσι
1688 1358 1703 1374 ⁸

127 1434 226 1484 καὶ
282 1433 688 1501 προσκυνοῦσι·
721 1435 817 1487 καὶ
859 1436 1076 1496 εἰκόνας
1120 1435 1298 1488 αὐτῶν
1348 1433 1558 1486 ποιοῦσι
1613 1435 1708 1486 καὶ

129 1526 431 1593 κοσμοῦσιν
463 1525 632 1588 αὑτὰς
666 1524 875 1595 χρυσίῳ
898 1537 915 1555 ⁸
948 1526 1057 1577 ἀπὸ
1082 1528 1279 1594 μέρους
1311 1527 1354 1576 δ’
1381 1524 1667 1594 ἀρνοῦνται
1690 1541 1703 1553 ·

126 1612 214 1665 διὰ
235 1613 294 1664 τὸ
317 1613 493 1681 λέγειν
523 1613 843 1678 αὑτοῦςκαὶ
865 1616 928 1666 ἐκ
958 1614 1050 1667 τοῦ
1070 1614 1201 1668 Υἱοῦ
1230 1616 1288 1667 τὸ
1326 1616 1572 1684 Πνεῦμα,
1612 1615 1707 1666 καὶ

129 1706 444 1776 ὑϐρίζουσιν
474 1707 737 1768 ἁναιδὼςο
775 1707 868 1759 καὶ
912 1708 1019 1758 τῶν
1062 1710 1162 1777 μὲν
1199 1708 1478 1778 φθείρουσι
1512 1709 1577 1760 τὰ
1619 1708 1703 1775 βι-

1803 534 1916 572 rem
1949 533 2007 572 se
2040 517 2303 587 Spiritum
2337 517 2489 582 dicit,
2525 519 2617 571 sed
2651 517 2910 585 majorem
2958 527 3008 568 et
3078 515 3339 583 :t'qualcm
3369 533 3380 566 :

1800 610 2061 680 aequalem
2085 609 2385 665 secundum
2413 608 3027 662 censubstantialitatem
3071 625 3082 659 :
3125 608 3378 670 majorem

1803 719 1910 756 non
1967 703 2340 772 magnitudine
2399 701 2581 768 a'iqua
2637 716 2814 770 neque
2873 710 3155 768 tempore;
3195 697 3376 750 absit:

1801 797 1938 849 nihil
1959 796 2104 849 enim
2136 796 2286 864 prius
2304 807 2356 847 et
2378 794 2648 864 posterius
2669 795 2720 846 in
2750 793 2930 846 divina
2960 802 3041 844 est
3074 789 3378 843 Trinitate:

1803 888 1895 942 sed
1925 887 2046 955 quia
2077 902 2140 938 ex
2172 903 2247 938 eo
2269 886 2430 939 habet
2474 899 2612 948 esse,
2660 882 3115 953 quemadmodmn
3149 893 3279 934 sane
3313 895 3380 932 ex

1808 981 1914 1032 Deo
1961 987 2015 1032 et
2066 978 2246 1033 Patre.
2284 977 2385 1030 Ubi
2436 985 2560 1032 sunt
2609 975 2702 1045 qui
2744 974 2933 1028 dicunt
2980 973 3121 1040 quod
3155 987 3218 1025 ex
3263 971 3382 1024 solo

1806 1070 1965 1125 Patre
2004 1070 2240 1140 Spiritus
2274 1081 2375 1132 (κει,
2410 1085 2511 1122 ncc
2534 1068 2780 1137 procedit
2810 1083 2874 1119 ex
2907 1063 3074 1117 Filio?
3114 1062 3230 1116 Non
3257 1078 3386 1117 eru-

1806 1163 2033 1216 bescunt
2079 1161 2283 1214 sanctis
2315 1161 2712 1214 contradicere.
2765 1159 2809 1211 0
2837 1170 2978 1210 tuam
3042 1156 3380 1224 patientiam,

1808 1255 2029 1308 Christe
2059 1269 2150 1306 rex
2175 1255 2187 1306 Ξ
2225 1251 2425 1306 Partim
2455 1266 2553 1321 pro
2581 1250 2784 1305 sanctis
2809 1249 3012 1302 habent
3038 1249 3157 1312 hos,
3189 1247 3381 1300 festum

1805 1347 2104 1410 celebrant,
2159 1347 2412 1410 adorant,
2462 1357 2516 1396 et
2547 1341 2811 1410 imagines
2843 1355 3033 1392 eorum
3071 1338 3279 1406 lingunt
3330 1346 3385 1390 et

1807 1451 2074 1496 exornant
2110 1456 2202 1493 eas
2234 1455 2366 1491 auro
2403 1456 2417 1493 :
2470 1438 2664 1506 partim
2703 1437 2998 1504 abnegant,
3038 1433 3267 1500 enquod
3296 1431 3385 1485 dio

1807 1546 1958 1599 eant,
1993 1550 2058 1588 ex
2094 1534 2232 1586 Filio
2269 1546 2391 1584 esse
2423 1531 2708 1598 Spiritum,
2737 1541 2789 1582 et
2817 1528 3162 1596 impudenter
3204 1526 3256 1576 in
3289 1539 3385 1578 eos

1807 1627 2185 1682 contumeliosi
2228 1635 2376 1688 sunt,
2407 1639 2550 1676 nunc
2576 1623 2767 1674 horum
2804 1619 2969 1671 libros
3006 1617 3382 1684 adulterando,

1813 1734 1958 1771 nunc
1989 1718 2207 1786 penitus
2243 1713 2640 1775 comburendo,
2678 1725 2744 1764 ne
2776 1717 3069 1777 appareant
3101 1725 3114 1761 :
3158 1707 3256 1759 hos
3286 1723 3385 1758 au-

126 1799 276 1861 ὅλία,
308 1799 418 1850 τῶν
449 1798 524 1860 δὲ,
564 1799 844 1857 παντελῶς
876 1799 1288 1863 κατακαίουσιν,
1325 1801 1408 1852 ἵνα
1457 1801 1530 1870 μὴ
1579 1801 1702 1867 φαί-

1819 1818 1922 1862 tem
1954 1808 2278 1862 temulentos
2307 1804 2531 1868 dicunt;
2567 1803 2687 1855 illos
2714 1815 2842 1853 vero
2865 1814 2972 1852 non
2997 1813 3117 1852 esse.
3149 1808 3384 1860 sanctos,

125 1908 346 1944 νωνται.
385 1882 491 1944 Καὶ
540 1892 665 1953 τοὺς
703 1890 826 1961 μὲν,
870 1891 1138 1963 μεθύσους
1171 1891 1543 1946 ἀποκαλοῦσι’
1577 1894 1703 1956 τοὺς

124 1986 206 2047 δὲ,
251 1985 324 2054 μὴ
358 1985 624 2054 ὑπάρχειν
661 1987 870 2054 ἁγίους,
907 1986 1094 2056 ἐπειδὴ
1126 1987 1223 2040 καὶ
1251 1989 1313 2040 ἐκ
1359 1985 1451 2040 τοῦ
1487 1987 1616 2040 Υίοῦ
1642 1986 1704 2038 τὸ

126 2077 355 2148 Πνεῦμα
412 2078 794 2147 ὁμολογοῦσιν.
830 2076 944 2131 Εἶτ’
985 2080 1084 2133 οὑκ
1135 2080 1484 2151 αἰσχύνονται
1532 2082 1581 2133 οί
1613 2081 1704 2136 ἁν-

126 2167 340 2238 θρωποι
373 2170 502 2238 ἡμῖν
547 2169 816 2236 ἐγκαλεῖν,
872 2170 1334 2239 ὑποτασσομένοις
1367 2175 1478 2233 τοῖς
1529 2173 1705 2238 ἁγίοις

129 2257 229 2307 καὶ
283 2255 620 2318 διδασκάλοις
673 2259 772 2327 τῆς
829 2258 1178 2329 Ἑκκλησίας,
1229 2263 1321 2315 καὶ
1378 2260 1703 2330 φυλάττουσι

123 2351 259 2412 τοὺς
291 2351 481 2419 λόγους
538 2352 738 2406 αὑτῶν.
775 2353 892 2406 Ἔτι
926 2371 982 2407 τε
1033 2355 1294 2424 μάχονται
1329 2359 1483 2427 ἡμῖν,
1529 2361 1616 2411 δια
1647 2360 1706 2412 τὸ

128 2441 537 2498 ὑποτάσσεσθαι
565 2448 629 2514 τῇ
667 2446 798 2516 ἁγίᾳ
829 2448 921 2499 καὶ
953 2448 1305 2520 οίκουμενικῇ
1355 2452 1576 2522 συνόδῳ,
1610 2454 1705 2505 καὶ

125 2536 224 2587 τ’,ν
262 2536 430 2604 αὐτῆς
464 2539 608 2607 ὅρον,
655 2539 844 2608 ὥσπερ
877 2541 1165 2608 ὲγκόλπιον
1209 2544 1442 2612 χρυσοῦν
1485 2545 1703 2613 ὁλοσχεο

133 2627 246 2695 ρῶς
283 2629 625 2698 κατέχουσιν.
668 2630 907 2700 ’Δληθῶς
942 2634 1232 2700 παρόμοιοι
1266 2635 1372 2686 εἰσι
1403 2635 1508 2686 τῶν
1540 2636 1704 2702 Φαρι-

131 2719 325 2784 σαίων,
361 2718 452 2783 οὓς
478 2721 724 2786 ὀνειδίζει
757 2723 991 2792 Χριστὸς
1035 2725 1061 2774 0
1100 2724 1230 2786 Θεὸς
1266 2724 1442 2792 ήμῶν,
1491 2725 1662 2789 λέγων
1688 2741 1702 2756 ο

133 2831 152 2861 ι
191 2811 332 2863 Οὑαὶ
360 2811 507 2880 ὑμῖν,
543 2814 894 2883 Γραμματεῖς
921 2816 1012 2868 καὶ
1041 2817 1321 2881 Φαρισαῖοι
1391 2816 1704 2886 ὑποκριταὶ,

129 2902 213 2952 ὅτι
267 2901 471 2954 κλείετε
507 2904 605 2973 τὴν
641 2905 916 2972 βασιλείαν
959 2905 1067 2958 τῶν
1116 2907 1363 2973 οὐρανῶν
1397 2907 1706 2976 ἔμπροσθεν

127 2994 241 3044 τῶν
287 2992 609 3062 ἀνθρώπων.
659 2995 848 3064 Ὑμεῖς
895 2999 992 3048 οὑκ
1039 2998 1375 3066 εἰσέρχεσθε,
1429 2999 1548 3050 οὐδὲ
1582 3001 1707 3060 τοὺς

1815 1901 1938 1969 quia
1964 1917 2024 1954 ex
2059 1899 2194 1952 Filio
2224 1897 2487 1967 Spiritum
2521 1894 2876 1947 confitentur.
2921 1893 3113 1943 Postea
3149 1905 3255 1941 non
3295 1901 3388 1941 ve-

1815 2003 2005 2047 rentur
2055 1991 2304 2044 homines
2356 1987 2408 2040 hi
2459 2002 2559 2040 nos
2597 1985 2896 2048 criminari,
2943 1983 3035 2051 qui
3089 1985 3291 2035 sanctis
3334 1991 3388 2035 rt

1814 2086 2070 2142 Ecc‘esizr
2107 2084 2422 2138 doctoribus
2473 2079 2817 2150 subjicimur,
2859 2085 2914 2132 et
2961 2078 3162 2145 scripta
3198 2093 3242 2128 οι
3269 2092 3385 2127 rmn

1813 2196 2116 2235 servamus.
2173 2177 2312 2244 Quin
2365 2175 2527 2230 etiam
2588 2174 2750 2227 nobis
2816 2172 3197 2228 adversantur.
3257 2168 3385 2238 quia

1814 2285 2013 2328 sancta:
2043 2283 2095 2327 et
2128 2270 2481 2326 (ecumeniere
2525 2267 2849 2336 subjicimur
2884 2263 3110 2336 synodo,
3158 2263 3386 2332 ejusque

1813 2368 2091 2420 decretum
2144 2363 2308 2417 veluti
2361 2375 2588 2415 aureum
2642 2357 2844 2412 monile
2905 2357 3122 2425 penitus
3184 2357 3385 2424 rectori

1813 2459 2101 2525 attigimus.
2128 2455 2376 2509 Profecto
2404 2453 2801 2508 Pharismorum
2832 2449 3037 2503 similes
3062 2457 3210 2506 sunt,
3249 2462 3386 2513 quos

1815 2551 2062 2618 increpat
2110 2547 2362 2602 Christus
2415 2544 2700 2606 Dominus,
2737 2540 2964 2595 dicens:
3009 2556 3027 2588 ι
3066 2536 3156 2590 Va:
3210 2537 3383 2596 vobis,

1815 2643 2016 2696 Scribe
2045 2652 2093 2693 et
2119 2637 2375 2692 Pharisa-i
2400 2635 2710 2706 hypocritm.
2737 2632 2860 2702 quia
2881 2630 3131 2686 clauditis
3157 2645 3382 2699 regnum

1813 2733 2072 2784 cutlorum
2106 2739 2232 2782 ante
2265 2727 2513 2783 homines
2541 2744 2553 2779 :
2582 2739 2675 2776 vos
2699 2725 2846 2776 enim
2876 2737 2984 2776 non
3020 2721 3252 2786 intratis,
3285 2736 3383 2773 nec

1815 2825 2060 2876 volentes
2093 2825 2296 2875 intrare
2325 2818 2535 2883 sinitis;
2587 2825 2809 2884 propter
2851 2816 2952 2869 hoc
2987 2815 3217 2883 amplius
3245 2813 3387 2864 acci-

1818 2913 1974 2981 pietis
1997 2913 2302 2981 judicium;
2341 2929 2358 2960 ι
2403 2912 2482 2962 sic
2512 2919 2567 2961 et
2602 2906 2655 2959 hi
2694 2905 2921 2971 faciunt,
2963 2905 3015 2958 hi
3050 2920 3286 2972 namque
3318 2905 3388 2957 ob

1821 3006 2291 3076 praesumptionem
2327 3005 2515 3055 oculos
2549 3000 2811 3052 obversos
2858 2997 3166 3050 obtinentes
3199 2996 3386 3049 Etcle-

132 3084 493 3154 βουλομένους
555 3088 815 3140 εἰσελθεῖν
865 3090 1076 3152 ἀφίετε.
1133 3090 1229 3142 Διὰ
1268 3090 1425 3143 τοῦτο
1470 3091 1703 3159 λήψεσθε

1819 3102 1910 3153 sim
1943 3115 2047 3150 non
2080 3095 2466 3164 subjiciuntur,
2518 3103 2572 3145 et
2619 3093 2670 3144 in
2719 3104 2837 3157 nos,
2870 3090 3010 3158 quod
3043 3090 3383 3159 subjieimur,

132 3179 524 3247 περισσότερον
575 3181 771 3247 κρίμα.
810 3199 828 3233 ι
862 3179 1020 3234 Οὕτω
1070 3183 1162 3233 καὶ
1213 3176 1360 3234 οὗτοι
1420 3180 1705 3235 ποιοῦσιν’

131 3271 294 3322 αὑτοὶ
347 3269 451 3338 γὰρ
487 3271 836 3338 πηρωθέντες
868 3273 964 3334 τὰς
1017 3272 1168 3341 ὄψεις
1215 3273 1321 3325 ὑπὸ
1362 3275 1706 3343 προλήψεως,

132 3363 233 3429 οὑχ
267 3363 663 3415 ὑποτάσσονται
692 3367 758 3432 τῇ
800 3365 1116 3436 Ἐκκλησιᾳ,
1168 3367 1262 3418 καὶ
1295 3367 1442 3433 ἡμᾶς
1475 3367 1707 3418 ὕποταδ·

133 3455 401 3519 σομένους
454 3452 794 3522 ὑδρίζουσιν.
829 3456 949 3508 Ἔτι
996 3472 1054 3508 τε
1098 3456 1328 3514 ἀναιδῶς
1380 3457 1709 3523 ἐπιπηδῶσι,

132 3544 391 3607 λέγοντες
427 3544 507 3596 ὅτι
536 3545 709 3606 οὐδεὶς
745 3545 853 3598 τῶν
889 3548 1061 3614 ἁγίων
1093 3547 1242 3615 λέγει
1275 3547 1336 3600 τὸ
1381 3547 1607 3616 Πνεῦμα
1651 3549 1713 3598 ἐκ

133 3634 230 3688 τοῦ
268 3634 416 3688 Υίοῦ.
472 3635 776 3705 Ἐκνήψατε
805 3637 892 3690 διὰ
935 3639 1025 3690 τὸν
1071 3639 1294 3708 Κύριον,
1330 3639 1548 3707 ἀδελφοί
1571 3657 1582 3670 ·
1620 3641 1713 3693 καὶ

134 3732 279 3785 ἴδετε
316 3730 513 3790 πόσους
564 3732 752 3796 ἁγίους
799 3730 1213 3800 ἐπιδεικνύομεν
1246 3731 1374 3800 ὑμῖν
1424 3731 1579 3784 τοῦτο
1625 3732 1713 3782 λέ-

135 3840 357 3892 γοντας.
393 3823 514 3876 Ἔτι
548 3825 574 3875 0
614 3823 776 3885 αὐτὸς
817 3821 1132 3886 Ἀθανάσιος
1168 3823 1224 3875 ὲν
1267 3825 1333 3893 τῇ
1376 3823 1510 3892 πρὸς
1542 3825 1715 3894 Σερα-

136 3925 320 3968 nit-na
350 3914 632 3984 ἐπιστολῇ,
664 3913 804 3966 οὓτω
836 3914 1030 3982 φησιν’
1067 3931 1088 3965 α
1127 3915 1343 3983 ’Δμέλει
1373 3915 1465 3968 τοῦ
1503 3916 1716 3985 Πατρός

140 4011 458 4077 πέμποντος
500 4007 564 4058 τὸ
599 4005 844 4075 Πνεῦμα,
898 4007 926 4059 0
981 4005 1107 4069 Υἱὸς
1167 4008 1451 4075 ἐμφυσῶν,
1501 4008 1717 4061 δίδωσιν

138 4101 277 4153 αὐτὸ
306 4101 418 4162 τοῖς
475 4097 744 4167 μαθηταῖς
770 4113 783 4128 ⁸
822 4097 1011 4168 ἐπειδὴ
1046 4098 1224 4150 πάντα
1251 4099 1350 4151 ὅσα
1393 4101 1507 4168 ἔχει
1539 4099 1567 4151 0
1609 4101 1719 4153 Πα-

138 4193 273 4259 τὴρ.
306 4189 399 4242 τοῦ
438 4187 569 4242 Υίοῦ
602 4191 740 4243 ἐστι.
775 4206 794 4238 ι
830 4187 1050 4258 Συνᾴδει
1089 4187 1264 4256 τούτῳ
1302 4187 1395 4240 καὶ⁸
1427 4190 1454 4240 0
1498 4189 1720 4255 πάμμε-

141 4299 246 4347 γας
286 4281 573 4351 Κύριλλος,
605 4282 664 4332 έν
696 4283 762 4348 τῇ
799 4278 1059 4348 ἐξηγήσει
1089 4280 1184 4332 τοῦ
1216 4280 1406 4332 ἐνάτου
1441 4278 1718 4348 ἀναθεμα-

141 4373 370 4441 τισμοῦ,
421 4372 550 4425 ἔνθα
598 4371 796 4440 φησίν·
834 4388 852 4421 ι
894 4369 1214 4437 Ἀνθρωπος
1263 4369 1502 4437 γεγονὼς
1547 4372 1574 4421 0
1626 4367 1719 4420 τοῦ

1814 3190 2175 3246 contumelias
2207 3186 2510 3240 effundunt.
2557 3181 2879 3250 Resipiscite
2916 3196 3013 3250 per
3052 3179 3241 3245 Deum,
3284 3181 3386 3231 tra-

1817 3295 1944 3345 tres,
2001 3292 2057 3334 et
2111 3280 2294 3333 videte
2343 3287 2475 3347 quot
2510 3287 2728 3329 sanctos
2761 3273 2916 3327 vobis
2962 3273 3300 3326 ostendimus
3334 3271 3385 3323 ἱιΙ

1815 3372 2252 3426 continuantes.»
2297 3369 2427 3422 Item
2467 3368 2532 3421 id:
2555 3383 2604 3420 m
2631 3364 2959 3419 Athanasius
2994 3363 3045 3416 in
3064 3363 3287 3432 epistola
3322 3364 3388 3413 ait

1817 3464 2169 3532 Serapionem
2201 3464 2279 3514 sic
2307 3462 2532 3514 scribit:
2572 3478 2587 3509 ι
2626 3458 2768 3511 Sane
2793 3471 2916 3510 cum
2941 3456 3097 3509 Pater
3119 3455 3385 3523 Spiritum

1821 3559 2014 3619 mittat,
2051 3555 2214 3609 Filius
2247 3552 2529 3606 insulllans
2563 3551 2722 3603 tradit
2756 3565 2880 3603 eum
2919 3549 3218 3615 discipulis.
3264 3564 3386 3598 nam

1818 3661 2014 3703 cuncta
2051 3664 2171 3716 qua:
2200 3649 2361 3698 Pater
2392 3645 2573 3703 habet,
2607 3641 2726 3694 Filii
2760 3649 2912 3695 sunt.
2956 3659 2972 3691 ι
3009 3639 3388 3693 Consentanea

1819 3744 1903 3796 bis
1938 3741 2127 3796 scribit
2181 3741 2445 3792 maximus
2475 3736 2706 3807 Cyrillus
2753 3736 2807 3788 in
2857 3735 3206 3789 enarratione
3256 3733 3387 3786 n0ni

1819 3834 2279 3895 anathematismi,
2338 3832 2425 3884 ubi
2481 3832 2555 3881 ait
2594 3847 2606 3881 :
2652 3847 2668 3878 ι
2708 3827 2882 3881 llomo
2927 3827 3099 3880 lactus
3135 3825 3226 3878 Dei
3265 3825 3392 3878 Ver

1820 3926 1972 3988 bum,
2024 3924 2102 3978 sic
2137 3923 2299 3975 etiam
2340 3919 2538 3973 mansit
2583 3919 2746 3981 Deus,
2793 3916 2974 3970 omnia
3014 3915 3222 3969 habens
3269 3930 3390 3982 qum

1820 4015 2001 4075 Pater,
2057 4022 2285 4081 excepto
2337 4021 2546 4065 tantum
2606 4023 2671 4062 eo
2725 4008 2868 4077 quod
2919 4023 3027 4062 non
3070 4017 3154 4060 est
3195 4008 3388 4070 Pater;

1821 4107 2212 4177 propriumque
2259 4101 2472 4156 habens
2501 4117 2566 4154 ex
2603 4101 2783 4170 seipso
2816 4099 3003 4160 Filius.
3041 4109 3094 4151 et
3125 4099 3394 4151 essentia-

1824 4195 1943 4248 liter
1975 4192 2196 4246 insitum
2243 4191 2296 4244 in
2342 4205 2400 4242 se
2447 4190 2713 4259 Spiritum
2756 4198 3006 4244 sanetum
3061 4188 3395 4241 vaticinaba-

1826 4296 1930 4340 tur.
1968 4306 1986 4337 ι
2019 4285 2189 4340 Audis
2225 4284 2352 4338 illud
2400 4301 2465 4338 ex
2512 4298 2598 4338 eo.
2651 4283 2884 4336 Alittilne
2935 4282 3098 4350 igitur
3147 4281 3391 4344 denotat,

1827 4377 1925 4430 nisi
1951 4391 2012 4429 ex
2047 4390 2111 4429 eo
2149 4374 2555 4443 procedentem,
2603 4383 2658 4426 et
2686 4381 2884 4427 cuncta
2920 4373 3206 4425 habentem
3243 4388 3393 4441 quae-

144 4464 288 4516 Θεοῦ
339 4465 534 4530 Λόγος,
587 4463 963 4531 ἐπιμεμένηκε
1011 4461 1111 4511 ’καὶ
1159 4459 1301 4512 οὓτω
1350 4460 1504 4526 Θεὸς,
1543 4461 1710 4513 πάντα

1826 4481 2043 4534 cunque
2071 4463 2229 4518 Pater
2273 4463 2472 4517 habet?
2504 4463 2795 4532 Percipite,
2831 4463 3078 4515 homines
3119 4461 3231 4524 Dei,
3270 4476 3392 4529 per-

143 4562 290 4628 ἒχων
315 4552 411 4610 ὅσα
441 4557 538 4611 καὶ
561 4559 586 4608 ὀ
618 4555 825 4624 Πατὴρ,
858 4556 980 4622 δίχα
1013 4555 1173 4621 μόνον
1204 4552 1299 4606 τοῦ
1329 4549 1468 4607 εἶναι
1494 4555 1684 4625 Πατήρ
1706 4573 1719 4584 ·

147 4654 245 4705 καὶ
281 4651 412 4701 ἴδιον
439 4649 576 4719 ἔχων
613 4649 673 4700 τὸ
702 4647 762 4711 ἐξ
792 4645 954 4699 αὑτοῦ
982 4648 1077 4700 καὶ
1104 4646 1376 4708 ούσιωδῶς
1406 4647 1723 4716 ὲμπεφυκὲς

145 4744 304 4812 αὑτῷ
337 4740 559 4810 Πνεῦμα
613 4740 789 4807 ἅγιον,
828 4740 1115 4806 εἰργάζετο
1164 4739 1261 4800 τὰς
1308 4739 1653 4807 θεοσημείας.
1699 4761 1714 4790 ι

147 4837 435 4896 Ἱικουσας
463 4832 524 4884 τὸ
556 4831 614 4895 ἐξ
645 4829 848 4894 αὑτοῦ;
893 4831 1037 4896 Ἀρα
1073 4829 1124 4880 τί
1161 4828 1353 4897 δηλοῦν
1388 4828 1654 4897 βούλεται,
1689 4828 1722 4899 ἢ

144 4930 231 4980 ὅτι
265 4927 326 4978 τὸ
365 4925 424 4988 ἐξ
475 4923 639 4977 αὐτοῦ
700 4921 943 4992 δηλονότι
997 4921 1429 4989 ἐκπορευόμενον
1458 4938 1470 4952 ·
1515 4923 1610 4973 καὶ
1667 4925 1728 4972 τὸ

145 5021 333 5072 πάντα
362 5017 503 5085 ἔχων
540 5017 640 5068 ὅσα
679 5016 773 5066 καὶ
809 5016 836 5066 0
869 5013 1097 5082 Πατήρ;
1139 5013 1483 5080 Ἐννοήσατε,
1517 5013 1727 5082 ἁνθρω·

151 5130 243 5163 ποι
275 5109 368 5161 τοῦ
395 5106 554 5170 Θεοῦ,
583 5108 894 5174 ἐννοήσατε.
935 5105 991 5156 Ὀ
1020 5105 1075 5155 δὲ
1100 5103 1250 5170 ᾶγιος
1288 5104 1534 5169 Ίλάριος,
1573 5107 1628 5156 ὲν
1653 5105 1728 5174 τῷ

148 5207 297 5271 λόγῳ
329 5200 407 5269 τῷ
449 5197 589 5266 μετὰ
629 5196 727 5266 τὴν
779 5193 1158 5264 Πεντηκοστὴν
1207 5195 1726 5263 ἁναγινωσχομένῳ,

143 5299 205 5349 ιν
233 5297 304 5364 τῇ
346 5293 507 5360 ἑορτῇ
538 5291 635 5357 τῆς
673 5287 835 5354 ἁγίας
887 5285 1136 5354 Τριὰδος,
1167 5284 1309 5337 οὕτω
1357 5287 1490 5354 φησι
1517 5300 1531 5316 ο
1570 5305 1587 5336 ι
1628 5289 1726 5339 Πι-

145 5387 418 5454 στεύομεν
447 5384 525 5444 είς
555 5381 652 5452 τὴν
678 5379 842 5448 ἁγίαν
877 5377 1082 5447 Τριάδα
1103 5392 1115 5406 ⁸
1150 5376 1396 5429 τουτέστι
1429 5378 1519 5428 τὸν
1551 5379 1723 5431 Πατέ.

148 5498 243 5550 ρα,
265 5473 473 5530 καὶτὸν
494 5472 644 5536 Υίδιν,
671 5471 845 5522 καὶτὸ
869 5472 1022 5538 ἁγιον
1050 5467 1292 5537 Πνεῦμα,
1317 5469 1414 5521 ἱνα
1431 5467 1563 5520 Θεὸν
1582 5485 1718 5522 παν.

141 5569 486 5632 τοδύναμον·
516 5564 644 5633 μιᾶς
666 5561 876 5628 οὐσίας,
911 5561 1040 5629 μιᾶς
1061 5558 1364 5628 ὑπάρξεως,
1399 5560 1528 5627 μιᾶς
1567 5559 1720 5624 ὲξου-

222 5749 305 5818 (ι)
333 5745 478 5801 Inter
505 5745 800 5816 impressos
833 5757 943 5798 non
976 5741 1203 5797 habetur
1223 5741 1310 5798 hic
1337 5757 1540 5798 sermo.

1827 4558 2010 4626 cipite.
2043 4558 2275 4610 Sanctus
2308 4554 2543 4608 Hilarius
2591 4555 2643 4607 in
2681 4569 2934 4607 sermone
2978 4555 3068 4622 qui
3109 4561 3227 4621 post
3253 4551 3393 4605 Pen-

1830 4659 2070 4705 tecosten
2109 4650 2329 4719 legitur,
2363 4648 2415 4702 in
2456 4649 2594 4700 testo
2629 4658 2830 4699 sancta:
2866 4645 3147 4697 Trinitatis
3179 4644 3278 4712 (Ι),
3313 4645 3394 4698 sic

1830 4744 1951 4798 ait:
2007 4760 2025 4793 ι
2070 4741 2354 4796 Credimus
2401 4740 2456 4793 in
2501 4749 2740 4793 sanctam
2787 4735 3132 4799 Trinitatem,
3175 4735 3225 4787 id
3273 4744 3392 4798 est,

1833 4833 2068 4895 Patrem,
2095 4829 2312 4894 Filium,
2341 4839 2395 4883 et
2419 4829 2682 4897 Spiritum
2708 4835 2977 4886 sanctum,
3014 4839 3180 4876 unum
3228 4823 3394 4876 Deum

1832 4923 2300 4992 omnipotentem,
2345 4923 2509 4974 unius
2556 4918 2826 4980 essentia»,
2863 4916 3022 4969 unius
3054 4915 3392 4981 substantiae,

1834 5017 1996 5068 unius
2026 5023 2329 5082 potestatis,
2355 5011 2600 5064 omnium
2636 5019 3002 5064 creaturarum
3029 5006 3302 5074 Opiticein,
3327 5021 3396 5060 ex

1830 5120 1938 5175 quo
1957 5104 2161 5166 omnia,
2193 5119 2288 5172 per
2308 5118 2466 5172 quem
2499 5101 2701 5166 omnia,
2734 5100 2787 5153 in
2817 5113 2925 5168 quo
2946 5098 3148 5162 omnia,
3182 5096 3394 5151 Patrem

1832 5211 1861 5249 a
1897 5209 1976 5257 se,
2010 5210 2120 5248 non
2158 5195 2226 5248 ab
2257 5194 2382 5256 alio,
2423 5193 2616 5246 Filum
2644 5208 2706 5245 ex
2741 5190 2901 5243 Patre
2934 5189 3194 5259 genitum,
3227 5187 3396 5241 Deum

1833 5303 2022 5342 verum
2045 5286 2114 5340 de
2149 5288 2258 5341 Deo
2290 5300 2441 5348 vero,
2477 5286 2654 5337 lumen
2683 5297 2868 5335 verum
2901 5284 2965 5334 de
3002 5279 3203 5332 lumine
3232 5294 3394 5344 vero;

1824 5395 1939 5435 non
1976 5393 2156 5433 tamen
2196 5379 2303 5432 duo
2337 5377 2559 5438 lumina,
2591 5375 2681 5429 sed
2711 5389 2875 5427 unum
2903 5373 3106 5437 lumen,
3138 5370 3397 5440 Spiritum

1831 5477 2082 5523 sanctum
2114 5468 2398 5536 aequaliter
2425 5481 2456 5519 a
2484 5464 2642 5520 Patre
2672 5474 2727 5519 et
2759 5463 2894 5517 Filio
2924 5461 3330 5531 procedentem.
3369 5478 3389 5510 ι

1829 5564 1972 5629 lam,
2001 5574 2059 5619 ut
2088 5578 2190 5633 ego
2222 5563 2475 5628 arbitror,
2503 5561 2619 5616 ham
2646 5558 2946 5613 auctoritas
2983 5556 3141 5612 solvit
3178 5568 3396 5608 onmem
