4160 6424
180 340 298 403 1157

769 332 920 396 PRO
961 340 1172 398 CONC.
1213 342 1590 406 FLORENT.
1628 345 1793 407 CAP.
1836 346 1881 408 Ῑ.
1916 346 2022 407 DE
2056 347 2378 410 SPJRITU
2424 346 2737 410 SANCTO.

3283 339 3417 401 1158

180 452 375 519 Πατὴρ,
408 452 464 504 ἐν
503 451 600 522 μὲν
630 451 706 519 τῷ
738 452 902 520 ἕκτῳ,
932 450 991 503 τὸ
1020 452 1078 515 ἐξ
1106 450 1269 503 αὐτοῦ
1300 468 1360 502 τε
1385 453 1479 504 καὶ
1506 453 1562 504 ἐν
1593 452 1728 521 αὑτᾷ

1840 465 2004 517 quam
2041 450 2183 517 quod
2233 451 2397 504 Pater
2450 467 2576 505 eum
2628 451 2900 521 producit,
2944 453 3180 507 infundit
3232 462 3417 507 autem

176 544 410 597 κιὶῖδιον
466 544 628 597 αὑτοῦ
653 561 668 576 ο
707 548 766 596 ἐν
809 544 865 597 δὲ
897 543 977 613 τῷ
1011 542 1226 611 ἐῦσίόμῳ
1277 544 1377 595 ούκ
1430 544 1492 594 ἐκ
1528 543 1730 613 μέτρου

174 635 344 687 δίδωσι
396 635 455 687 τὸ
503 634 734 704 Πνεῦμα
777 632 917 688 κατὰ
963 633 1059 702 τὴν
1101 634 1350 687 Ἰωάννου
1381 633 1587 704 φωνὴν,
1616 633 1732 687 ἀλλ’

173 726 324 787 αὐτὸς
358 727 566 794 ἐνίησιν
597 727 729 779 αὐτὸ
770 726 832 789 ἐξ
863 724 1080 788 ἐαυτοῦ,
1126 726 1374 794 καθάπερ
1415 726 1607 795 ἀμέλει
1640 725 1733 777 καὶ

172 818 197 867 6
230 817 434 887 Πατήρ.
480 818 540 870 Ei
578 812 671 870 οῦν
726 817 975 888 καθάπερ
1022 820 1049 870 6
1104 816 1293 886 Πατὴρ
1342 816 1635 885 προσάλλει
1672 816 1731 868 τὸ

176 908 389 977 Πνεῦμα
432 909 528 962 καὶ
554 910 583 963 6
620 907 767 971 Υίὸς.
795 910 847 961 τί
892 909 972 962 ἔτι
1030 909 1186 978 (ipsi;
1222 909 1633 977 ἀμφιδάλλετε;
1682 909 1729 961 εἰ

173 1004 266 1071 μὲν
291 1005 396 1075 γὰρ
428 1005 563 1058 διότι
599 1008 787 1075 φησὶν,
829 1006 888 1059 'O
924 1007 1076 1073 ᾶγιος
1110 1005 1307 1074 ἐνίησι,
1342 1007 1435 1059 καὶ
1472 1006 1533 1058 ού
1561 1006 1733 1072 λέγει,

168 1096 478 1165 προϐάλλει,
501 1096 533 1163 ἢ
558 1097 827 1166 πρόεισιν,
860 1097 894 1162 ἦ
924 1096 1233 1166 ἐκπορεύει,
1260 1096 1395 1150 ἀλλὰ
1419 1098 1478 1150 τὸ
1504 1098 1731 1167 ἐνίησινο

166 1186 380 1253 ἀδελφοὶ
436 1187 635 1240 ταυτὸν
686 1174 934 1257 βούλετάι
984 1188 1063 1258 τῷ
1124 1188 1502 1259 ἐκπορεύεται,
1541 1190 1732 1260 ἐπειδὴ

160 1282 262 1349 τὴν
290 1280 457 1350 αὐτὴν
484 1281 645 1349 ῥῆσιν
676 1284 769 1334 καὶ
818 1282 911 1334 ἐπὶ
942 1284 1033 1335 τοῦ
1072 1283 1280 1352 [ἰατρὸς
1325 1281 1544 1352 τίθησι·
1581 1281 1731 1349 λέγει

162 1373 288 1440 γὰρ,
330 1371 567 1442 Ἐνίησιν
595 1373 725 1425 αὐτὸ
747 1372 993 1443 καθάπερ
1018 1372 1111 1424 καὶ
1142 1374 1169 1425 6
1197 1373 1408 1443 Πατήρ.
1441 1372 1603 1424 Ὥστε
1634 1374 1729 1424 καὶ

159 1464 186 1514 6
218 1463 403 1532 Πατὴρ
436 1464 611 1533 ἐνίησι
639 1464 701 1516 τὸ
748 1462 992 1532 Πνεῦμα.
1035 1462 1104 1517 El
1150 1457 1245 1515 οὖν
1280 1462 1492 1531 ἐνίησιν
1539 1462 1668 1514 αὐτὸ
1702 1461 1729 1513 6

161 1555 369 1624 Πατὴρ,
398 1555 555 1608 τοῦτο
588 1555 643 1608 δέ
675 1556 775 1608 οὐκ
805 1556 931 1608 ἀλλο
958 1572 1009 1607 τι
1041 1555 1122 1607 δεῖ
1152 1555 1350 1607 ἐννοεῖν
1379 1554 1549 1623 ἡμᾶς,
1578 1552 1610 1623 ἢ
1647 1555 1727 1606 ὅτι

158 1647 444 1715 ἐκπορεύει
476 1649 606 1717 αὐτὸ
634 1651 661 1702 6
692 1649 898 1718 Πατὴρ,
936 1648 1111 1718 ἐνίησι
1143 1647 1199 1700 δὲ
1228 1646 1387 1701 τοῦτο
1417 1650 1511 1701 καὶ
1540 1649 1567 1700 6
1598 1647 1727 1709 Υἱὸς

1835 557 1959 595 eum
1994 551 2046 595 et
2094 540 2268 595 Filius
2301 543 2763 610 quemadmodum
2819 540 2980 596 Pater
3009 562 3022 597 :
3059 547 3260 598 emittit
3288 562 3419 613 ergo

1835 634 2005 689 Filius
2035 632 2510 703 fquetuadmodum
2550 635 2735 702 utique
2788 643 2843 687 et
2882 633 3073 697 Pater,
3115 650 3237 688 nam
3288 652 3416 689 cum

1835 724 2154 794 simpliciter
2179 723 2434 778 audimus
2471 742 2487 773 ι
2526 722 2761 793 Spiritus
2797 725 2996 789 Patris,
3042 743 3061 774 ι
3104 724 3237 777 nihil
3270 724 3414 778 aliud

1835 818 2188 887 intelligimus
2220 817 2324 871 nisi
2359 832 2423 871 ex
2454 818 2612 872 Patre
2643 833 2766 873 eum
2799 819 3116 888 procedere.
3152 817 3413 884 Sequitur

1835 924 1965 980 ergo
2004 909 2166 964 etiam
2200 926 2320 963 cum
2354 910 2423 964 de
2449 907 2586 963 Filio
2623 910 2724 964 hoc
2763 911 3119 972 audierimus,
3171 928 3185 960 t
3229 907 3406 977 Spiri-

1840 1014 1951 1057 tum
1977 1004 2119 1068 Filii,
2157 1019 2178 1054 ll
2217 1012 2269 1057 et
2297 1018 2361 1057 ex
2392 1002 2529 1056 Filio
2558 1002 2941 1070 procedentem
2981 1000 3288 1055 necessario
3311 1015 3412 1054 nos

1839 1093 2166 1159 intelligi-re,
2219 1107 2393 1161 eoque
2438 1092 2599 1146 modo
2634 1108 2762 1145 vera
2813 1092 3065 1155 dicimus,
3111 1100 3167 1145 et
3207 1090 3417 1144 sanctis

1841 1185 2241 1248 consentimus,
2300 1184 2532 1238 dicendo
2561 1199 2625 1238 ex
2689 1183 2846 1238 Patre
2899 1195 2951 1237 et
2984 1184 3122 1237 Filio
3165 1193 3414 1237 sanctum

1842 1281 2135 1347 procedere
2168 1276 2455 1345 Spiritum.
2494 1277 2562 1329 At
2610 1277 2661 1330 id
2698 1277 2915 1345 qilidcm
2964 1275 3202 1329 dilucide
3231 1282 3415 1327 osten-

1835 1385 1955 1424 sum
1995 1376 2102 1435 e‘st,
2135 1370 2425 1438 radiosque
2461 1370 2528 1423 ad
2564 1370 2733 1422 instar
2767 1369 2898 1423 solis
2930 1368 3131 1421 emittit
3162 1366 3277 1420 haec
3316 1380 3416 1418 ex-

1835 1462 2055 1533 positio,
2088 1462 2347 1516 adversus
2383 1478 2545 1530 quam
2587 1478 2712 1515 cum
2747 1463 3019 1531 resp‘cere
3046 1475 3153 1513 non
3182 1458 3414 1529 possint,

1834 1554 1926 1623 qui
1964 1564 2174 1609 noctua:
2200 1554 2388 1609 oculos
2425 1555 2652 1619 habent,
2687 1568 2901 1607 sursum
2944 1554 3198 1607 deorsum
3244 1550 3417 1606 oll‘eno

1834 1649 1994 1703 dunt.

157 1742 409 1811 καθάπερ
455 1744 602 1795 καὶὸ
638 1744 850 1812 Πατὴρ,
890 1742 1181 1812 ἐκπορεύει
1217 1743 1326 1813 ἄρα
1375 1740 1535 1795 τοῦτο
1580 1742 1674 1794 καὶ
1707 1742 1735 1794 ὁ
1769 1740 1922 1807 Υἱὸς,
1977 1742 2231 1813 καθάπερ
2282 1741 2577 1813 τοιγαροῦν
2629 1741 2725 1795 καὶ
2785 1744 2812 1793 6
2863 1743 3076 1810 Πατήρ.
3133 1742 3240 1793 Καὶ
3302 1738 3412 1808 γὰδ

156 1838 285 1890 ὅταν
314 1840 635 1909 ἀκούσωμεν
661 1840 845 1902 ἁπλῶς
875 1840 934 1894 τὸ
980 1840 1200 1910 Πνεῦμα
1229 1838 1326 1893 τοῦ
1357 1841 1587 1912 Πατρὸς,
1620 1841 1721 1895 οὐκ
1763 1842 1893 1896 ἀλλο
1918 1860 1974 1895 τι
2007 1843 2321 1911 ἐννοουμεν,
2354 1843 2388 1911 ἢ
2419 1844 2479 1894 τὸ
2508 1842 2572 1894 ἐκ
2605 1840 2699 1894 τοῦ
2767 1842 2976 1909 Πατρὶς
3047 1842 3417 1910 ἐκπορευόμε..

154 1948 261 1984 νον.
303 1931 533 1985 Ἐπεται
559 1932 670 1995 οῦν,
705 1934 797 1987 καὶ
824 1936 951 1988 ὅταν
985 1936 1078 1987 ἐπὶ
1101 1938 1192 1988 τοῦ
1229 1935 1357 1989 Υίοῦ
1384 1936 1530 1990 τοῦτ’
1560 1937 1907 2005 ἀκούσωμεμ,
1937 1937 1999 1989 τὸ
2029 1936 2253 2003 Πνεῦμα
2279 1935 2373 1989 τοῦ
2416 1934 2567 1997 Υἱοῦ,
2601 1937 2695 1988 καὶ
2770 1937 2832 1988 ἐκ
2894 1933 2988 1987 τοῦ
3056 1934 3186 1986 Υἱοῦ
3249 1934 3415 1985 ἐκπο-

154 2030 452 2098 ρευόμενον
497 2032 809 2099 ἀναγκαίως
860 2034 1000 2086 νοεῖν
1052 2034 1219 2104 ἡμᾶς.
1277 2035 1386 2088 Καὶ
1436 2034 1611 2105 τούτῳ
1642 2034 1720 2103 τῷ
1758 2037 1944 2105 τρόπῳ
2025 2033 2387 2101 ἀληθεύομεν,
2458 2032 2552 2086 καὶ
2596 2034 2708 2095 τοῖς
2759 2033 2939 2101 ἁγίοις
2985 2027 3409 2099 συμφωνοῦμεν,

150 2122 404 2189 λέγοντες
451 2124 532 2176 ὅτι
565 2126 626 2177 ἐκ
679 2125 771 2178 τοῦ
814 2125 1023 2193 Πατρός
1055 2127 1148 2179 καὶ
1193 2125 1286 2179 τοῦ
1318 2124 1447 2179 Υίοῦ
1479 2127 1538 2179 τὸ
1567 2128 1723 2195 ἅγιον
1764 2125 2122 2197 ἐκπορεύεται
2158 2124 2378 2194 Πνεῦμα
2403 2140 2421 2157 ·
2456 2123 2592 2177 ἀλλά
2637 2123 2792 2176 τοῦτο
2826 2124 2925 2192 μὲν
2991 2121 3262 2191 λαμπρῶς
3323 2120 3412 2173 δέ-

151 2220 398 2271 δεικται·
447 2218 670 2279 καὶτὰς
722 2220 943 2284 ἀκτῖνας
975 2223 1133 2291 δίκην
1180 2222 1332 2293 ἡλίου
1366 2223 1644 2293 ἐκπέμπει
1688 2226 1721 2294 ὴ
1761 2224 2027 2295 ἐξήγησις
2079 2223 2241 2292 αὕτη.
2279 2223 2369 2284 Εἰς
2404 2222 2583 2292 ἥνπερ
2661 2221 2709 2274 οἶ
2764 2218 3253 2288 νυκτερέφθαλμοί»
3334 2223 3409 2291 μὴ

146 2314 447 2384 δυνάμενοι
498 2314 855 2384 ἀντιϐλέψαι,
904 2316 1017 2370 ἀνω
1077 2318 1172 2369 καὶ
1234 2315 1383 2370 κάτω
1437 2319 1896 2387 προσκόπτουσιν.

911 2410 988 2463 Ζ’.

235 2500 398 2568 Ἐμοὶ
443 2498 500 2551 δέ
529 2500 677 2552 δοκεῖ
718 2501 925 2553 δίκαιον
968 2500 1093 2551 ἐπεὶ
1131 2498 1577 2567 συνεπεράναμεν
1627 2499 1727 2566 τὴν

148 2590 438 2659 ἡμετέραν
472 2590 785 2658 ὑπόσχεσιν,
820 2589 908 2643 διά
942 2589 1239 2658 τριάκοντα
1270 2588 1364 2643 καὶ
1396 2590 1563 2659 τριῶν
1591 2604 1729 2655 μαρ-

144 2682 360 2751 τυριῶν
395 2681 729 2734 ἀνατολικῶν
765 2683 938 2748 ἁγίων
968 2681 1384 2744 ἀποδεικνύντες
1411 2683 1471 2733 τὸ
1506 2682 1729 2749 Πνεῦμα

146 2774 212 2825 τὸ
251 2773 409 2840 ἅγιον
442 2774 535 2826 καὶ
570 2776 632 2826 ἐκ
663 2775 755 2827 τοῦ
796 2774 943 2837 Υίοῦ,
981 2775 1127 2837 ὅπως
1165 2774 1260 2827 καὶ
1292 2774 1522 2827 δυτικῶν
1554 2775 1726 2841 ἁγίων

146 2862 509 2933 μνησθῶμεν,
549 2864 643 2916 καὶ
678 2846 983 2934 μαρτυρίας
1015 2869 1079 2919 ἐκ
1111 2866 1314 2917 τούτων
1346 2865 1599 2929 ἑκάστου,
1634 2864 1727 2917 δύο

141 2956 177 3023 ἥ
210 2957 367 3025 τρεῖς
427 2959 872 3025 προκομίσωμεν,
921 2958 1000 3019 είς
1036 2955 1264 3023 ἔνδειξιν
1312 2957 1397 3009 δτι
1440 2958 1488 3009 οί
1520 2958 1726 3010 δυτικοὶ

138 3048 249 3101 καὶ
276 3047 583 3100 ἀνατολικοὶ
616 3048 928 3101 διδάσκαλοι
964 3048 1336 3117 συμφωνοῦσι,
1364 3050 1455 3103 καὶ
1490 3051 1725 3117 ἀμφιϐο-

138 3142 236 3193 λία
270 3143 501 3210 οὐδεμία
524 3144 671 3195 ἐστὶν
700 3146 757 3195 ἐν
792 3143 995 3203 αὐτοῖς.
1028 3141 1136 3195 Καὶ
1158 3141 1373 3209 πρῶτος
1405 3143 1432 3193 6
1463 3144 1519 3194 ἐν
1550 3142 1726 3209 ἁγίοις

137 3234 470 3304 περίφημος
504 3235 723 3303 καὶτῆς
768 3235 1097 3301 Ἐκκλησίας
1133 3232 1322 3302 Πατὴρ
1353 3232 1446 3285 καὶ
1475 3232 1729 3286 διδάσκα-

134 3324 262 3389 λος,
300 3325 601 3394 Γρηγόριός
631 3342 778 3393 φημι
804 3328 829 3376 6
858 3325 1133 3391 Διάλογος,
1164 3324 1380 3393 παρίτω
1408 3340 1729 3393 συμμαρτυ-

136 3418 343 3488 ρήσων
406 3420 517 3479 τοῖς
569 3418 905 3479 ἀνατολικοῖς
953 3418 1315 3480 διδασκάλοις.
1375 3417 1575 3470 Τοῦτον
1616 3419 1727 3485 γὰρ

132 3510 241 3562 καὶ
299 3510 333 3578 ἠ
391 3506 687 3578 ἀνατολικὴ
731 3508 1028 3576 Ἐκκλησία
1075 3505 1396 3561 διδάσκαλον
1441 3510 1533 3560 καὶ
1571 3507 1725 3575 ἀγιον

125 3600 258 3669 ἔχει
284 3614 301 3628 ⁸
341 3599 433 3651 καὶ
483 3599 583 3668 τὴν
628 3599 849 3666 μνήμην
889 3597 1077 3663 αὑτοῦ,
1119 3598 1351 3651 ἑκάστου
1402 3598 1553 3659 ἔτους
1609 3596 1725 3667 μετ’

123 3691 432 3761 εὐφημίας
451 3692 572 3757 ἄγει
600 3707 614 3721 ·
643 3691 739 3743 καὶ
765 3691 825 3742 οὐ
855 3690 1129 3758 δυνάμεθα
1156 3690 1523 3759 ἀρνήσασθαι.
1556 3691 1724 3753 Οῦτος

123 3746 349 3852 γάρὲν
384 3746 465 3832 ἐνὶ
498 3746 613 3833 τῶν
645 3780 810 3835 αὑτοῦ
866 3746 1337 3851 συγγραμμάτων,
1382 3782 1520 3849 μετά
1554 3746 1724 3836 πολλά
1747 3746 1795 3812 C‘

121 3876 279 3930 ἄλλα
332 3872 532 3943 φησιν’
572 3891 590 3925 t
628 3872 793 3925 Ὅθεν
840 3872 937 3926 καὶ
985 3873 1123 3942 αὐτὴ
1157 3874 1189 3942 ἡ
1234 3874 1462 3943 ἀλήθεια
1493 3874 1580 3927 ῐνα
1612 3876 1725 3937 τοῖς

121 3969 429 4037 μαθηταῖς
473 3966 657 4018 πίστιν
686 3966 918 4034 προσθῇ,
951 3961 1103 4018 εἶπεν
1132 3982 1145 3995 ⁸
1192 3966 1317 4019 Ἐὰν
1357 3967 1462 4036 γὰρ
1497 3965 1607 4033 ἐγὼ
1649 3968 1723 4036 μὴ

118 4062 397 4122 ἀπέλθω,
437 4060 466 4113 6
522 4060 876 4130 Παράκλητος
922 4060 1043 4112 σῦκ’
1073 4060 1353 4113 ἐλεύσεται
1390 4060 1523 4129 πρὸς
1557 4061 1720 4128 ὑμᾶς.

132 4154 319 4208 Ἐπεὶ
348 4152 455 4219 γὰρ
480 4152 693 4220 ἀνάγκη
727 4150 842 4203 ἐστὶ
864 4152 955 4203 τὸν
988 4152 1363 4221 Παράκλητον,
1388 4151 1450 4203 τὸ
1479 4149 1723 4218 Πνεῦμα,

116 4248 191 4297 ἐκ
224 4242 340 4295 τοῦ
374 4241 588 4309 Πατρὸς
615 4240 702 4292 ἀεὶ
733 4242 827 4293 καὶ
854 4240 948 4293 τοῦ
979 4241 1109 4293 Υἰοῦ
1140 4241 1556 4311 ἐκπορεύεσθαι,
1584 4240 1727 4302 τίνος

110 4336 312 4405 χάριν
369 4332 565 4385 ἑαυτὸν
602 4334 629 4385 6
686 4331 813 4393 Υίὺς
870 4332 1294 4401 ἀποδημήσοντα
1355 4333 1599 4401 εἴρηκεν⁸
1659 4330 1727 4384 εν,

2573 2400 2682 2455 Vl].

1904 2494 2011 2550 Sed
2039 2495 2172 2549 mihi
2196 2511 2411 2564 arquum
2434 2509 2557 2549 esse
2579 2492 2818 2553 videtur,
2849 2508 2973 2546 cum
2998 2496 3253 2561 prmstitei
3270 2496 3410 2550 imus

1829 2588 1973 2654 quod
2009 2586 2234 2655 polliciti
2269 2601 2482 2649 sumus,
2515 2585 2690 2637 tribus
2724 2592 2778 2636 et
2824 2584 3039 2651 triginta
3083 2586 3410 2642 testimoniis

1827 2676 2190 2734 Orientaliqu
2210 2688 2521 2732 sanctorqu
2560 2676 2807 2746 prolatis,
2845 2676 2911 2730 ad
2944 2682 3407 2747 comprobandum

1828 2786 1893 2823 ex
1924 2768 2062 2823 Filio
2091 2771 2254 2825 etiam
2290 2784 2413 2824 esse
2443 2778 2697 2823 sanctqu
2741 2766 3026 2837 Spiritum,
3084 2781 3140 2823 ut
3189 2782 3409 2825 sancto-

1829 2875 1949 2913 rum
1980 2858 2415 2915 Occidentalium
2469 2860 2805 2913 mentionem
2842 2859 3132 2923 l'aciamus,
3180 2874 3235 2915 et
3285 2864 3411 2916 bina

1830 2952 1915 3006 vel
1946 2962 2099 3005 terna
2141 2952 2450 3006 testimonia
2482 2966 2548 3004 ex
2575 2950 2802 3017 singulis
2828 2951 3144 3014 ail‘eratnus,
3170 2955 3234 3007 ad
3265 2970 3412 3008 com-

1830 3044 2169 3112 probandum
2226 3044 2610 3099 Occidentales
2666 3054 2719 3097 et
2782 3044 3089 3099 Orientales
3160 3049 3411 3100 doctores

1827 3137 2181 3204 concordare,
2219 3153 2318 3192 nec
2353 3142 2474 3193 esse
2521 3140 2574 3193 in
2628 3140 2694 3193 iis
2739 3142 2903 3195 ullam
2952 3140 3407 3210 ambiguitatem:

1828 3233 2145 3304 primusque
2220 3234 2365 3288 inter
2419 3245 2639 3290 sanctos
2695 3235 3088 3290 celeberrimus
3150 3235 3409 3289 Et-ciesise

1829 3323 1988 3377 Pater
2032 3333 2087 3379 et
2129 3324 2338 3388 doctor,
2381 3323 2697 3394 Gregorius,
2756 3328 3001 3395 inquam,
3031 3326 3306 3393 Dialogus,
3343 3326 3411 3377 ad

1830 3416 2235 3470 testiﬁcandum
2262 3432 2367 3471 una
2392 3433 2517 3471 cum
2561 3418 2879 3473 doctoribus
2905 3416 3277 3472 Orientalibus
3315 3432 3410 3471 ac-

1827 3508 2024 3562 cedat:
2053 3524 2175 3562 nam
2210 3524 2338 3563 eum
2371 3511 2536 3563 etiam
2566 3508 2858 3565 Orientalis
2886 3510 3125 3564 Ecclesia
3158 3524 3254 3577 pro
3286 3524 3412 3561 Sun-

1827 3609 1917 3654 cto
1962 3600 2143 3665 habet,
2172 3601 2401 3671 ejusque
2428 3600 3006 3656 commemorationem
3044 3600 3270 3666 singulis
3304 3614 3406 3651 ano

1828 3691 1913 3745 nis
1942 3706 2064 3745 cum
2116 3693 2308 3762 plausu
2363 3694 2597 3763 peragit,
2652 3708 2753 3748 nec
2791 3693 3023 3764 potestis
3075 3692 3311 3747 diliileri.
3360 3693 3411 3746 Is

1828 3798 2062 3850 namque
2090 3784 2141 3837 in
2171 3786 2406 3853 quodam
2439 3801 2539 3841 suo
2568 3794 2805 3841 tractatu
2838 3786 2913 3854 (l)
2944 3786 3204 3854 post-alia
3239 3786 3410 3839 multa

1827 3874 2069 3929 scribit:
2111 3894 2130 3926 ι
2174 3875 2330 3931 Unde
2385 3877 2502 3947 ipsa
2556 3892 2776 3947 quoque
2826 3876 3080 3941 Veritas,
3133 3886 3191 3930 ut
3245 3876 3408 3930 iidem

1826 3962 2106 4034 discipulis
2152 3978 2375 4037 augeret
2408 4007 2421 4030 ,
2470 3970 2642 4023 dixit:
2714 3988 2734 4021 ι
2769 3968 2823 4024 Si
2876 3984 2975 4038 ego
3028 3984 3137 4022 non
3196 3968 3405 4032 abiero,

1826 4054 2142 4112 Paracletus
2194 4075 2303 4114 non
2335 4062 2517 4115 veniet
2550 4062 2618 4115 ad
2649 4077 2799 4116 vos.»
2835 4062 2967 4117 Cum
3004 4061 3146 4113 enim
3172 4070 3405 4126 constet,

1827 4148 1955 4217 quia
1992 4149 2307 4207 Paracletus
2340 4153 2577 4221 Spiritus
2617 4171 2645 4208 a
2698 4154 2858 4210 Patre
2894 4171 3113 4225 semper
3148 4155 3409 4222 procedat

1828 4253 1883 4299 et
1903 4242 2065 4311 Filio,
2098 4260 2196 4299 cur
2218 4261 2277 4300 se
2312 4246 2493 4301 Filius
2520 4262 2862 4303 recessurum
2892 4249 3042 4310 dicit,
3094 4257 3150 4300 ut
3184 4248 3272 4301 ille
3315 4264 3408 4300 ve-

1828 4337 1965 4397 niat,
2019 4336 2112 4404 qui
2149 4351 2179 4391 a
2215 4334 2357 4391 Filio
2391 4353 2668 4408 nunquam
2723 4339 2970 4394 recedit?
3006 4339 3110 4393 Sed
3147 4341 3274 4405 quia
3325 4340 3408 4393 di—

105 4432 358 4487 ἐκεῖνος
390 4424 542 4494 ἔλθῃ,
572 4426 601 4477 6
635 4424 729 4478 τοῦ
774 4423 903 4477 Υίοῦ
938 4424 1206 4493 μηδέποτε
1255 4424 1623 4491 ἀφιστάμενος
1648 4438 1665 4489 ;
1691 4423 1724 4493 ἢ

104 4524 206 4574 ὅτι
277 4520 353 4570 οῖ’
401 4516 690 4570 ἀπόστολοι
734 4518 791 4568 ἐν
840 4517 1002 4585 σαρκὶ
1039 4518 1371 4584 σωματικοῖς
1428 4514 1727 4581 ὀφθαλμοῖς

96 4613 390 4683 δρῶντες
417 4610 510 4663 τὸν
549 4610 757 4671 Κύριον
784 4609 879 4659 καὶ
928 4607 1315 4675 πνευματικῶς
1346 4607 1540 4675 ἐδίψων
1568 4607 1722 4676 ὁρᾷν,

98 4704 328 4776 ὀρθῶς
364 4701 549 4760 αὐτοῖς
576 4700 880 4765 διαλέγεται
903 4715 946 4748 ἰ
971 4699 1095 4752 Ἐὰν
1112 4698 1222 4766 γὰρ
1242 4698 1353 4766 ἐγὼ
1385 4701 1457 4769 μὴ
1486 4698 1722 4765 ἀπέλθω,

83 4802 124 4861 ,ὁ
170 4791 567 4861 Παράκὶητος
601 4791 699 4843 οῦκ
720 4790 1014 4842 ἐλεύσεται·
1048 4807 1067 4838 ι
1103 4789 1297 4859 ῶσπερ
1329 4789 1394 4842 ἂν
1419 4793 1468 4843 εί
1500 4791 1727 4861 διαρρή-

90 4895 212 4959 δην
258 4885 463 4945 αὐτοῖς
503 4883 708 4949 ἔλεγεν,
752 4882 875 4933 Ἐὰν
905 4882 980 4949 μὴ
1013 4881 1071 4931 τὸ
1112 4880 1270 4949 σῶμα
1301 4881 1610 4955 ἀφέλωμαι,
1638 4882 1720 4946 τίς

1830 4878 1951 4930 liter
2004 4894 2265 4941 cernere,
2324 4896 2600 4951 nunquam
2656 4897 2741 4937 me
2796 4884 2982 4938 scietis
3046 4884 3404 4954 spiritualiter

89 4987 173 5035 ἂν
217 4980 331 5043 εἴη
373 4968 407 5028 ὅ
446 4974 815 5040 πνευματικὸς
855 4973 993 5041 ἔρως
1039 4972 1097 5022 οὐ
1130 4972 1410 5039 δείκνυμι·
1442 4974 1532 5023 καὶ
1564 4974 1614 5025 et
1652 4972 1725 5042 μὴ

1830 4984 2035 5023 amare.
2074 4989 2093 5021 ι
2138 4972 2280 5025 Idem
2340 4975 2596 5043 magister
2648 4976 2741 5029 lib.
2779 4992 2794 5029 ι
2832 4976 3136 5039 Moralium,
3179 4993 3300 5046 cap.
3349 4979 3404 5038 8.

90 5066 485 5139 σωματικῶς
519 5081 584 5132 με
614 5063 883 5115 παύσεσθε
914 5064 1220 5131 βλέποντες.
1269 5063 1522 5115 οὐδέποτε
1563 5080 1726 5116 πνευ-

1832 5063 1909 5116 sic
1934 5062 2171 5131 explicat
2205 5082 2216 5115 :
2245 5083 2261 5114 ι
2292 5065 2349 5117 lu
2376 5068 2565 5121 orbem
2590 5068 2704 5121 dies
2726 5069 2957 5121 convivii
2982 5079 3259 5122 transeun;
3284 5083 3436 5122 cum.

83 5177 220 5230 ματ
236 5156 401 5217 cxiii;
443 5154 663 5222 ἀγαπᾷν
693 5152 924 5205 εἴσεσθε.
968 5170 985 5203 ι
1034 5153 1095 5205 '0
1125 5153 1286 5215 αὐτὸς
1314 5152 1634 5215 διδάσκαλος
1664 5157 1723 5207 ἐν

1837 5154 2246 5221 praedicationis
2308 5160 2566 5228 mysteria
2632 5169 2983 5229 peraguntur.
3060 5160 3409 5230 Perar-tisquc

74 5256 173 5322 τῷ
214 5244 457 5318 πρώτῳ
490 5244 676 5313 βιὸλίῳ
707 5244 814 5295 τῶν
858 5241 1101 5297 Ἠθικῶν
1137 5242 1324 5308 αὑτοῦ,
1351 5245 1409 5295 ἐν
1441 5243 1723 5314 κεφαλαίῳ

1830 5246 2087 5301 conviviis
2120 5248 2494 5304 holocaustum
2537 5251 2638 5305 Job
2673 5267 2771 5319 pro
2818 5251 2945 5305 ﬁliis
2994 5252 3193 5305 obtulit
3224 5270 3236 5305 :
3274 5254 3403 5321 quia

68 5344 377 5407 δεκάτῳ,
408 5334 553 5388 οὕτω
582 5334 836 5399 διέξεισιν
858 5351 870 5364 ·
904 5353 923 5385 ι
979 5334 1066 5387 Ἐν
1094 5336 1161 5404 τῇ
1184 5334 1474 5405 οἰκουμένῃ
1501 5336 1558 5387 αἱ
1586 5337 1721 5404 ἡμι-

1830 5352 1924 5405 pro
1944 5340 2204 5406 apOstolis
2247 5341 2316 5395 de
2356 5341 2745 5410 praedicatione
2778 5344 3154 5407 redeuntibus,
3187 5343 3401 5399 Patrem

76 5456 193 5509 ραι
241 5430 386 5485 τῶν
419 5428 737 5498 συμποσίων
784 5426 1174 5497 παρέρχονται,
1212 5428 1429 5480 ἐπειδὰν
1475 5428 1584 5479 τῶν
1620 5444 1719 5498 κη-

1830 5427 2077 5483 Christus
2106 5432 2417 5501 redemptor
2443 5434 2712 5488 exoravit.
2744 5433 2887 5487 Bene
2916 5445 3098 5489 autem
3133 5435 3404 5489 milleudo

69 5524 448 5601 ρυγμάτων
501 5519 853 5572 διατελιίονται
898 5524 966 5572 τὰ
1007 5519 1306 5588 μυστήρια.
1353 5518 1721 5573 Τελεσθέντων

1830 5526 2170 5587 sanctiﬁcare
2214 5527 2436 5595 dicitur,
2489 5532 2616 5599 quia
2657 5530 2784 5584 dum
2816 5530 3076 5597 Spiritum
3126 5538 3401 5591 sanctum,

60 5627 133 5678 δὲ
178 5618 325 5673 τῶν
403 5611 743 5681 συμποσίων,
792 5608 1217 5681 ὁλοκαυτώμκτα
1258 5612 1284 5663 6
1332 5612 1451 5665 ’1ὼό
1487 5613 1721 5682 ἀνήνεγ.

1830 5619 1916 5687 qui
1965 5635 1991 5673 a
2032 5636 2091 5676 se
2146 5622 2412 5689 procedit,
2470 5624 2856 5693 discipulorum
2904 5622 3155 5679 cordibus
3189 5627 3310 5677 ll'lb‘
3339 5625 3400 5689 τι,

1828 4427 2019 4496 seipnli
2053 4428 2344 4483 Dominum
2398 4430 2450 4483 in
2508 4445 2671 4484 carne
2702 4440 3010 4485 cernentes.
3049 4430 3409 4498 spiritualiter

1827 4534 2043 4587 quoque
2081 4520 2269 4574 videre
2302 4520 2585 4585 sitiebant,
2612 4531 2762 4576 recte
2792 4522 2870 4575 eis
2906 4522 3123 4585 dicitur,
3164 4541 3182 4572 τ
3221 4522 3277 4575 Si
3306 4536 3409 4590 ego

1831 4623 1938 4663 non
1975 4609 2180 4672 abiero,
2214 4611 2532 4667 Paracletus
2572 4627 2678 4667 non
2725 4614 2927 4678 veniet,
2963 4630 2983 4664 θ
3037 4628 3101 4668 ac
3136 4613 3181 4666 si
3216 4625 3408 4681 aperte

1827 4697 2110 4753 diceretur
2141 4717 2155 4752 :
2197 4698 2253 4754 Si
2282 4716 2483 4771 corpus
2516 4717 2623 4757 non
2668 4702 2955 4768 subtraho,
2990 4705 3112 4772 quis
3154 4705 3226 4757 sit
3255 4718 3408 4757 amor

1830 4785 2067 4854 Spiritus
2098 4802 2208 4841 non
2245 4792 2475 4844 ostendo
2511 4809 2525 4844 :
2555 4801 2610 4845 et
2645 4791 2750 4847 nisi
2790 4807 2874 4847 me
2902 4793 3178 4848 desieriiis
3213 4808 3407 4848 carna—

152 5799 259 5869 (ι)
304 5788 534 5859 Dialog.
557 5786 613 5855 Ξ,
654 5789 714 5865 in
733 5788 840 5844 line
