4160 6424
162 372 274 437 1161
771 380 924 441 PRO
950 379 1170 442 CONC.
1201 380 1585 444 FLORENT.
1624 381 1787 453 CAP.
1830 383 1880 443 Ι.
1928 381 2028 443 DE
2061 380 2377 445 SPIRITU
2412 381 2724 445 SANCTO.
3248 384 3386 455 1162

168 484 437 557 Ὀρμίσδας
462 485 491 541 6
522 484 822 556 ἀγιώτατος
856 490 1065 555 πάπας,
1106 491 1163 543 ἐν
1196 492 1262 562 τῇ
1299 491 1434 561 πρὸς
1481 491 1707 545 ’1ουστί⁹
1733 514 1751 552 Α

1855 494 2090 562 raprium
2122 493 2539 549 transferamus.
2574 493 2847 565 Magnum,
2889 503 3138 551 sanctum
3194 507 3251 553 et
3299 498 3387 553 in-

158 596 239 633 νον
270 578 351 631 τὸν
399 579 623 648 βασιλέα
668 580 928 652 ἐπιστολῇ
956 581 1103 635 κατὰ
1142 582 1255 635 τῶν
1288 582 1585 650 Νεστορίου
1617 582 1713 635 καὶ

1855 585 2311 655 omprehensibile
2342 585 2629 640 Trinitatis
2665 586 3007 656 mysterium,
3039 588 3185 643 Deus
3208 589 3389 656 Pater,

159 672 407 743 Εὐτυχοῦς
435 672 822 743 βλασφημιῶν,
853 674 996 730 οὕτω
1023 677 1197 747 φησί’
1230 694 1250 729 ε
1284 676 1711 747 Προσκυνοῦμεν

1855 692 1959 732 ιευε
1988 677 2180 741 Filius,
2225 677 2370 733 Deus
2407 676 2643 748 Spiritus
2684 672 3205 743 sanctum-Trinitas
3252 680 3395 735 indi-

158 764 378 835 Πατέρα,
415 765 511 817 καὶ
538 766 690 831 Υἱὸν,
716 769 812 821 καὶ
839 768 996 836 ἅγιον
1028 769 1254 839 Πνεῦμα
1271 784 1286 799 ⁸
1319 771 1416 840 τὴν
1438 771 1714 841 διακεκρι-

1855 768 2051 824 isibilis
2080 786 2093 823 :
2124 778 2309 823 tamen
2360 782 2570 824 certum
2602 779 2685 826 est
2733 770 3015 840 proprium
3064 770 3243 826 Patris
3271 784 3395 825 esse

161 857 318 923 μένως
348 856 691 924 ἀδιάστατον,
737 858 1144 931 ἀκατάληπτον,
1176 862 1271 914 καὶ
1320 861 1713 931 ἀνεκδιήγητον

1855 862 2012 917 'ilium
2048 875 2332 933 generare,
2367 861 2646 930 proprium
2700 860 2825 918 Filii
2872 862 2963 918 Dei
2994 864 3254 932 aequalem
3290 862 3396 917 Pa-

156 951 244 1017 τῆς
286 949 506 1017 Τριάδος
568 951 776 1005 οὐσίαν.
813 951 981 1005 Ἔνθα
1030 952 1136 1005 κᾶν
1187 952 1422 1023 ἀριθμὸν
1468 956 1497 1006 6
1557 954 1715 1022 λόγος

1855 954 1887 1008 ·ἱ
1947 952 2222 1023 generari,
2274 950 2558 1021 praprium
2613 950 2848 1021 Spiritus
2898 954 3073 1009 sancti
3115 968 3182 1007 ex
3234 952 3397 1007 Patre

155 1040 257 1093 τῶν
293 1042 599 1110 προσώπων
634 1042 944 1107 προσίεται,
978 1044 1012 1112 ἡ
1038 1043 1226 1113 ἑνότης
1262 1045 1411 1114 ὅμως
1442 1045 1541 1098 οὐκ
1581 1048 1717 1099 ἀπο-

1858 1043 2119 1098 rocedere
2148 1041 2268 1097 etF
2273 1042 2389 1106 ilio,
2419 1040 2520 1095 sub
2551 1056 2656 1095 una
2682 1044 2919 1097 essentia
2960 1042 3195 1098 deitatis.
3232 1061 3251 1095 ι
3287 1044 3398 1097 Leo

158 1132 330 1185 ϐάλλει
353 1135 452 1202 τὴν
481 1134 694 1189 οὐσίαν.
720 1133 878 1190 Οὕτω
910 1134 1120 1203 μέντοι,
1149 1136 1289 1190 ὥστε
1323 1138 1468 1207 ἡμᾶς
1514 1155 1715 1205 συντη-

1855 1135 2202 1190 anctissimus
2242 1134 2453 1205 et-ipse
2485 1132 2722 1204 antiqua:
2752 1132 2937 1189 Romae
2974 1134 3219 1204 pontifex
3248 1152 3400 1192 sum-

160 1227 263 1293 ρείν
292 1225 506 1295 ἑκάστῳ
539 1226 670 1295 θείῳ
702 1226 983 1297 προσώπῳ
1012 1230 1081 1281 τὰ
1130 1228 1237 1281 ίδια
1263 1242 1277 1256 ·
1310 1230 1404 1283 καὶ
1436 1230 1575 1300 μήτε
1627 1230 1719 1284 διὰ

1855 1244 1958 1293 ius,
1993 1228 2047 1283 in
2072 1228 2250 1297 primo
2278 1242 2532 1282 sermone
2564 1235 2687 1295 post
2734 1225 3091 1282 Pentecosten
3120 1229 3211 1296 qui
3264 1228 3401 1282 inci~

155 1317 256 1369 τῶν
286 1321 592 1388 προσώπων
622 1319 722 1389 τὴν
753 1319 982 1389 ἑνότητα
1028 1321 1131 1389 τῆς
1166 1320 1418 1391 θεότητος
1453 1324 1720 1393 ἀπαρνεῖ-

1858 1323 1945 1378 it:
2002 1341 2021 1374 ι
2080 1320 2408 1375 llodiernam
2463 1320 2906 1385 solemnitatem,
2967 1320 3331 1384 dilectissimi,
3374 1344 3392 1375 ι

156 1410 294 1474 σθαι,
327 1413 465 1482 μήτε
503 1412 639 1483 πρὸς
668 1413 767 1484 τὴν
817 1413 1006 1468 οὐσίαν
1040 1414 1189 1468 τοῦθ’
1217 1416 1355 1484 ὅπερ
1401 1416 1551 1469 ἐστὶν
1582 1417 1717 1470 ίδιον

1855 1415 1898 1470 ic
1923 1412 2102 1482 inquit
2135 1429 2149 1466 :
2184 1430 2202 1463 ι
2240 1412 2299 1466 In
2329 1412 2597 1466 Trinitate
2644 1414 2791 1467 enim
2826 1412 3009 1466 divina
3055 1412 3192 1467 nihil
3240 1415 3401 1469 dissi—

152 1500 253 1554 τῶν
278 1502 584 1571 προσώπων
634 1503 1124 1573 μετακομίζεσθαι.
1187 1507 1369 1574 Μέγα,
1414 1506 1591 1573 ἅγιον,
1626 1510 1718 1560 καὶ

1855 1505 1971 1567 ιὶιε,
2009 1503 2145 1557 nihil
2184 1502 2360 1569 impar
2407 1510 2513 1565 est,
2565 1510 2620 1556 et
2669 1503 2851 1556 omnia
2884 1520 3004 1573 qua:
3044 1504 3111 1558 de
3142 1504 3231 1558 illa
3266 1506 3400 1560 sub-

152 1594 544 1664 ἀκατάληπτον,
570 1596 631 1648 τὸ
656 1592 1007 1667 τῆςὝριάδος
1038 1599 1359 1669 μυστήριον.
1396 1600 1528 1663 Θεὸς
1548 1601 1577 1652 6
1604 1601 1717 1654 ﬂa-

1855 1579 2022 1646 taritia
2058 1593 2287 1662 cogitari
2316 1592 2519 1653 valent.
2552 1606 2655 1647 nec
2688 1592 2912 1660 virtute,
2952 1609 3051 1648 nec
3085 1594 3275 1664 gloria,
3301 1612 3404 1650 nec

145 1686 249 1757 τηρ
268 1704 282 1718 ·
321 1686 452 1750 Θεὸς
482 1688 511 1739 ό
534 1687 662 1752 Υίός
688 1705 703 1720 ο
743 1689 878 1753 Θεὸς
902 1690 964 1742 τὸ
997 1692 1221 1762 Πνεῦμα
1245 1692 1307 1745 τὸ
1334 1691 1490 1759 ἃγιον
1510 1709 1523 1722 ο
1550 1694 1720 1762 Τριάς

1855 1683 2123 1739 :tcrnitate
2172 1683 2405 1738 discreta
2450 1691 2599 1739 sunt.
2652 1683 2900 1754 Cumque
2946 1687 2998 1739 in
3045 1703 3401 1756 personarum

150 1778 465 1847 ἀδιαίρετος.
520 1779 632 1831 Καὶ
681 1780 789 1849 μὴν
838 1780 1129 1849 ἔγνωσται,
1178 1784 1262 1837 ὅτι
1297 1784 1428 1837 ίδιόν
1475 1786 1590 1837 ἐστι
1624 1782 1718 1838 τοῦ

1855 1775 2251 1846 roprietatibus
2282 1775 2425 1830 alius
2453 1774 2526 1830 sit
2555 1773 2736 1840 Pater,
2768 1777 2907 1831 alius
2937 1777 3006 1832 sit
3040 1779 3230 1843 Filius,
3261 1779 3404 1833 alius

149 1845 372 1942 Πατρός,
405 1872 602 1943 γεννᾷν
639 1845 889 1926 τόν-Υίόν
910 1891 926 1906 ο
960 1874 1090 1928 ίδιον
1115 1845 1221 1930 -τοῦ
1254 1875 1385 1930 Tim?
1425 1877 1522 1931 τοῦ
1559 1877 1718 1942 Θεοῦ,

1858 1867 1898 1921 it
1928 1845 2166 1936 Spiritus
2210 1875 2457 1925 sanctus.
2486 1880 2597 1919 non
2638 1873 2818 1920 tamen
2859 1867 2962 1920 alia
3009 1866 3182 1920 deitas
3228 1883 3407 1937 neque

144 1966 209 2018 ἐκ
234 1965 321 2019 τοῦ
352 1966 566 2037 Πατρός
602 1966 717 2030 ἴσος
744 1968 1036 2036 γεννᾶσθαι
1079 1968 1158 2037 τῷ
1206 1969 1376 2040 Πατρί
1403 1986 1418 2002 ο
1456 1971 1589 2025 ῐδιον
1630 1970 1721 2024 τοῦ

1855 1961 2041 2014 liversa
2082 1968 2273 2013 natura
2306 1967 2435 2014 est:
2473 1958 2742 2028 siquidem
2785 1975 2909 2014 cum
2949 1967 3005 2013 et
3044 1960 3111 2014 de
3152 1960 3310 2014 Patre
3336 1962 3409 2016 sit

142 2057 298 2124 ἁγίου
327 2059 669 2130 Πνεύματος.
698 2059 779 2124 τὸ,
827 2062 893 2114 ἐκ
945 2060 1041 2115 τοῦ
1079 2062 1290 2132 Πατρδς
1340 2064 1435 2117 καὶ
1468 2063 1599 2116 Υἱοῦ
1631 2066 1723 2116 ἐκ·

1855 2054 1993 2111 πιιίυε
2023 2057 2358 2127 unigenitus.
2404 2067 2461 2113 et
2496 2056 2735 2126 Spiritus
2768 2069 3012 2120 sanctus,
3046 2057 3221 2113 Patris
3260 2056 3411 2113 Filii-

144 2150 494 2221 πορεύεσθαι,
550 2152 657 2205 ὑπὸ
721 2154 823 2224 μιᾷ
875 2152 1035 2224 οὐσία
1090 2153 1369 2223 θεότητος.
1425 2173 1444 2206 ι
1481 2154 1635 2210 Λέων
1695 2156 1724 2209 6

1855 2163 1935 2219 [ue
1968 2149 2043 2203 sit
2076 2148 2335 2218 Spiritus,
2381 2163 2492 2204 non
2546 2150 2693 2205 sicut
2741 2164 3083 2220 quaecunque
3132 2160 3408 2214 creatura,

150 2243 468 2312 ἁγιώτατος,
540 2245 634 2298 καὶ
692 2244 855 2308 αὐτὸς
902 2245 1003 2313 τῆς
1054 2247 1436 2317 πρεσϐυτέρας
1502 2248 1725 2316 Ῥώμης

1855 2260 1950 2314 [uae
1978 2254 2032 2299 et
2073 2242 2251 2299 Patris
2279 2252 2333 2298 et
2365 2243 2486 2298 Filii
2518 2252 2624 2307 est,
2663 2244 2759 2299 sed
2819 2243 2963 2299 sicut
3012 2258 3137 2299 cum
3176 2254 3411 2313 utroque

141 2339 431 2409 ἀρχιερεὺς
480 2337 759 2407 μέγιστος,
811 2340 868 2391 ἐν
917 2338 996 2407 τῷ
1057 2340 1138 2403 είς
1184 2339 1283 2409 τὴν
1338 2340 1721 2411 Πεντηκοστὴν

1855 2338 2040 2399 'ivens,
2089 2346 2145 2391 et
2197 2345 2411 2407 potens,
2445 2346 2500 2392 et
2530 2337 2917 2407 sempiternus,
2955 2345 3010 2392 et
3054 2351 3121 2392 ex
3168 2350 3234 2392 eo
3267 2338 3412 2406 quod

144 2430 348 2499 πρώτῳ
380 2429 547 2499 λόγῳ,
569 2429 629 2484 οῦ
658 2430 692 2499 ἡ
722 2429 889 2501 ἀρχή·
926 2449 945 2482 1
972 2431 1085 2501 Τὴν
1122 2433 1362 2502 σήμερον
1390 2433 1723 2503 πανήγυριν,

1855 2439 1917 2484 est
1938 2428 2098 2483 Pater
2131 2429 2409 2500 Piliusque
2433 2430 2706 2484 subsistit.
2738 2448 2756 2480 ι

139 2525 360 2593 ἀδελφοὶ
392 2525 784 2592 ποθεινότατοι,
816 2545 834 2579 t
869 2524 1014 2580 οὕτω
1044 2527 1246 2597 φησίν·
1302 2546 1322 2581 ε
1369 2529 1460 2585 Ἐν
1502 2528 1612 2599 γὰρ
1658 2531 1727 2599 τῇ
1763 2527 1884 2598 θείᾳ
1914 2527 2107 2598 Τριάδι
2137 2525 2290 2579 οὐδὲν
2319 2526 2595 2595 ἀνόμοιον,
2653 2526 2807 2580 οὐδὲν
2843 2528 3031 2583 ἄνισόν
3094 2533 3215 2586 ἐστι
3242 2550 3256 2565 °
3321 2534 3417 2587 καὶ

139 2622 319 2675 πάντα
346 2622 412 2675 τά
465 2620 594 2690 περὶ
632 2623 731 2691 τῆς
776 2619 965 2684 ούσίας
1005 2620 1223 2691 ἐκείνης
1270 2622 1512 2677 νοεῖσθαι
1562 2622 1863 2692 δυνάμενα,
1894 2621 2021 2675 οὔτε
2051 2620 2303 2689 δυνάμει,
2372 2617 2497 2672 οὗτε
2543 2618 2692 2690 δόξῃ,
2768 2618 2899 2673 οὔτε
2970 2624 3237 2696 ἁϊδιότητι
3295 2626 3413 2680 δια-

138 2717 446 2786 κέκρινται.
477 2716 669 2776 Ὀντος
702 2713 759 2766 δὲ
800 2715 859 2767 ὲν
887 2715 1006 2777 ταῖς
1037 2714 1148 2769 τῶν
1201 2715 1559 2769 ύποστάσεων
1595 2715 1877 2784 ίδιότησιν,
1909 2714 2071 2768 ἄλλου
2123 2714 2223 2783 μὲν
2264 2711 2359 2767 τοῦ
2440 2712 2682 2783 Πατρός,
2756 2713 2917 2768 ἄλλου
2972 2717 3027 2770 δὲ
3096 2718 3188 2772 τοῦ
3257 2719 3416 2784 Υίοῦ,

138 2810 306 2867 ἄλλου
336 2806 431 2862 τοῦ
467 2809 625 2876 ἁγίου
663 2807 1006 2876 Πνεύματος,
1033 2809 1095 2862 οὗ
1130 2812 1314 2878 μέντοι
1342 2809 1477 2878 ἄλλη
1506 2809 1722 2875 θεότης,
1756 2808 1881 2861 οὐδὲ
1917 2808 2176 2878 διάφορος
2219 2808 2253 2877 ἡ
2305 2806 2470 2875 φύσις
2545 2806 2695 2859 εστίν
2719 2821 2736 2837 ο
2804 2808 2965 2879 εἴπερ
3017 2812 3126 2864 ἀπὸ
3178 2814 3278 2883 μὲν
3323 2816 3419 2868 τοῦ

141 2903 358 2973 Πατρδς
391 2903 421 2955 6
455 2902 585 2964 Υἱός
615 2902 761 2953 ἑστιν
799 2902 828 2953 6
860 2902 1177 2972 μονογενὴς,
1212 2902 1275 2955 τὺ
1302 2903 1360 2955 δὲ
1402 2901 1626 2970 Πνεῦμα
1662 2902 1724 2954 τὸ
1762 2900 1937 2969 ἅγιον,
1982 2903 2196 2972 Πατρός
2220 2903 2316 2957 καὶ
2350 2899 2481 2956 Υίοῦ
2530 2898 2757 2970 Πνεῦμα
2780 2899 2863 2965 ὃν,
2910 2904 3009 2974 οὐχ
3076 2905 3151 2967 ὥς
3220 2923 3273 2958 τι
3308 2909 3419 2960 τῶν

140 3002 463 3068 κτισμάτων
492 2998 640 3064 ειπερ
672 2996 884 3066 Πατρός
914 2999 1022 3049 είσι
1055 2999 1153 3051 καὶ
1179 2995 1333 3061 Υἰοῦ,
1365 2994 1481 3049 ἀλλ’
1508 2996 1584 3058 ὡς
1614 2996 1731 3064 μετ’
1771 2998 2100 3068 ἀμφοτέροιν
2154 2996 2283 3064 ζῶν,
2334 2998 2429 3049 καὶ
2460 2995 2648 3058 ἁῖδίως
2718 2994 2783 3046 ικ
2821 2994 3047 3061 τούτων,
3100 3000 3236 3072 ὅπερ
3301 3005 3425 3060 ἐστὶ

140 3098 171 3150 6
205 3098 395 3165 Πατὴρ
422 3096 515 3149 καὶ
559 3094 687 3156 Υἱὸς
747 3092 1136 3162 ὑφιστάμενον.
1175 3108 1194 3143 ι

228 3191 292 3242 ’0
316 3189 372 3241 δὲ
403 3188 547 3245 θεῖος
586 3184 937 3257 Ἃμϐρόσιος,
980 3178 1024 3252 ᾧ
1050 3188 1077 3237 6
1114 3185 1257 3254 ἱερὸς
1287 3184 1572 3247 Βασίλειος
1604 3186 1722 3237 ἐπι-

1913 3181 2078 3236 Divns
2110 3181 2453 3254 Ambrosius,
2508 3186 2573 3242 ad
2620 3202 2781 3258 quem
2817 3203 2972 3243 sacer
3020 3187 3419 3247 Basilinsscri-

141 3279 385 3336 στέλλων
419 3277 625 3347 ἔλεγεν,
661 3294 681 3327 1
717 3276 854 3342 Ἀγε
886 3276 976 3342 δὴ,
1033 3269 1078 3327 ὦ
1130 3275 1385 3344 ἄνθρωπε
1436 3276 1533 3328 τοῦ
1571 3275 1731 3339 Θεοῦ,

1855 3291 1976 3331 iens
2003 3276 2254 3331 dicebat:
2286 3295 2304 3328 ι
2331 3278 2448 3343 Eia,
2470 3293 2503 3332 ο
2536 3278 2697 3334 homo
2719 3280 2834 3346 Dei,
2858 3282 2984 3350 quia
3011 3281 3076 3335 ab
3108 3284 3423 3339 hominiqu

141 3373 341 3440 ἐπειδὴ
391 3370 453 3422 οὐ
489 3368 647 3438 παρὰ
678 3367 985 3438 ἀνθρώπων
1020 3369 1327 3437 παρέλαϐες
1369 3368 1401 3437 ἦ
1450 3368 1734 3436 ἐδιδάχθης

1859 3385 1947 3423 non
1972 3368 2257 3438 accepisti,
2289 3384 2391 3423 nec
2421 3370 2663 3426 didicisti
2691 3369 3039 3441 Evangeliuui
3072 3373 3296 3439 Christi,
3324 3381 3423 3432 sed

140 3467 209 3519 τὸ
269 3462 602 3530 Εύαγγέλιον
655 3459 750 3513 τοῦ
788 3459 1050 3529 Χριστοῦ,
1106 3460 1223 3512 ἀλλ’
1252 3460 1416 3521 αὐτὸς
1454 3461 1482 3513 6
1532 3460 1737 3528 Κύριος

1864 3476 1957 3531 pse
2016 3461 2282 3515 Dominus
2336 3476 2365 3516 a
2393 3463 2676 3530 iudicibus
2711 3464 2779 3518 ad
2821 3464 3191 3527 apostolorum
3226 3470 3421 3524 solium

141 3558 258 3611 ἀπὸ
308 3556 417 3608 τῶν
445 3553 651 3625 κριτῶν
684 3554 778 3607 ἐπὶ
814 3553 913 3623 τὴν
950 3554 1242 3623 προεδρίαν
1278 3554 1386 3606 τῶν
1419 3554 1738 3607 ἀποστόλων

1855 3553 2146 3615 ινσηειυιίι,
2200 3572 2218 3604 ι
2263 3553 2376 3618 hic,
2416 3553 2663 3623 inquam,
2723 3556 2787 3609 ad
2829 3555 3148 3611 Gratianum
3192 3560 3427 3631 impera-

144 3648 460 3718 μετέθηκεν
482 3662 495 3675 ’
535 3665 554 3697 ι
587 3639 742 3708 οὗτος
771 3644 835 3716 δὴ
871 3646 1004 3715 πρὸς
1048 3646 1346 3716 Γριτιανὸν
1383 3645 1477 3698 τδν
1518 3646 1741 3716 βασιλέα

139 3744 204 3791 ὲν
236 3739 314 3808 τῷ
351 3737 553 3808 πρώτῳ
587 3737 781 3807 βιϐλίῳ
812 3739 870 3790 ἐν
900 3737 980 3807 τῷ
1008 3736 1254 3808 περὶτοῦ
1290 3738 1448 3805 ἁγίου
1485 3739 1736 3806 Πνεύμαο

141 3851 241 3895 τος
269 3832 557 3900 κεφαλαίῳ
593 3831 826 3900 δεκάτῳ,
859 3830 1027 3899 φησίν
1055 3845 1070 3861 ο
1105 3847 1125 3881 ε
1172 3829 1321 3883 Ἀλλ’
1357 3828 1481 3883 οὔτε
1514 3831 1739 3884 ἐπειδὰν

140 3929 215 3979 ὲκ
247 3924 345 3976 τοῦ
381 3923 594 3993 Πατρδς
634 3922 917 3993 ἐξέρχεται
947 3923 975 3975 ὁ
1012 3922 1164 3985 Υἱὸς,
1195 3922 1303 3975 ἀπὸ
1333 3922 1498 3976 τόπου
1531 3925 1743 3992 ἀναχω-

143 4023 261 4092 ρεῖ,
318 4020 413 4072 καὶ
454 4019 588 4072 ὡσεὶ
618 4018 777 4087 σῶμα
810 4018 1101 4088 χωρίζεται
1137 4018 1245 4070 ἀπὸ
1296 4015 1569 4086 σώματος.
1602 4017 1741 4074 Οὐδὲ

140 4112 262 4179 γὰρ
294 4111 355 4161 ὲν
386 4109 463 4177 τῷ
496 4109 667 4177 Πατρὶ
697 4108 771 4170 ώς
799 4109 961 4171 δῆθεν
986 4109 1042 4160 ιν
1076 4106 1312 4175 σώματι,
1341 4107 1435 4160 ᾶτε
1462 4106 1526 4178 δὴ
1560 4108 1739 4177 σῶμα,

1844 3656 2015 3702 torem
2052 3648 2228 3716 primo
2269 3646 2431 3711 libro,
2485 3648 2665 3715 capite
2708 3648 2921 3704 decimo
2952 3649 3019 3703 de
3054 3650 3256 3719 Spiritu
3301 3670 3429 3708 san-

1842 3746 1951 3800 cto,
1978 3738 2168 3793 scribit
2201 3757 2214 3793 :
2259 3757 2277 3790 ι
2327 3738 2431 3792 Sed
2466 3754 2644 3806 neque
2677 3755 2799 3793 cum
2842 3756 2867 3792 a
2903 3740 3059 3796 Patre
3090 3742 3203 3797 cxit
3233 3743 3424 3810 Filius,

1841 3830 1910 3885 de
1940 3830 2059 3884 loco
2094 3829 2321 3894 recedit,
2377 3837 2471 3884 aut
2500 3830 2653 3897 quasi
2700 3846 2899 3899 corpus
2930 3845 3213 3902 separatur
3239 3850 3267 3888 a
3301 3851 3429 3890 cor-

1842 3936 2017 3991 pore:
2047 3935 2225 3989 neque
2271 3920 2416 3975 enim
2455 3922 2507 3975 in
2551 3920 2708 3976 Patre
2750 3924 2905 3987 quasi
2938 3924 2989 3976 in
3042 3939 3268 3992 corpore
3313 3934 3433 3979 tan-

1843 4031 2006 4085 quam
2056 4029 2255 4084 corpus
2300 4014 2618 4069 includitur.
2669 4012 2907 4084 Spiritus
2956 4030 3170 4086 quoque
3205 4028 3430 4073 sanctus

1846 4124 1967 4161 cum
2006 4122 2070 4161 ex
2124 4105 2287 4161 Patre
2328 4108 2581 4176 procedit
2611 4116 2667 4162 et
2702 4107 2865 4171 Filio,
2924 4125 3033 4162 non
3089 4120 3375 4177 separatur
3401 4130 3429 4162 a

141 4200 636 4271 ὲμπερικλεὶετσι.
680 4199 792 4252 Καὶ
825 4199 886 4251 τὸ
917 4198 1144 4267 Πνεῦμα
1176 4199 1234 4251 δὲ
1278 4199 1341 4250 τὸ
1373 4198 1551 4266 ἅγιον,
1582 4198 1744 4269 ἡνίκα

1855 4202 2028 4265 Patre,
2062 4214 2175 4253 non
2200 4209 2492 4267 separatur
2524 4214 2551 4253 a
2576 4199 2713 4254 Filio
2749 4218 2764 4255 :
2799 4203 3072 4269 quomodo
3099 4204 3245 4256 enini
3276 4218 3435 4272 sepa-

142 4296 215 4345 ὲκ
261 4290 364 4345 τοῦ
401 4291 614 4361 Πατρδς
668 4291 767 4342 καὶ
818 4290 883 4343 ἐκ
924 4290 1020 4342 τοῦ
1069 4289 1202 4343 Υἱοῦ
1241 4292 1627 4359 ἐκπορεύεται,
1679 4290 1742 4342 οὐ

1855 4290 1956 4345 rari
1993 4299 2176 4361 potest
2200 4306 2231 4344 a
2262 4290 2423 4345 Patre
2452 4292 2544 4360 qui
2572 4290 2809 4360 Spiritus
2838 4293 2956 4361 ejus
2991 4294 3103 4347 oris
3149 4303 3234 4348 est
3275 4293 3298 4346 ?
3334 4296 3439 4348 uti-

144 4385 457 4456 χωρίζεται
492 4383 583 4437 τοῦ
614 4383 828 4452 Πατρός
854 4398 869 4413 ο
890 4383 952 4435 οὐ
984 4383 1280 4453 χωρίζεται
1305 4382 1400 4435 τοῦ
1430 4381 1587 4437 Υίοῦ.
1612 4382 1746 4434 Τίνα

1855 4399 1957 4453 que
2012 4394 2067 4439 et
2132 4383 2455 4437 aeternitatis
2524 4383 2787 4437 indicium
2845 4393 2948 4450 est,
3018 4394 3076 4439 et
3134 4384 3439 4440 divinitatis

144 4481 264 4546 γὰρ
298 4477 505 4545 τρόπον
528 4474 752 4529 δύναται
774 4475 1114 4545 χωρίζεσθαι
1139 4474 1233 4528 τοῦ
1255 4475 1493 4545 Πατρδς,
1519 4474 1743 4544 Πνεῦμα

1856 4474 2113 4544 exprimit
2165 4474 2453 4527 unitatem.
2488 4491 2506 4524 ι
2553 4472 2720 4526 Divus
2764 4474 3125 4542 Augustinus,
3158 4490 3315 4530 mens
3350 4476 3438 4530 illa

146 4569 437 4638 στόματος
492 4565 663 4619 αὐτοῦ
693 4567 791 4633 6v;
823 4566 852 4619 δ
888 4567 1105 4629 πάντως
1149 4568 1243 4619 καὶ
1291 4566 1389 4635 τῆς
1441 4566 1745 4634 ἀῖδιότητος

1855 4564 2145 4629 altissima,
2195 4564 2250 4617 in
2293 4563 2478 4618 multis
2511 4563 2835 4618 tractatibus
2870 4564 2921 4618 id
2962 4565 3176 4634 egregie
3217 4566 3435 4620 demon-

144 4659 369 4729 δεῖγμά
401 4660 539 4723 ἐστι,
592 4657 687 4711 καὶ
734 4657 835 4725 τῆς
888 4656 1145 4727 θεότητος
1194 4658 1450 4726 ἐμφαίνει
1501 4656 1601 4727 τὴν
1634 4656 1750 4710 ἑνό-

1855 4667 2014 4719 Strat,
2049 4658 2210 4711 etiam
2235 4656 2302 4709 ad
2333 4654 2587 4709 Orosium
2616 4656 2891 4721 scribens,
2928 4656 2995 4710 de
3020 4656 3223 4726 Spiritu
3251 4668 3440 4713 saneto

142 4770 323 4826 τητα.
368 4770 389 4805 ι
419 4750 789 4819 Δὺγσυστϊνος
818 4748 877 4801 δὲ
918 4749 948 4802 6
980 4748 1279 4813 θειότατος,
1309 4750 1337 4801 6
1373 4748 1499 4812 νοῦς
1541 4750 1751 4812 ἐκεῖνος

1862 4764 2175 4805 sermonem
2207 4747 2440 4813 habens,
2474 4748 2567 4818 qui
2617 4748 2830 4818 incipit,
2872 4765 2892 4799 ε
2940 4749 3205 4804 Dominus
3254 4761 3445 4805 noster

143 4850 175 4901 6
214 4845 595 4915 ὑψηλότατος,
638 4843 698 4895 ιν
726 4841 943 4903 πολλοῖς
991 4841 1157 4895 αὐτοῦ
1189 4841 1373 4908 λόγοις
1414 4842 1573 4895 τοῦτο
1608 4842 1751 4911 μάλα

1857 4842 2022 4897 Jesus
2052 4841 2327 4905 Christus,
2368 4841 2445 4895 sic
2492 4856 2551 4895 se
2591 4841 2863 4894 abiturum
2920 4841 3181 4905 ostendit,
3225 4860 3243 4893 ο
3286 4842 3337 4894 ίη
3379 4858 3445 4895 cn

142 4937 431 5007 γενναίως
460 4934 756 4988 δείκνυσιν.
795 4933 916 4986 Ἔτι
943 4931 1002 4985 δὲ
1039 4935 1135 4985 καὶ
1170 4934 1310 5003 πρὸς
1339 4927 1605 5003 Ὀρὼσιόν
1633 4939 1756 4988 ἐπι..

144 5028 433 5091 στέλλων,
466 5025 721 5097 περὶτοῦ
762 5025 922 5093 ἁγίου
955 5023 1275 5091 Πνεύματος
1308 5026 1402 5078 τδν
1448 5026 1607 5093 λόγον
1635 5045 1755 5080 ποι-

142 5123 423 5188 ούμενος,
446 5117 508 5171 οῦ
535 5121 568 5187 ἡ
608 5118 752 5187 ἀρχή
779 5134 792 5148 ·
816 5134 836 5168 ε
872 5117 931 5170 Ὀ
964 5117 1164 5186 Κύριος
1195 5117 1351 5186 ἡμῶν
1379 5116 1587 5185 Ἰησοῦς
1618 5118 1758 5187 Χρι-

146 5210 292 5273 στὸς
370 5209 639 5275 ἐδήλωσεν
678 5208 871 5261 ἑαυτὸν
915 5206 1087 5269 οὕτως
1134 5207 1567 5276 ἁπελευσόμενον
1592 5226 1605 5239 ·
1639 5226 1658 5260 ι
1701 5210 1759 5261 ὲν

146 5302 352 5370 τούτῳ
383 5302 556 5354 πολλὰ
587 5305 683 5354 καὶ
714 5300 859 5354 καλά
904 5316 1038 5369 φησι
1062 5314 1078 5329 ⁸
1116 5301 1255 5368 μετὰ
1299 5301 1469 5354 πολλὰ
1497 5301 1635 5355 ἄλλα
1666 5302 1761 5354 καὶ

148 5396 301 5465 περὶ
347 5393 542 5447 τούτου
595 5392 995 5462 διαλαμϐάνει·
1035 5408 1054 5442 ε
1102 5390 1373 5445 Ἐνταῦθα
1415 5392 1596 5444 τοίνυν
1630 5393 1763 5455 ίσως

1861 4938 2029 4991 multa
2058 4945 2113 4991 et
2147 4936 2402 5006 praeclara
2438 4933 2651 5000 scribit,
2701 4943 2825 5003 post
2875 4933 2980 4987 alia
3014 4933 3187 4987 multa
3234 4934 3302 4989 de
3342 4934 3447 4988 hoc

1862 5036 2059 5083 tractat
2101 5046 2115 5082 :
2166 5046 2183 5079 ι
2227 5027 2324 5081 llic
2372 5026 2537 5094 igitur
2579 5025 2715 5080 forte
2764 5036 2973 5095 qumret
3005 5026 3223 5094 aliquis,
3262 5036 3444 5080 utrum

1861 5133 1889 5170 a
1928 5116 2065 5170 Filio
2097 5117 2354 5183 procedat
2389 5112 2934 5183 Spiritus-sanctus;
2970 5112 3138 5168 Filius
3173 5116 3317 5169 enim
3358 5132 3446 5169 so-

1864 5190 1968 5260 lius
1996 5206 2168 5261 Patris
2191 5214 2279 5259 est
2300 5204 2489 5267 Filius,
2520 5216 2576 5260 ct
2605 5205 2764 5259 Pater
2790 5206 2959 5259 solius
2988 5205 3109 5259 Filii
3139 5214 3224 5259 est
3249 5206 3445 5271 Pater;

1864 5300 2099 5370 Spiritus
2157 5308 2381 5353 sanctus
2432 5313 2541 5350 non
2588 5296 2815 5350 alterius
2865 5297 3059 5350 borum
3111 5307 3323 5350 tantum
3362 5311 3450 5351 es:

1867 5392 2121 5461 Spiritus,
2152 5392 2246 5445 sed
2274 5390 2581 5459 utriusque.
2616 5388 2795 5443 Habes
2830 5387 3118 5442 Dominum
3148 5388 3327 5458 ipsum
3354 5390 3448 5457 qui

1868 5484 2046 5539 dicit:
2089 5502 2107 5535 ι
2153 5482 2267 5538 Νοη
2318 5482 2463 5537 enim
2518 5496 2613 5535 vos
2648 5481 2782 5535 estis
2841 5480 2935 5551 qui
2992 5479 3303 5549 loquimini,
3352 5479 3448 5535 seri

1871 5578 2111 5647 Spiritus
2134 5577 2309 5633 Patris
2341 5576 2509 5632 vestri
2541 5577 2630 5644 qui
2656 5574 2898 5643 loquitur
2928 5575 2982 5628 in
3014 5574 3205 5637 vobis;
3235 5591 3253 5623 ι
3283 5572 3452 5625 habes

144 5488 329 5559 ζητεῖ
358 5503 464 5551 τις,
494 5486 728 5555 πότερον
761 5487 857 5539 καὶ
893 5486 1045 5556 παρὰ
1092 5484 1188 5537 τοῦ
1235 5484 1363 5537 Υίοῦ
1398 5485 1761 5554 ἐκπορεύεται

144 5585 218 5634 τὸ
248 5581 488 5646 Πνεῦμα
520 5580 581 5632 τὸ
606 5581 784 5646 ἆγιον.
823 5578 884 5633 ’0
908 5580 1018 5649 γὰρ
1045 5579 1199 5643 Υίδς,
1231 5579 1392 5645 μόνςυ
1420 5576 1515 5629 τοῦ
1550 5579 1763 5646 Πατρός

148 5676 325 5726 ἔστιν
360 5672 489 5734 Υἱός
512 5688 526 5702 ·
554 5672 649 5723 καὶ
682 5672 711 5723 6
748 5671 957 5739 Πατὴρ,
1007 5670 1169 5739 μόνου
1200 5671 1298 5723 τοῦ
1348 5669 1476 5723 Υίοῦ
1507 5671 1621 5723 ἐστι
1654 5674 1751 5724 Πα-

1869 5675 2033 5726 etiam
2069 5670 2387 5738 Apostolum
2425 5686 2439 5723 :
2493 5687 2511 5719 ι
2550 5666 2695 5721 Misit
2731 5666 2873 5731 Deus
2912 5664 3173 5735 Spiritum
3208 5664 3327 5719 Filii
3366 5667 3455 5717 sui

148 5769 311 5836 τήρο
348 5765 414 5817 τὸ
465 5764 520 5816 δὲ
576 5762 799 5833 Πνεῦμα
832 5763 891 5814 τὸ
946 5765 1103 5831 ἅγιον
1154 5765 1215 5815 σὺ
1276 5764 1506 5833 θατέρου
1559 5764 1751 5816 τούτωι

1871 5766 1925 5819 in
1955 5763 2119 5818 corda
2149 5774 2352 5827 vestra,
2381 5762 2730 5825 clamantem,
2772 5760 2921 5813 Abba
2963 5758 3143 5813 Pater.
3180 5777 3197 5809 ι
3238 5758 3303 5812 Et
3331 5765 3455 5828 post

162 5861 351 5928 μόνον
386 5858 505 5909 ἐστὶ
538 5853 786 5923 Πνεῦμα,
826 5855 943 5909 ἀλλ’
977 5857 1324 5928 ἀμφοτέρων.
1372 5859 1555 5928 ’Ἔχεις
1605 5858 1751 5911 aitEn

1874 5870 2045 5930 pauca
2094 5856 2221 5912 dicit
2253 5874 2263 5909 :
2300 5874 2317 5906 ε
2357 5855 2490 5923 Quia
2539 5854 2704 5925 igitur
2733 5863 2789 5907 ut
2820 5868 2961 5906 unus
2997 5852 3176 5911 Pater.
3225 5861 3279 5906 et
3310 5866 3456 5905 unus

426 5951 697 6011 ΡΑτιιοι.
732 5954 849 6014 Gn.
906 5952 1115 6013 CLIX.

3061 5946 3137 6005 37
