4160 6424
207 382 342 446 1165

838 378 988 440 PRO
1022 376 1237 439 CONC.
1283 376 1661 437 FLORENT.
1706 376 1862 437 CAP.
1906 374 1953 434 l.
1998 374 2092 434 DE
2134 372 2452 434 SPlRlTU
2492 371 2804 432 S.‘\NCTO.

3312 369 3449 435 1166

204 498 409 564 Πέτρον
465 493 602 559 Περὶ
653 492 940 559 πίστεως,
975 494 1034 546 ἐν
1082 492 1364 563 κεφαλαίῳ
1406 491 1597 561 ὀγδόῳ,
1629 491 1759 544 οῦτιι

1881 506 2001 559 cap.
2044 491 2131 553 ll,
2161 489 2269 544 ait:
2310 488 2677 544 «Firmissime
2702 498 2844 552 tene,
2883 497 2937 542 ct
2969 489 3279 543 nullatenus
3298 489 3460 545 duill-

200 586 374 656 φησί’
424 602 442 635 ι
508 584 837 638 Βεϐαιόῖατα
891 584 1138 645 πίστευε,
1187 584 1283 637 καὶ⁹
1348 583 1490 635 κατὰ
1565 582 1774 652 μηδένα

197 687 400 752 τρόπον
429 678 761 749 ἀμφίϐαλλε,
800 677 931 731 αὐτὸ
960 678 1022 731 τὸ
1066 677 1289 747 Πνεῦμα
1323 675 1384 728 τὺ
1427 676 1583 743 ἅγιον
1604 677 1633 729 6
1664 678 1774 731 Πα-

196 773 328 840 τρός
356 775 474 825 ἐστι
509 769 733 840 Πνεῦμα
764 771 861 825 καὶ
896 771 1049 837 Υίοῦ,
1084 770 1147 823 ἐκ
1178 768 1271 824 τοῦ
1303 769 1517 839 Πατρδς
1551 771 1645 822 καὶ¹
1680 767 1773 820 τοῦ

197 861 328 916 Υίοῦ
356 862 776 933 ἐκπορεύεσθαι.
807 863 970 932 Λέγει
1000 862 1110 935 γὰρ
1136 864 1163 917 6
1197 862 1325 925 Υίός
1350 878 1362 891 ·
1410 880 1429 915 ι
1452 862 1623 917 Ὀταν
1643 861 1775 933 ἔλθῃ

197 958 227 1009 6
259 955 618 1025 Παράκλητος
641 954 701 1008 τὺ
733 955 956 1026 Πνεῦμα
983 955 1082 1026 τῆς
1111 955 1390 1025 ἀληθείας,
1436 955 1466 1008 6
1496 956 1647 1026 παρὰ
1678 954 1769 1008 τοῦ

194 1047 408 1118 Πατρὸς
472 1048 917 1120 ἐκπορεύεταιί
963 1049 1097 1102 ὅπου
1134 1048 1359 1119 Πνεῦμα
1389 1050 1584 1103 ἐαυτοῦ
1636 1045 1771 1102 εἶναι

191 1140 432 1205 ἐδίδαξεν
456 1157 471 1173 ο
505 1141 625 1194 ἐπεὶ
655 1141 816 1204 αὑτός
840 1141 991 1194 ἐστιν
1024 1143 1056 1211 ή
1099 1142 1349 1212 ἀλήθεια.
1392 1143 1487 1195 Ἐκ
1513 1141 1605 1196 τοῦ
1639 1140 1770 1195 Υίοῦ

190 1252 253 1288 τε
286 1234 687 1306 ἐκπορεύεσθαι
716 1236 780 1289 τὸ
814 1234 1043 1306 Πνεῦμα
1072 1235 1133 1287 τὸ
1159 1235 1337 1304 ἅγιον,
1363 1235 1457 1288 καὶ
1490 1236 1523 1306 ἠ
1553 1253 1771 1307 προφη-

189 1326 321 1395 τικὴ
348 1327 441 1379 καὶ
471 1327 811 1397 ἀποστολικὴ
838 1327 1162 1382 διδασκαλία
1193 1329 1324 1398 ἡμῖν
1356 1328 1726 1399 παραδίδωσιν
1751 1343 1767 1360 ο

204 1418 435 1480 Ἢσαῖας
462 1419 562 1488 μὲν
593 1420 700 1489 γάρ
730 1436 865 1489 φησι
885 1420 1015 1490 περὶ
1045 1419 1139 1474 τοῦ
1170 1419 1303 1473 Υίοῦ
1329 1435 1375 1474 ἰ
1414 1420 1649 1485 Πατάξει
1669 1421 1769 1493 τὴν

189 1511 300 1579 γῆν
334 1513 404 1581 τῇ
454 1511 638 1582 ῥάϐδῳ
670 1511 764 1566 τοῦ
822 1512 1090 1582 στόματος
1122 1512 1309 1578 αὐτοῦ,
1348 1514 1440 1568 καὶ
1471 1514 1571 1585 ῖτῷ
1604 1515 1769 1569 πνεύ-

190 1618 326 1668 ματι
360 1601 722 1671 τῶν’χειλέων
749 1603 914 1657 αὑτοῦ
941 1604 1123 1657 ἀνελεῖ
1146 1605 1238 1658 τδν
1268 1604 1438 1673 ἀσεϐῆ
1458 1645 1472 1659 .
1495 1623 1514 1657 ι
1551 1607 1686 1674 Περὶ
1707 1599 1768 1661 οὗ

186 1712 328 1763 φησι
365 1694 459 1747 καὶ
485 1696 513 1746 6
557 1694 897 1762 ’Λπόστολος,
947 1680 1084 1749 «Ὃν
1108 1697 1135 1749 6
1169 1695 1372 1767 Κύριος
1411 1696 1617 1766 Ἰησοῦς
1644 1703 1769 1752 ἀνεσ-

184 1785 277 1837 λεῖ
306 1785 381 1855 τῷ
409 1784 677 1854 πνεύματι
718 1785 813 1839 τοῦ
842 1786 1109 1854 στόματος
1138 1786 1366 1841 αὑτοῦ.»
1433 1788 1490 1842 '0
1521 1788 1679 1850 αὐτὸς
1710 1791 1768 1844 ἐν

1882 594 1987 648 tes.
2021 586 2273 639 eumdem
2304 584 2565 654 Spiritum
2596 589 2868 641 sanctum.
2899 583 2990 652 qui
3037 581 3216 637 Patris
3243 595 3295 637 et
3329 583 3450 637 Filii

1880 693 2023 733 unus
2054 687 2138 733 est
2185 677 2441 746 Spiritus,
2496 676 2563 731 de
2607 675 2769 731 Patre
2813 683 2871 731 et
2919 673 3059 730 Filio
3103 675 3399 743 procedere
3438 692 3453 729 :

1880 768 2011 824 dicit
2040 769 2185 823 cnim
2210 767 2404 831 Filius,
2451 784 2471 819 ι
2500 766 2634 821 Cum
2666 768 2876 821 venerit
2915 764 3154 836 Spiritus
3183 766 3451 825 veritatis.

1878 862 1969 930 qui
2022 876 2052 915 a
2100 861 2256 915 Patre
2311 860 2573 931 procedit,
2607 876 2628 912 ι
2672 859 2764 913 ubi
2821 857 3086 928 Spiritum
3123 869 3283 912 suum
3329 872 3454 911 esse

1877 953 2085 1015 docuit,
2112 953 2240 1022 quia
2274 952 2387 1021 ipse
2413 960 2498 1006 est
2530 954 2756 1005 veritas.
2794 950 2869 1004 De
2902 948 3040 1004 Filio
3069 963 3290 1020 quoque
3325 963 3451 1018 pro-

1878 1044 2073 1099 cedere
2110 1043 2371 1112 Spiritum
2403 1052 2653 1098 sanetum
2691 1040 3009 1110 prophetica
3047 1051 3207 1111 atque
3233 1050 3453 1112 aposto-

1874 1130 1974 1187 lica
2003 1134 2248 1187 doctrina
2296 1134 2455 1188 nobis
2507 1132 2878 1187 commendat.
2931 1130 3097 1186 Isaias
3140 1131 3284 1185 enim
3321 1131 3456 1186 dicit

1875 1225 1943 1280 de
1974 1223 2109 1280 Filio
2134 1242 2150 1281 :
2182 1224 2489 1279 ιΡει-οιιιιθι
2505 1234 2705 1279 terram
2731 1225 2878 1293 virga
2904 1237 2951 1277 οη
2974 1223 3019 1277 is
3045 1224 3153 1287 sui,
3174 1231 3229 1277 et
3256 1224 3456 1294 spiritu

1874 1316 2141 1374 labiorum
2176 1332 2401 1373 suorum
2454 1318 2743 1373 interﬂciet
2794 1318 3020 1387 impium
3048 1318 3173 1382 ³ος»
3216 1317 3285 1371 de
3326 1330 3452 1384 quo

1872 1421 1927 1466 et
1985 1412 2326 1481 Apostolus:
2365 1411 2577 1478 «Quem
2644 1412 2903 1467 interﬁcit
2958 1411 3222 1466 Dominus
3283 1409 3445 1465 Jesus

1872 1506 2067 1577 spiritu
2099 1507 2211 1561 oris
2243 1505 2286 1538 ⁸⁸
2317 1505 2423 1560 sui.
2454 1523 2472 1557 ι
2528 1504 2674 1560 Idem
2707 1520 2828 1576 cap.
2876 1505 2947 1559 20
2989 1504 3110 1558 libri
3144 1504 3328 1573 quarti
3371 1503 3450 1558 De

1873 1596 2161 1662 Trinitate,
2208 1597 2299 1666 qui
2338 1597 2528 1666 incipit
2566 1615 2580 1651 :
2648 1616 2667 1649 ι
2696 1596 2751 1651 Si
2791 1609 2970 1650 autem
3003 1596 3308 1650 secundum
3348 1595 3451 1649 hoc

1872 1693 2070 1747 missus
2093 1706 2124 1746 ι
2156 1691 2340 1757 Patre,
2374 1710 2392 1743 ι
2428 1701 2550 1761 post
2577 1692 2741 1746 multa
2788 1691 2891 1745 alia
2924 1690 3057 1745 dicit
3089 1709 3104 1745 :
3170 1709 3189 1741 ι
3217 1691 3282 1744 Ει
3310 1692 3453 1745 sicut

1873 1782 2097 1847 Spiritui
2130 1794 2320 1839 sancto
2346 1784 2550 1839 donum
2588 1783 2681 1839 Dei
2712 1799 2860 1848 esse,
2891 1794 2973 1838 est
3008 1798 3036 1837 ει
3067 1782 3228 1838 Patre
3260 1796 3452 1852 proce~

186 1876 271 1942 τῷ
300 1850 530 1946 εἰκοστῷ
550 1850 842 1948 ⁷κεφαλαίῳ
869 1850 963 1931 τοῦ
991 1880 1254 1949 τετάρτου
1286 1879 1493 1950 βιϐλίου
1520 1881 1613 1933 τοῦ
1639 1883 1759 1953 περὶ

1870 1872 2020 1941 dere,
2069 1874 2143 1928 ita
2168 1873 2310 1928 mitti
2341 1881 2427 1928 est
2454 1874 2727 1943 cognosci,
2755 1874 2895 1942 quod
2926 1872 2995 1927 ab
3028 1871 3121 1927 illo
3152 1850 3407 1942 procedat
3434 1889 3447 1923 :

185 1967 445 2036 Τριάδος,
469 1967 528 2020 οῦ
562 1968 593 2037 ἡ
624 1968 766 2039 ἀρχή
786 1982 801 1996 ·
838 1986 857 2020 ι
885 1969 948 2022 El
972 1969 1027 2022 δὲ
1056 1971 1152 2022 καὶ
1176 1970 1318 2024 κατὰ
1344 1972 1404 2025 τὸ
1435 1973 1769 2027 ἀποστέλλε·

187 2060 318 2113 σθαι
356 2060 510 2131 παρὰ
536 2058 631 2113 τοῦ
665 2061 881 2128 Πατρὸς
914 2061 943 2112 6
974 2061 1101 2123 Υίὺς
1120 2061 1361 2129 λέγεται,
1387 2082 1407 2116 ι
1438 2065 1577 2135 μετὰ
1596 2064 1768 2119 πολλὰ

182 2152 327 2205 ἄλλα
384 2151 554 2221 φησί’
591 2171 610 2204 ι
644 2152 756 2206 Καὶ
784 2150 976 2224 ὥσπερ
1015 2153 1095 2225 τῷ
1126 2154 1401 2227 Πνεύματι
1431 2156 1509 2225 τῷ
1544 2154 1682 2226 ἁγίῳ
1708 2157 1767 2210 τὺ

179 2245 326 2299 Θεοῦ
350 2244 541 2314 »δῶρον
592 2237 758 2307 εἶναι,
792 2244 853 2298 τὸ
885 2247 949 2298 ἐκ
976 2244 1072 2298 τοῦ
1116 2246 1332 2315 Πατρδς
1371 2247 1766 2316 ἐκπορεύεσθαι

178 2340 359 2402 ἐστιν,
389 2338 533 2392 οὕτω
577 2339 758 2393 καὶτὸ
788 2338 1129 2409 πέμπεσθαι,
1159 2339 1221 2391 τὸ
1258 2339 1643 2409 γινώσκεσθαι,
1677 2344 1761 2397 ὅτι

176 2433 242 2495 ἐξ
276 2433 483 2486 ἐκείνου
529 2432 894 2503 ἐκπορεύεταί
937 2433 1107 2486 ἐστιν.
1141 2433 1215 2487 Ού
1253 2434 1439 2504 μέντοι
1485 2434 1764 2502 δυνάμεθα

176 2526 368 2591 λέγειν
393 2526 473 2578 ὅτι
497 2525 560 2578 τδ
590 2525 811 2593 Πνεῦμα
844 2524 903 2577 τὸ
930 2524 1087 2593 ἅγιον
1142 2525 1263 2595 οὐχὶ
1295 2528 1386 2579 καὶ
1411 2527 1473 2578 ἐκ
1502 2526 1595 2580 τοῦ
1631 2528 1762 2581 Υίοῦ

175 2617 568 2687 ἐκπορεύεται,
594 2616 717 2669 οὐδὲ
751 2616 861 2688 γὰρ
908 2618 1087 2687 μάτην
1123 2617 1184 2670 τδ
1210 2619 1344 2672 αὐτὸ
1385 2620 1632 2689 Πνεῦμα,
1668 2624 1765 2675 καὶ⁸

178 2710 399 2779 [ἰατρὸς
426 2709 523 2763 καὶ
544 2708 676 2763 Υίοῦ
700 2710 923 2780 Πνεῦμα
952 2710 1169 2777 λέγεται
1188 2725 1202 2740 ⁸
1233 2709 1359 2764 οὔτε
1396 2711 1503 2781 μὴν
1531 2714 1761 2783 συνορῶ,

173 2804 233 2853 τί
273 2819 403 2854 ποτε
435 2803 624 2872 ἕτερον
661 2805 900 2873 σημᾶναι
927 2802 1205 2873 ἠϐούλετο,
1233 2805 1398 2874 ἡνίκα
1435 2806 1761 2876 ἐμερυσήσας

173 2896 265 2956 είς
296 2896 353 2947 τὸ
374 2897 664 2965 πρόσωπον
688 2895 795 2949 τῶν
820 2895 1098 2965 μαθητῶν,
1130 2891 1274 2963 εἷπε,
1295 2895 1503 2949 Λάϐετε
1536 2896 1760 2966 Πνεῦμα

172 2986 361 3055 ἅγιον.
409 2985 547 3040 Ούδέ
594 2986 704 3055 γὰρ
743 2987 805 3039 τὸ
854 2986 1165 3055 σωματικὸν
1206 2988 1384 3041 ἐκεῖνο
1432 2988 1756 3061 ἐμφύσημα,

174 3079 286 3132 σὺν
314 3078 565 3147 αἰσθήσει
613 3078 708 3133 τοῦ
758 3079 1088 3145 σωματικῶς
1136 3080 1419 3149 θιγγάνειν
1466 3084 1659 3151 προϊὸν
1696 3086 1758 3137 ἐκ

1871 1978 1975 2018 nec
2009 1978 2296 2033 possumus
2329 1963 2512 2020 dicere
2542 1965 2684 2034 quod
2720 1964 2957 2035 Spiritus
2987 1972 3209 2018 sanctus
3242 1977 3350 2015 non
3389 1973 3447 2015 et

1870 2070 1897 2111 ε
1942 2055 2079 2113 Filio
2114 2058 2414 2127 procedat:
2447 2073 2625 2129 neque
2669 2057 2871 2113 frustra
2907 2057 3053 2112 idem
3105 2054 3343 2127 Spiritus
3395 2065 3451 2108 et

1870 2150 2046 2206 Patris
2072 2161 2127 2207 et
2160 2150 2280 2206 Filii
2307 2150 2543 2222 Spiritus
2558 2151 2777 2213 dicitur.
2819 2166 2922 2206 nec
2946 2150 3106 2205 video
3136 2149 3266 2220 quid
3300 2148 3446 2203 aliud

1867 2242 2175 2313 signiﬁcare
2211 2241 2466 2310 voluerit,
2494 2257 2618 2296 cum
2674 2241 2903 2298 sitmans
2939 2242 2991 2295 in
3026 2240 3223 2297 [aciem
3282 2238 3448 2294 disci-

1867 2335 2144 2405 pulorum,
2222 2335 2300 2390 ait
2352 2350 2369 2389 :
2440 2334 2731 2405 «Accipite
2792 2333 3057 2404 Spiritum
3115 2342 3443 2395 sanctumu

1867 2444 2049 2498 neque
2078 2428 2227 2483 enim
2260 2427 2419 2482 ﬂatus
2458 2426 2547 2481 ille
2574 2442 2868 2496 corporeus
2892 2442 3017 2481 cum
3048 2440 3215 2481 sensu
3244 2440 3445 2495 corpo-

1865 2523 2053 2576 raliter
2108 2521 2364 2593 tangendi
2418 2520 2724 2591 procedens
2777 2536 2841 2575 ex
2907 2535 3157 2588 corpore,
3189 2520 3445 2574 substan-

1866 2617 1938 2672 tia
1996 2616 2234 2687 Spiritus
2300 2616 2473 2670 sancti
2531 2614 2657 2678 l‘uit,
2722 2615 2814 2669 sed
2892 2612 3291 2669 demonstratio
3346 2627 3444 2681 per

1865 2724 2161 2780 congruam
2222 2708 2700 2779 signiﬁcationem.
2768 2721 2879 2762 non
2931 2716 3199 2762 tantuma
3257 2706 3440 2765 Patre.

1862 2802 1954 2858 sed
2002 2811 2060 2855 et
2091 2816 2121 2855 a
2173 2800 2312 2854 Filio
2338 2800 2637 2869 procedere
2677 2799 2940 2867 Spiritum
2977 2810 3249 2855 sanctum.
3304 2799 3441 2864 Quis

1861 2895 2007 2951 enim
2033 2894 2505 2961 dementissimus,
2538 2894 2739 2949 dixerit
2758 2894 2924 2949 alium
2956 2896 3125 2949 fuisse
3151 2894 3437 2961 Spiritum,

1859 3002 2022 3059 quem
2050 2986 2271 3043 sumans
2300 2987 2469 3051 dedit,
2523 2996 2578 3041 et
2607 2987 2773 3041 alium
2807 3002 2970 3057 quem
3009 2995 3129 3056 post
3159 2988 3439 3042 ascensio-

1860 3095 1983 3134 nem
2039 3079 2225 3134 misit?
2265 3100 2282 3132 ι
2346 3079 2491 3134 Idem
2527 3096 2578 3137 c.
2644 3081 2710 3134 17
2759 3082 2854 3135 lib.
2900 3096 2970 3135 xv
3014 3081 3089 3137 De
3141 3081 3435 3150 Trinitate,

168 3172 280 3224 τοῦ
321 3171 588 3241 σεόματος
629 3173 660 3240 ὴ
685 3170 843 3225 ούσία
866 3172 960 3224 τοῦ
993 3171 1149 3237 ἁγίου
1174 3173 1493 3242 Πνεύματος
1523 3171 1613 3246 ἦν,
1638 3175 1755 3229 ἀλλ’

1863 3174 1950 3243 qui
1982 3172 2170 3243 incipit
2206 3190 2219 3227 :
2281 3190 2299 3225 ι
2332 3173 2476 3229 Satis
2496 3173 2564 3228 de
2606 3172 2766 3230 Patre
2798 3186 2852 3231 et
2881 3172 3071 3242 Filio,»
3104 3178 3255 3247 juxta
3290 3178 3439 3247 prin-

168 3262 404 3329 ἔνδειξις
430 3264 517 3317 διὰ
550 3263 883 3333 καταλλήλου
912 3263 1219 3331 δηλώσεως,
1255 3264 1329 3334 μὴ
1369 3266 1531 3334 μόνον
1562 3267 1625 3319 ἐκ
1656 3267 1751 3320 τοῦ

1863 3267 2063 3336 cipiunt
2101 3269 2181 3322 lic
2214 3267 2328 3322 ait:
2382 3288 2400 3321 ι
2428 3267 2583 3334 Quod
2620 3266 2858 3338 Spiritus
2886 3280 3109 3325 sanctus
3132 3274 3432 3326 secundum

169 3354 420 3421 Πατρδς,
472 3356 606 3407 ἀλλὰ
660 3360 754 3407 καὶ
813 3356 877 3407 ἐκ
919 3354 1015 3409 τοῦ
1070 3354 1202 3408 Υίοῦ
1260 3357 1664 3427 ἐκπορεύεσθαι
1693 3360 1754 3413 τὸ

1863 3360 2169 3431 Scripturas
2203 3373 2424 3417 sanctas
2479 3378 2577 3417 nec
2610 3362 2786 3417 Patris
2817 3361 2990 3418 solius
3016 3374 3120 3429 cst,
3174 3380 3275 3419 nec
3310 3365 3429 3418 Filii

168 3446 405 3516 Πνεῦμα
435 3446 497 3499 τὸ
534 3445 707 3512 άγιον.
744 3447 840 3509 Τίς
872 3448 981 3517 γὰρ
1008 3446 1074 3501 ἂν
1121 3448 1471 3512 ἀτοπώτατος
1506 3450 1750 3521 φήσειεν,

1863 3452 2046 3517 solius,
2104 3454 2198 3506 sed
2253 3455 2577 3519 amborum;
2622 3472 2640 3505 ι
2676 3462 2732 3509 et
2782 3463 2904 3524 post
2944 3456 3190 3522 qua-dam
3231 3475 3244 3510 :
3286 3476 3303 3507 ι
3342 3456 3435 3513 Sic

166 3541 371 3608 ιτερον
401 3539 500 3607 μὲν
538 3533 678 3591 εἶναι
727 3540 865 3609 ὅπερ
898 3541 1224 3609 ἐμφυσήσας
1260 3542 1513 3607 δέδωκεν,
1565 3543 1754 3613 ἕτερον

1863 3538 2004 3591 enim
2052 3550 2103 3594 et
2139 3538 2301 3595 Pater
2334 3542 2497 3607 Deus,
2529 3552 2583 3596 et
2612 3542 2806 3607 Filius,
2835 3552 2891 3598 et
2934 3543 3171 3614 Spiritus
3210 3558 3434 3601 sanctus

161 3632 227 3685 δὲ
268 3630 298 3683 ϐ
330 3630 467 3700 μετά
496 3630 595 3698 τὴν
626 3630 895 3699 ἀνάληψιν
924 3629 1088 3683 αὑτοῦ
1130 3631 1452 3701 πέπομφενς
1499 3650 1517 3683 ι
1572 3633 1629 3686 Ὀ
1657 3635 1751 3686 αύ-

1863 3626 2021 3693 Deus,
2082 3639 2139 3683 ct
2188 3631 2350 3685 simul
2405 3646 2596 3687 omnes
2628 3649 2771 3688 unus
2809 3634 2970 3689 Deus.
3018 3634 3081 3690 Et
3111 3646 3290 3691 tamen
3325 3655 3431 3691 non

163 3726 271 3786 τδς
309 3726 365 3775 ὲν
395 3724 471 3791 τῷ
493 3722 940 3791 ἑπτακαιδεκάτῳ
968 3726 1245 3790 κεφαλαίῳ
1271 3724 1363 3777 τοῦ
1402 3730 1752 3780 πεντεκαιδε-

1863 3720 2057 3775 irustra
2110 3723 2161 3776 in
2200 3722 2302 3778 hac
2350 3723 2619 3779 Trittitate
2673 3740 2780 3779 non
2826 3726 3027 3781 dicitur
3060 3728 3294 3781 Verbum
3337 3728 3434 3783 Dei

161 3820 349 3873 κάτηυ
378 3816 604 3885 βιϐλίου,
634 3818 727 3869 τοῦ
760 3820 887 3887 περὶ
915 3818 1164 3887 Τριάδος,
1195 3812 1256 3871 οὗ
1288 3820 1320 3889 ἡ
1354 3819 1520 3889 ἀρχὴ,
1550 3837 1567 3870 ι
1598 3821 1750 3885 ’Ἅλις

1863 3812 1959 3866 nisi
2003 3810 2199 3876 Filius,
2240 3829 2339 3867 nec
2377 3814 2581 3868 donum
2622 3814 2741 3881 Dei,
2778 3816 2878 3870 nisi
2912 3816 3152 3887 Spiritus
3188 3829 3432 3881 sanctus.

163 3912 282 3979 μὲν
327 3907 423 3962 οὖν
474 3910 601 3980 περὶ
649 3909 862 3977 Πατρ¹ς
897 3910 990 3961 καὶ
1020 3910 1169 3974 Υίοῦ,
1204 3928 1222 3961 ι
1257 3910 1484 3977 ἔγγιστά
1511 3929 1614 3965 που
1649 3912 1751 3981 τῆς

1863 3920 1956 3959 nec
1987 3905 2055 3959 de
2074 3920 2183 3973 quo
2210 3905 2456 3975 genitum
2486 3918 2569 3961 est
2595 3907 2850 3972 Verbum,
2874 3909 3011 3963 etde
3040 3925 3149 3979 quo
3180 3914 3431 3981 procedit

158 4004 374 4072 ἀρχῆς,
405 4001 548 4055 οὕτω
581 4005 745 4072 φησίν
766 4017 779 4032 ⁸
818 4019 837 4053 ι
889 4003 1063 4064 Ὠςςτὸ
1089 4001 1308 4071 Πνεῦμα
1341 4003 1401 4056 τὸ
1427 4004 1584 4070 ἆγιον
1613 4005 1751 4057 κατὰ

1863 3996 2231 4066 principaliter
2287 3996 2521 4066 Spiritus
2574 4010 2814 4062 sanctus,
2879 4002 3010 4056 nisi-
3048 4002 3190 4057 Deus
3247 3990 3425 4057 Patet.

156 4098 273 4155 τὰς
328 4097 478 4164 ἱερὰς
534 4093 777 4162 Γραφὰς,
812 4092 936 4146 οὕτε
968 4094 1063 4146 τοῦ
1121 4096 1331 4165 Πατρός
1383 4099 1501 4148 ἐστι
1557 4096 1745 4164 μόνου,

153 4184 301 4239 οὔτε
330 4183 424 4237 τοῦ
461 4184 589 4237 Υίοῦ
620 4186 805 4252 μόνου,
840 4185 958 4238 ἀλλ’
989 4188 1213 4255 ἀμφοῖν,
1251 4203 1271 4236 ι
1308 4187 1401 4238 καὶ
1435 4188 1573 4255 μετά
1603 4205 1745 4253 τινα,

162 4297 184 4330 ε
235 4272 401 4333 Οὕτω
438 4276 547 4345 γὰρ
584 4277 679 4329 καὶ
702 4280 730 4330 6
763 4279 971 4348 Πατὴρ,
1016 4278 1148 4341 Θεός
1169 4294 1183 4309 °
1218 4280 1367 4333 καὶὸ
1399 4280 1547 4342 Υἱὸς,
1580 4281 1745 4340 Θεὸς·

154 4371 269 4424 καὶ
299 4370 359 4421 τὸ
409 4368 633 4437 Πνεῦμα
668 4369 727 4421 τὸ
774 4370 949 4437 ἅγιον,
1003 4369 1133 4433 Θεός
1158 4386 1173 4401 ⁶
1207 4372 1301 4424 καὶ
1352 4371 1486 4442 ὁμοῦ
1526 4373 1747 4435 πάντες,

152 4460 252 4525 εἷς
291 4462 448 4514 Θεὸς.
483 4462 590 4513 Καὶ
630 4462 817 4531 μέντοι
848 4462 910 4514 ού
948 4464 1127 4533 μάτην
1160 4463 1218 4515 ἐν
1262 4463 1391 4532 τῇδε
1429 4465 1493 4533 τῇ
1526 4464 1742 4535 Τριάδι,

1855 4089 1981 4144 Ideo
2007 4099 2190 4144 autem
2228 4090 2410 4144 addidi
2459 4106 2477 4139 ι
2507 4091 2919 4161 principaliter:
2953 4094 3077 4163 quia
3108 4106 3164 4148 et
3191 4094 3257 4147 de
3292 4096 3429 4148 Filio

1854 4184 2093 4255 Spiritus
2150 4194 2371 4240 sanctus
2426 4187 2731 4255 procedere
2794 4189 3089 4256 reperitur.
3154 4188 3263 4243 Sed
3327 4191 3430 4244 lme

1851 4278 2157 4347 quoqueilli
2189 4278 2345 4333 Pater
2366 4278 2518 4334 dedit
2537 4294 2646 4332 non
2668 4279 2778 4349 jam
2803 4280 3089 4334 exsistenti
3112 4291 3165 4335 et
3182 4282 3427 4335 nondum

1851 4369 2112 4435 habenti;
2174 4370 2269 4424 sed
2304 4370 2566 4439 quidquid
2600 4371 2884 4439 unigenito
2914 4370 3088 4426 Verbo
3129 4372 3302 4435 dedit.
3352 4376 3431 4443 gi-

1852 4463 2071 4531 gnendo
2117 4463 2288 4519 dedit.
2349 4462 2443 4517 Sic
2487 4478 2619 4532 ergo
2653 4479 2777 4517 cum
2806 4464 3017 4531 genuit,
3056 4474 3113 4519 ut
3160 4467 3324 4521 etiam
3360 4472 3427 4520 de

148 4558 225 4609 οὐ
263 4555 481 4621 λέγεται
528 4528 697 4622 Λόγος
749 4552 910 4618 Θεοῦ,
953 4528 1018 4607 is!
1161 4556 1187 4607 6
1408 4528 1526 4609 ούϐὲ
1571 4528 1745 4626 ϐιτιρον

1863 4554 1944 4608 illo
1974 4555 2178 4609 donum
2210 4568 2504 4609 commune
2562 4554 2995 4624 procederet,‘et
3027 4554 3267 4627 Spiritus
3296 4575 3425 4612 san-

148 4645 333 4710 Θεοῦ,
364 4645 411 4697 εί
443 4646 518 4714 μὴ
553 4645 612 4698 τδ
650 4644 873 4715 Πνεῦμα
915 4646 976 4698 τὸ
1016 4646 1205 4713 ἅγιον·
1233 4647 1357 4700 οὐδὲ
1393 4646 1451 4711 ἐξ
1481 4647 1540 4700 οῦ
1589 4650 1745 4716 ἐγεν-

146 4738 313 4809 νήθη
342 4737 371 4790 6
400 4738 590 4806 Λόγος,
627 4737 721 4791 καὶ
764 4739 824 4805 ἐξ
856 4732 917 4791 οὒ
963 4740 1323 4809 ἐκπορεύεται
1353 4742 1650 4812 ἁρχοειδῶς
1684 4744 1745 4795 τὸ

149 4830 405 4899 Πνεῦμα
457 4830 518 4883 τὸ
569 4829 744 4898 ἅγιον,
792 4832 841 4883 εί
884 4830 958 4902 μὴ
1004 4833 1033 4884 6
1062 4831 1197 4894 Θεὸς
1246 4833 1338 4886 καὶ
1380 4834 1589 4904 Πατήρ.
1646 4834 1747 4886 Διά

144 4922 333 4977 τοῦτο
367 4920 423 4973 δὲ
456 4922 823 4989 προστέθεικα
851 4922 1171 4991 ἀρχοειδιῖκ,
1204 4922 1395 4994 ἐπειδὴ
1433 4927 1528 4977 καὶ
1559 4926 1623 4977 ἐκ
1651 4924 1745 4977 τοῦ

143 5010 306 5067 Υίοῦ
336 5010 428 5063 τοῦ
458 5010 618 5076 Θεοῦ,
649 5011 709 5064 τὸ
754 5010 979 5081 Πνεῦμα
1012 5012 1071 5063 τὸ
1100 5012 1256 5080 ἆγιον
1304 5014 1619 5084 εὑρίσκεται
1652 5019 1745 5067 ὲκο

145 5104 572 5174 πορευόμενον.
620 5103 764 5156 Ἀλλ’
795 5105 985 5174 ἐπειδὴ
1018 5111 1113 5158 καὶ
1139 5106 1299 5160 τοῦτο
1326 5108 1476 5178 αὐτῷ
1500 5111 1529 5162 6
1558 5109 1748 5179 Πατὴρ

140 5199 399 5259 ἔδωκεν,
433 5196 533 5248 οὐκ
563 5195 665 5266 ἤδη
695 5196 1029 5267 ύφεστηκότι
1074 5199 1168 5250 καὶ
1202 5200 1370 5269 μήπω
1398 5199 1600 5271 ἔχοντι,
1630 5200 1747 5253 ἀλλ’

138 5290 176 5343 ὃ
208 5304 275 5341 τι
308 5286 437 5339 ποτὶ
464 5286 542 5354 τῷ
578 5289 860 5355 μονογενεῐ
889 5288 1049 5358 Λόγῳ
1074 5288 1327 5352 δέδωκεν,
1359 5290 1418 5342 ἐν
1441 5291 1519 5360 τῷ
1548 5294 1745 5362 γεννᾷν

1849 4658 1968 4701 ctus
2020 4646 2250 4716 spiritus
2301 4655 2447 4699 esset
2510 4647 2815 4701 amborum.
2854 4665 2874 4699 ι
2940 4647 3087 4701 ldcnt
3135 4650 3312 4718 capite
3353 4651 3424 4703 2t;

1848 4740 2090 4811 ejusdem
2118 4738 2262 4802 libri,
2291 4740 2431 4809 quod
2462 4740 2651 4805 incipit
2682 4758 2696 4794 :
2728 4759 2746 4790 ι
2775 4740 2978 4794 Deinde
3008 4739 3063 4795 in
3101 4741 3187 4795 illa
3210 4759 3421 4796 summa

1848 4833 2136 4898 Trinitate,
2166 4851 2185 4884 ι
2225 4832 2302 4887 sic
2337 4834 2414 4887 ait
2448 4850 2462 4885 :
2502 4853 2519 4882 ι
2545 4832 2889 4902 Quapmpter
2918 4835 3011 4903 qui
3050 4845 3229 4903 potest
3262 4837 3425 4889 intel-

1850 4925 2017 4996 ligere
2062 4925 2181 4979 sine
2233 4934 2479 4993 tempore
2518 4925 2926 4991 generationem
2959 4925 3080 4980 Filii
3136 4928 3204 4980 de
3236 4928 3419 4988 Patre.

1848 5016 2113 5087 intelligat
2179 5014 2299 5069 sine
2368 5026 2616 5083 tempore
2693 5017 3097 5085 processioncm
3182 5018 3421 5089 Spiritus

1846 5107 2019 5162 sancti
2092 5107 2160 5161 de
2188 5116 2443 5176 utroque.
2480 5106 2543 5161 Et
2572 5109 2663 5178 qui
2699 5118 2876 5178 potest
2910 5109 3213 5179 intelligere
3244 5111 3296 5164 in
3328 5128 3419 5172 eo.

1844 5200 1990 5267 quod
2023 5197 2099 5250 ait
2127 5196 2318 5261 Filius,
2346 5196 2532 5252 tSicut
2558 5197 2717 5252 Pater
2748 5198 2914 5252 liabet
2935 5199 3096 5253 vitam
3128 5200 3181 5253 itt
3218 5213 3421 5254 semct-

1845 5291 1983 5361 ipso,
2035 5290 2114 5343 sic
2146 5290 2295 5345 dedit
2326 5289 2462 5344 Filio
2496 5291 2659 5343 vitam
2696 5291 2900 5345 habere
2932 5291 2987 5345 itt
3040 5294 3364 5361 semetipso,
3398 5314 3414 5342 ι

136 5382 423 5437 δέδωκεν.
463 5377 651 5443 Οὕτως
678 5380 787 5447 ἄρα
822 5381 986 5434 αὐτὸν
1020 5382 1329 5452 ἐγέννησεν,
1377 5382 1452 5446 ὡς
1489 5384 1546 5450 ἐξ
1572 5385 1739 5439 αὐτοῦ

1866 5399 1957 5437 ιοιι
2018 5378 2137 5436 sine
2192 5383 2302 5437 vita
2358 5383 2642 5437 cxsistenti
2674 5381 2782 5451 jam
2813 5381 2975 5448 Filio,
3006 5383 3169 5438 vitam
3202 5383 3418 5437 Patrem

138 5473 218 5525 τὸ
249 5469 430 5539 δῶρον
457 5470 635 5524 κοινὸν
664 5472 1057 5542 προέρχεσθαι,
1091 5475 1186 5526 καὶ
1210 5473 1435 5541 Πνεῦμα
1461 5475 1687 5545 ἀμφοῖν.
1716 5496 1734 5530 ι

1863 5477 2112 5531 ledisse:
2174 5475 2268 5530 sed
2329 5476 2399 5528 ita
2430 5489 2556 5528 eum
2608 5475 2728 5528 sine
2760 5484 3002 5544 tempore
3046 5475 3322 5544 genuisse.
3361 5491 3419 5529 ut

151 5565 229 5617 ὐ
265 5561 432 5623 αὐτὸς
463 5563 522 5613 ἐν
564 5561 644 5633 τῷ
674 5564 903 5633 είκοστῷ
936 5564 1081 5634 ἐκτῳ
1131 5566 1415 5635 κεφαλαίῳ
1448 5567 1544 5620 τοῦ
1574 5569 1741 5622 αὐτοῦ

1863 5571 1983 5635 vita,
2018 5581 2177 5636 quam
2234 5566 2394 5621 Pater
2428 5562 2567 5620 Filio
2610 5564 2882 5635 gignendo
2929 5563 3097 5627 dedit,
3144 5572 3414 5617 comta-run

138 5654 401 5730 βιϐλίου,
429 5650 490 5709 οῦ
520 5656 552 5725 ή
582 5655 722 5725 ἀρχή
751 5669 765 5684 ⁸
804 5674 822 5707 ι
851 5657 1082 5711 Ἔπειτα
1106 5658 1161 5710 δὲ
1187 5660 1244 5710 ἐν
1266 5662 1329 5729 τῇ
1350 5658 1499 5732 ἄκρα
1521 5659 1738 5730 Τριάδι,

1863 5660 1923 5715 sit
1955 5660 2074 5714 vita:
2109 5656 2286 5714 Patris
2318 5658 2407 5727 qui
2453 5658 2620 5723 dedit,
2658 5657 2947 5727 intelligat;
2982 5666 3036 5708 et
3079 5654 3225 5709 sicut
3253 5654 3415 5709 Pater

236 5832 290 5864 ³ο
324 5831 426 5887 lsa.
462 5848 537 5899 ιι,
570 5833 621 5887 4.
722 5832 824 5888 “ll
852 5832 1045 5889 Tltcss.
1086 5848 1146 5900 ιι,
1176 5834 1228 5889 8.
