4160 6424
800 325 951 385 ΡΙιο
991 329 1206 391 CONC.
1248 333 1623 396 FLORENT.
1655 338 1810 402 CAP.
1858 341 1903 402 Ι.
1956 343 2054 403 DE
2097 349 2412 411 SPIRITU
2456 353 2765 418 SANCTO.

159 430 398 499 Πνεῦμα,
460 436 554 487 ἕνα
588 436 721 489 Θεδν
764 445 1186 516 παντοκράτορα
1236 449 1457 521 ἐξουσίᾳ.
1504 455 1598 506 καὶ
1639 459 1716 523 μιᾷ

1845 455 2009 524 Filio,
2069 480 2300 530 quorum
2357 481 2441 524 est
2506 474 2755 541 spiritus.
2791 496 2808 528 ι
2872 478 3013 532 idem
3062 478 3115 531 in
3162 483 3352 533 eodem
3398 498 3411 533 :

155 526 247 576 καὶ
280 525 529 598 βασιλείᾳ
582 530 675 583 καὶ
729 535 1111 607 μεγαλειότητι
1141 554 1155 569 ⁶
1204 544 1295 594 καὶ
1342 544 1465 597 τότε
1510 548 1599 600 καλ⁵
1640 548 1732 601 νῦν

155 618 244 668 καὶ
275 618 360 670 ἀεὶ
389 624 670 691 πανταχοῦ
705 623 1084 696 βασιλεύοντα,
1126 635 1327 705 καρδίᾳ.
1361 644 1604 693 πιστεύω
1636 646 1730 695 καὶ

156 708 381 797 στόματι
412 712 682 780 ὁμολογῶ,
715 717 810 770 καὶ
853 719 1067 794 διανοίᾳ
1102 725 1261 791 φιλῶ.
1304 747 1322 779 ι
1372 728 1430 782 Ὀ
1478 732 1643 797 αὐτὸς
1674 735 1731 787 ὲν

151 796 225 866 τῷ
258 800 386 893 περὶ
420 801 733 893 -καβολικῆς
779 809 1039 876 πίστεως,
1079 832 1099 867 ε
1136 817 1231 879 Τίς
1260 818 1366 889 γὰρ
1416 820 1521 891 πρὸ
1569 824 1729 893 ἡμῶν

150 890 224 947 εἰς
256 888 349 950 οῦς
375 890 441 943 τὰ
472 892 598 961 τέλη
633 896 741 949 τῶν
765 899 982 953 αἰώνων
1011 906 1348 975 κατήντησε,
1380 910 1602 964 τοιαῦτα
1636 916 1728 965 καὶ

148 979 293 1033 εῦτω
324 982 458 1049 δῆλα
514 988 809 1060 ἀκοῦσαιῆ
856 994 1060 1061 γνῶναι
1107 998 1417 1066 δεδύνηται,
1461 1005 1585 1073 περὶ
1621 1006 1730 1059 τῶν

148 1073 206 1123 ἐν
235 1076 303 1168 τῇ
328 1075 521 1144 Τριάδι
550 1082 645 1134 καὶ
669 1086 857 1153 μονάδι
888 1091 1221 1158 προσώπων,
1255 1096 1349 1149 καὶ
1377 1097 1477 1168 τῆς
1498 1099 1682 1162 οὐσίας
1709 1118 1724 1166 ;

147 1167 277 1233 περὶ
313 1170 413 1236 μέν
445 1171 567 1239 σοῦ,
600 1175 700 1229 Θεὲ
737 1178 940 1249 Πάτερ,
967 1183 1049 1236 ὅτι
1085 1186 1219 1256 παρ’
1243 1188 1456 1253 οὐδενὸς
1482 1187 1553 1255 εἴ,
1583 1192 1725 1247 ὥστε

144 1262 235 1309 καὶ
263 1259 347 1312 διὰ
377 1263 534 1317 τοῦτο
567 1268 866 1340 ἅγέννητος
892 1274 1145 1343 λέγεσθαι
1170 1295 1183 1309 ⁸
1223 1282 1349 1350 περὶ
1377 1282 1434 1335 δέ
1466 1284 1561 1337 τοῦ
1593 1285 1723 1338 Υίοῦ

144 1366 261 1412 σου,
296 1354 374 1405 ὅτι
406 1359 693 1427 γεννηθεὶς
742 1365 805 1417 ἐκ
842 1366 936 1419 σοῦ
977 1369 1147 1436 ἐστιν,
1179 1372 1297 1424 ἀλλ’
1339 1373 1440 1428 οὐκ
1470 1376 1565 1444 ἀφ’
1591 1379 1723 1432 ἐαυ-

140 1440 235 1494 τοῦ
263 1458 277 1472 ⁶
312 1447 437 1515 περὶ
475 1450 529 1502 δὲ
570 1452 661 1504 τοῦ
712 1454 874 1522 ἁγίου
926 1475 1020 1512 σου
1063 1462 1401 1532 Πνεύματος,
1434 1440 1531 1522 ὅτι⁷
1556 1472 1722 1524 ἐκπο-

139 1533 456 1602 ρευόμενον.
496 1544 597 1597 οὐκ
647 1547 793 1604 ἔστιν
826 1553 923 1619 ἀφ’
976 1555 1193 1623 ἑαυτοῦ,
1227 1560 1346 1613 ἀλλ’
1382 1562 1447 1616 ἐκ
1502 1565 1597 1617 σοῦ
1630 1569 1723 1620 καὶ

137 1623 231 1720 τοῦ
271 1628 367 1679 σοῦ
400 1631 528 1686 Υίοῦ
552 1652 567 1666 ⁸
605 1633 681 1691 ὧν
711 1644 804 1695 καὶ
836 1645 1063 1716 Πνεῦμα
1098 1652 1263 1707 ἐστιν.
1303 1672 1321 1705 ι
1374 1655 1431 1708 Ὀ
1473 1658 1633 1720 αὐτὸς
1664 1661 1723 1712 ἐν

135 1717 214 1786 τῷ
257 1721 406 1793 αὐτῷ
425 1741 439 1753 ·
479 1744 497 1778 ι
533 1730 737 1786 Λοιπὸν
760 1736 843 1800 τίς
878 1742 937 1793 ἐν
964 1742 1141 1810 τούτῳ
1170 1749 1400 1819 διαφανῆ
1428 1751 1521 1803 καὶ
1552 1751 1721 1807 καθα-

138 1810 475 1915 ρὰν-ῶσπερ
508 1823 849 1891 κρύσταλλον
905 1832 1046 1902 ἔχων
1095 1810 1326 1908 καρδίαν
1361 1810 1455 1895 καὶ
1499 1847 1716 1915 στῆθος,

132 1906 425 2007 ἀρκέσειεν
474 1913 541 1967 ἂν
592 1918 672 1981 είς
714 1922 781 1974 τὰ
814 1923 881 1977 σὰ
920 1926 1017 1995 τῆς
1069 1906 1303 1997 Τριίάδος
1350 1906 1718 2007 ἐνδῦναι-μυλ

134 2000 371 2101 στήρια·
407 2008 525 2073 πῶς
562 2012 589 2063 ὀ
616 2013 806 2087 Πατὴρ
836 2019 929 2071 καὶ
962 2021 990 2073 6
1018 2022 1145 2088 Υἱὸς
1177 2024 1271 2079 καὶ
1302 2028 1362 2080 τδ
1406 2000 1631 2101 Πνεῦμα
1660 2034 1720 2086 τὸ

131 2092 313 2190 ἅγιον,
344 2100 472 2167 τρία
506 2106 606 2171 μέν
644 2108 760 2161 ἐστι
808 2112 1101 2182 πρόσωπα,
1142 2117 1239 2186 μία
1270 2121 1324 2174 δέ
1354 2092 1563 2190 φύσιςξ
1596 2126 1719 2190 Πῶς

132 2188 198 2239 σὺ
235 2190 596 2285 μὲν,[1ἀτερ,
641 2200 943 2273 ἀγέννητος
969 2208 1139 2281 λέγῃ·
1175 2211 1203 2263 6
1234 2212 1291 2265 δὲ
1324 2188 1415 2278 σδς
1438 2188 1561 2282 me
1593 2188 1719 2285 γενζ

127 2282 295 2349 νητὸς
325 2298 348 2377 ⁸7
373 2287 432 2338 τὸ
463 2289 519 2342 δέ
550 2289 774 2363 Πνεῦμα
798 2298 857 2350 τὸ
886 2300 1064 2367 ἆγιον.
1090 2302 1204 2356 οὔτ’
1240 2306 1558 2377 ἀγέννητον,
1591 2282 1717 2364 οὔτε

128 2376 415 2442 γεννητὸν,
452 2379 569 2432 ἀλλ’
600 2384 966 2455 ἐκπορευτόν;
1006 2393 1128 2457 Πῶς
1157 2397 1184 2448 ὁ
1217 2395 1318 2466 μέν
1358 2376 1484 2463 Tib;
1519 2401 1719 2469 γεννώ-

131 2481 320 2533 μενος,
373 2470 473 2524 οὐκ
511 2474 878 2547 ἐκπορεύεται
905 2498 918 2512 ’
953 2486 1014 2537 τὸ
1048 2486 1105 2539 δὲ
1163 2489 1387 2560 Πνεῦμα
1441 2497 1501 2546 τὸ
1536 2496 1716 2563 ἇγιον,

127 2557 588 2631 ἐκπορῖυᾶμενον,
608 2570 667 2620 οὐ
696 2575 974 2641 γεννᾶταις
1005 2578 1124 2640 Πῶς
1154 2581 1181 2633 δ
1207 2557 1437 2648 μὲν-οὐκ
1468 2585 1561 2653 ἀφ’
1586 2557 1718 2640 ἐαυλ

126 2654 223 2701 τοῦ
254 2653 426 2721 ἐστιν,
450 2658 567 2709 ἀλλ’
595 2662 659 2715 ἐκ
685 2664 779 2716 σοῦ
808 2682 823 2696 ο
850 2669 911 2720 οὗ
941 2671 1123 2737 μέντοι
1152 2671 1247 2726 σοῦ
1276 2673 1503 2745 ὕστερος
1526 2678 1590 2731 ἐκ
1620 2679 1714 2733 σοῦ

127 2741 248 2837 ἐστι
279 2758 294 2773 ο
316 2743 389 2837 -τδ
419 2747 474 2800 δέ
510 2750 734 2822 Πνεῦμα
778 2756 837 2810 τὸ
874 2757 1049 2825 ἅγιον,
1087 2763 1205 2827 πῶς
1258 2765 1322 2817 ἐκ
1369 2741 1463 2821 σοῦ
1496 2770 1715 2837 πρόεισι

126 2832 224 2885 καὶ
246 2835 340 2888 τοῦ
369 2838 497 2892 Υἱοῦ
533 2847 734 2909 σου,ὀὐ
769 2848 951 2917 μέντοι
982 2852 1136 2921 ὑμῶν
1156 2856 1549 2926 ἀποτέμνεται,
1582 2864 1713 2932 παρ’

125 2922 202 2978 ῶν
233 2928 632 3001 ἐκπορεύεταις
685 2957 701 2989 ι
751 2940 862 2993 Kal.
894 2945 1014 3010 μετ’
1046 2945 1223 3014 ὀλίγα’
1267 2967 1286 3001 ι
1334 2922 1463 3014 ⁷Πῶς
1505 2922 1543 3006 67
1587 2922 1715 3017 Ti6;

128 3018 194 3069 ἐκ
230 3018 352 3082 σοῦ,
388 3022 486 3075 Θεέ
529 3025 731 3098 Πάτερ,
758 3033 1014 3104 ἀνίσχων,
1046 3037 1145 3107 οὐχ
1175 3037 1403 3111 ῦστερός
1435 3043 1552 3097 ἐστί
1585 3061 1708 3098 σου’

1844 572 1860 604 ι
1894 555 2163 609 tia-terum
2198 562 2319 623 quis
2345 562 2399 616 in
2435 566 2537 619 bac
2594 568 2699 622 vita
2734 571 2947 637 positus
2978 573 3059 623 vel
3097 574 3415 641 crystallino

1836 659 2057 713 pectore
2116 650 2345 707 sufﬁciat
2395 668 2681 721 penetrare
2749 662 2823 715 lui
2887 662 3058 732 ipsius
3126 664 3415 719 Trinitatis

1836 738 2049 795 interna
2108 746 2397 814 mysteria?
2442 754 2720 816 quomodo
2772 755 2952 820 Pater,
2995 767 3050 811 et
3098 757 3298 822 Filius,
3355 771 3412 813 et

1836 826 2070 897 Spiritus
2122 842 2368 899 Sanctus,
2423 848 2536 892 tres
2576 841 2801 908 quidem
2845 860 3094 914 personze
3147 848 3281 902 estis
3356 859 3412 901 et

1836 935 1940 972 una
1980 926 2213 978 natura?
2264 931 2542 997 quomodo
2580 944 2634 986 tu
2680 935 2839 989 Pater
2882 937 3150 1006 ingenitus
3181 940 3409 1005 diceris,

1832 1011 2004 1069 Filius
2059 1019 2297 1085 genitus,
2330 1024 2572 1092 Spiritus
2629 1038 2852 1082 sanctus
2892 1045 3067 1097 neque
3111 1032 3410 1101 ingenitus,

1830 1123 1932 1161 nee
1987 1112 2226 1178 genitus,
2289 1116 2383 1169 sed
2445 1120 2755 1187 procedens
2807 1121 3060 1175 dicatur?
3140 1125 3410 1192 quomodo

1830 1197 1999 1256 Filius
2030 1204 2095 1257 de
2131 1212 2183 1258 te
2225 1204 2386 1262 Patre
2438 1219 2603 1266 natus
2634 1222 2740 1276 est,
2785 1212 3027 1282 Spiritus
3069 1228 3297 1271 sanctus
3341 1220 3409 1272 de

1830 1300 1881 1344 te
1918 1295 2162 1358 procedit
2218 1306 2273 1351 et
2344 1298 2522 1353 Filio?
2580 1305 2854 1371 quomodo
2907 1306 3075 1361 Filius
3129 1311 3412 1364 nascendo

1828 1400 1933 1440 non
1996 1390 2261 1456 procedit,
2309 1392 2544 1461 Spiritus
2609 1408 2835 1451 sanctus
2894 1402 3242 1468 procedendo
3296 1418 3406 1458 non

1828 1482 2107 1537 nascitur?
2130 1487 2404 1554 quomodo
2451 1488 2624 1543 Filius
2653 1507 2759 1545 non
2795 1492 2862 1548 de
2890 1509 2967 1558 se,
3000 1495 3094 1550 sed
3125 1496 3192 1551 de
3220 1508 3272 1551 te
3298 1508 3404 1563 est,

1825 1588 1925 1626 nec
1957 1582 2137 1628 tamen
2185 1577 2257 1630 tui
2290 1587 2373 1632 est
2417 1582 2685 1648 posterior
2719 1584 2786 1636 de
2818 1602 2925 1653 quo
2957 1588 3077 1639 est?
3130 1594 3409 1655 quomodo

1826 1664 2066 1735 Spiritus
2100 1678 2324 1725 sanctus
2355 1673 2423 1725 de
2454 1683 2505 1727 te
2536 1676 2781 1742 procedit
2807 1688 2861 1730 et
2896 1677 3053 1741 Filio,
3088 1695 3188 1734 nec
3218 1688 3398 1735 tamen

1826 1774 1855 1810 a
1892 1759 2045 1812 vobis
2075 1761 2479 1829 pra-scinditur,
2514 1781 2542 1816 a
2572 1765 2768 1833 quibus
2802 1769 3089 1835 procedit?
3116 1789 3134 1820 ι
3174 1771 3238 1824 Ει
3280 1782 3405 1839 post

1827 1866 2035 1921 pauca:
2098 1854 2419 1919 rQuomodo
2453 1856 2621 1911 Filius
2669 1860 2761 1929 qui
2809 1862 3037 1916 oriendo
3088 1872 3172 1916 est
3216 1863 3336 1929 tibi,
3370 1880 3408 1916 ο

1824 1942 2005 2009 Pater,
2040 1944 2107 1999 de
2134 1960 2242 2013 quo
2288 1949 2463 2001 oritur
2493 1948 2838 2018 subsequens
2868 1968 2976 2005 non
3009 1962 3092 2007 est
3112 1953 3140 2004 'I.
3182 1962 3237 2007 et
3262 1969 3403 2023 quo-

1826 2036 1987 2091 modo
2051 2036 2291 2108 Spiritus
2347 2040 2657 2106 amborum,
2690 2043 2782 2111 qui
2838 2059 2934 2113 per
2992 2046 3400 2114 processioucm

1822 2129 2075 2198 proditur
2104 2146 2135 2184 a
2172 2130 2326 2186 vobis
2355 2132 2764 2199 proferentibus
2801 2151 2909 2191 non
2959 2139 3220 2206 prazitur?
3270 2156 3404 2208 quo-

1822 2220 1983 2276 modo
2022 2233 2079 2278 et
2108 2238 2277 2278 unum
2317 2224 2659 2281 divisibiliter
2691 2228 2815 2293 tria,
2842 2241 2898 2282 et
2931 2231 3031 2283 tria
3060 2230 3402 2287 indivisibili-

1822 2324 1899 2368 ter
1930 2316 2062 2370 estis
2089 2317 2300 2371 unum?
2328 2318 2586 2385 Ejusdem
2613 2319 2667 2373 in
2696 2320 2794 2374 lib.
2830 2321 3257 2390 Suliloqniorum
3300 2327 3399 2393 (l).

1824 2423 1843 2456 ι
1874 2407 2110 2476 Cognovi
2135 2416 2186 2464 te
2216 2407 2409 2473 Deum,
2448 2426 2615 2466 unum
2662 2413 2926 2483 Spiritum
2953 2425 3199 2470 sanctum
3228 2417 3404 2471 Patris

1819 2507 1874 2551 et
1900 2497 2042 2560 Filii,
2079 2498 2149 2554 ab
2205 2510 2437 2569 utroque
2472 2503 2678 2571 pariter
2711 2504 3127 2572 prec-edentem,
3164 2509 3401 2562 consub-

1819 2591 2126 2646 stantialem
2152 2601 2207 2648 et
2233 2603 2565 2647 comteruum
2588 2593 2737 2649 Patri
2770 2606 2824 2651 et
2879 2596 3037 2663 Fil'o,
3074 2600 3403 2668 paracletum

1817 2693 1870 2736 et
1901 2684 2227 2738 advocatum
2254 2696 2525 2747 nostrum,
2554 2687 2646 2754 qui
2674 2703 2838 2753 super
2855 2689 3107 2743 eumdem
3151 2691 3319 2745 Deum
3346 2705 3402 2747 ct

1817 2776 2107 2831 Dominum
2174 2788 2418 2832 nostrum
2484 2780 2669 2836 Iesum
2725 2781 3007 2837 Christum
3055 2785 3104 2836 in
3135 2785 3404 2840 columba:

1816 2870 1995 2937 specie
2060 2869 2503 2935 descendisti,et
2563 2888 2727 2942 super
2777 2875 3052 2943 apostolos
3098 2876 3151 2930 in
3200 2876 3401 2947 linguis

1815 2960 1987 3030 igneis
2031 2962 2326 3030 apparuisti
2354 2964 2478 3032 ,qui
2528 2977 2581 3019 et
2621 2980 2813 3020 omnes
2855 2975 3070 3021 sanctos
3102 2977 3157 3021 et
3198 2968 3402 3023 electos

1818 3052 1910 3106 Dei
1939 3068 1969 3106 a
2003 3054 2273 3123 principio
2304 3065 2408 3110 tua:
2439 3061 2626 3124 gratiae
2654 3074 2878 3127 munere
2907 3060 3143 3120 docuisti
3178 3078 3191 3114 :
3223 3072 3272 3114 ct
3301 3077 3396 3113 ora

126 3111 221 3221 καὶ
254 3112 372 3177 πῶς
400 3116 463 3169 τὸ
487 3119 815 3193 ἀμφοτέρων
840 3125 995 3195 ὑμῶν
1023 3130 1267 3200 Πνεῦμα,
1296 3134 1509 3205 προόδῳ
1538 3154 1710 3206 προα-

1821 3146 2228 3215 prepbetarum,
2253 3154 2313 3199 ut
2364 3158 2683 3202 enarrareut
2730 3151 2994 3204 mirabilia
3049 3154 3197 3221 regni
3264 3152 3397 3215 Dei,

124 3202 388 3273 γδμενον,
443 3210 539 3278 ἀφ’
570 3213 728 3278 ὑμῶν
768 3217 877 3268 τῶν
924 3223 1278 3290 προαγόντων
1309 3202 1370 3280 οῦ
1415 3202 1712 3299 χωρίέεται

122 3299 188 3365 τῇ
231 3301 472 3370 προόδῳς
512 3304 634 3367 Πῶς
664 3307 756 3359 καὶ
786 3310 843 3360 τὸ
871 3308 929 3362 ἓν
956 3311 1390 3383 διακεκριμένως
1422 3318 1551 3386 τρία
1571 3336 1585 3351 ο
1620 3320 1713 3372 καὶ

121 3393 191 3441 τὰ
228 3393 379 3462 τρία,
416 3397 745 3469 ἀδιακρίτως
769 3403 827 3457 ἓν
856 3406 979 3458 ἐστε
1010 3423 1025 3473 ;
1070 3425 1089 3460 ι
1139 3407 1197 3461 '0
1239 3410 1402 3474 αὐτὸς
1426 3412 1483 3464 ἐν
1514 3412 1592 3479 τῷ
1628 3414 1713 3482 βι-

121 3485 261 3553 6).ίῳ
308 3489 415 3540 τῶν
446 3491 803 3560 Μονολόγων·
844 3514 867 3547 ι
910 3498 1125 3566 Ἐγνων
1176 3515 1234 3554 σε
1265 3502 1399 3555 Θεὸν
1438 3504 1713 3574 ἀληθινὸν,

122 3580 219 3631 καὶ
254 3580 351 3634 ἕνα
374 3594 390 3609 ⁸
420 3581 481 3635 τὺ
510 3583 603 3637 τοῦ
630 3587 845 3657 Πατρδς
872 3591 967 3643 καὶ
991 3591 1085 3644 τοῦ
1112 3593 1244 3647 Υίοῦ
1278 3595 1504 3665 Πνεῦμα
1530 3598 1709 3665 ἅγιον,

121 3672 183 3737 ἐξ
223 3673 491 3745 ἐκατέρου
522 3678 729 3747 δμοίως
762 3682 1204 3754 ἐκπορευόμενον
1226 3702 1241 3717 ο
1274 3688 1563 3757 δμοοῦσιον
1604 3691 1711 3743 Παο

118 3772 213 3835 τρὶ
262 3768 358 3821 καὶ
406 3768 544 3838 Υίῷ,
593 3772 948 3843 παράκλητον
989 3778 1083 3829 καὶ
1133 3780 1479 3851 συνήγορον⁹
1507 3783 1569 3836 τὸ
1623 3784 1710 3839 ἐπ’

119 3857 290 3912 αὐτὸν
320 3857 411 3911 τὸν
442 3861 576 3917 Θιδν
620 3864 714 3917 καὶ
761 3864 966 3933 Κύριον
1013 3869 1172 3937 ἡμῶν
1206 3869 1420 3938 Ἰησοῦν
1474 3874 1714 3943 Χριστὸν

117 3953 176 4003 ἐν
209 3952 343 4005 εῖδει
378 3959 712 4026 περιστερᾶς
757 3960 1021 4013 κατελθόν
1045 3977 1060 3993 ο
1094 3962 1190 4016 καὶ
1230 3966 1345 4026 τοῖς
1374 3965 1551 4033 ἁγίοις
1581 3968 1718 4019 ἁπο-

117 4046 338 4109 στόλοις
385 4048 444 4099 ἐν
477 4051 730 4119 πυρίναις
759 4052 1035 4120 γλώσσαις
1067 4058 1330 4127 ἐπιφανὲν
1354 4075 1368 4089 ⁶
1398 4060 1459 4114 τὸ
1507 4063 1714 4123 πάντας

118 4139 256 4200 τοὺς
304 4140 495 4207 ἁγίους
530 4141 626 4195 καὶ
658 4145 954 4209 ἐκλεκτοὺς
984 4148 1079 4201 τοῦ
1123 4150 1284 4215 Θεοῦ,
1338 4152 1395 4219 ἐξ
1432 4153 1608 4224 ἀρχῆς
1640 4155 1715 4225 τῷ

114 4232 283 4300 δώρῳ
318 4233 417 4301 τῆς
468 4233 570 4303 σῆς
613 4236 838 4307 χάριτος
888 4240 1159 4306 διδάσκον,
1194 4245 1289 4297 καὶ
1324 4244 1391 4296 τὰ
1438 4244 1549 4297 τῶν
1585 4264 1717 4315 προ-

116 4326 315 4394 φητῶν
376 4327 646 4394 διανοῖγον
698 4333 965 4402 στόματα,
1002 4336 1144 4389 ὥστε
1205 4338 1273 4390 τὰ
1325 4337 1424 4405 τῆς
1461 4337 1560 4405 σῆς
1622 4339 1715 4408 βα-

116 4417 334 4481 σιλείας
392 4418 676 4488 Θαυμάσια
729 4422 1079 4491 διηγεῖσθαι·
1136 4426 1166 4479 ὃ
1234 4430 1332 4480 σὺν
1398 4428 1572 4498 "arpi
1620 4431 1714 4483 καὶ

1817 3235 2072 3301 aperuisti
2108 3254 2120 3289 :
2150 3237 2238 3306 qui
2272 3238 2340 3292 ab
2364 3240 2617 3294 omnibus
2649 3241 2851 3293 sanctis
2890 3240 2980 3294 Dei
3011 3257 3135 3295 cum
3162 3243 3321 3296 Patre
3345 3256 3400 3295 et

1816 3327 1955 3382 Filio
1993 3329 2156 3383 simul
2194 3330 2445 3386 adoraris
2475 3341 2525 3385 et
2576 3332 2902 3402 glorificaris
2938 3349 2954 3387 :
3010 3334 3153 3388 inter
3180 3350 3317 3403 quos
3337 3326 3401 3386 et

1815 3435 1918 3491 ego
1982 3420 2128 3474 ﬁlius
2193 3422 2404 3477 ancillae
2465 3431 2571 3476 tum
2629 3431 2741 3477 toto
2773 3424 2939 3479 corde
2994 3441 3117 3481 meo
3157 3425 3398 3493 gloriﬁeo

1816 3528 2017 3568 nomen
2045 3524 2220 3579 tuum,
2254 3514 2378 3584 quia
2405 3514 2725 3570 illuminasti
2776 3532 2885 3571 me.
2920 3516 3001 3571 Tu
3039 3533 3099 3572 es
3128 3533 3254 3572 vera
3278 3518 3396 3582 lux,

1818 3606 2001 3661 lumen
2034 3606 2335 3662 veridicum
2369 3607 2508 3677 ignis
2548 3608 2663 3671 Dei,
2700 3617 2757 3662 et
2780 3609 3040 3681 magister
3072 3612 3392 3680 spirituum,

1815 3698 1908 3766 qui
1966 3698 2228 3753 unctione
2293 3708 2384 3753 tua
2446 3700 2613 3754 doces
2674 3716 2774 3755 nos
2804 3716 3025 3755 omnem
3079 3702 3394 3766 veritatem,

1816 3790 2047 3859 Spiritus
2089 3791 2372 3854 veritatis,
2395 3792 2515 3850 sine
2541 3807 2649 3862 quo
2684 3792 3023 3864 impossibile
3072 3802 3155 3848 est
3182 3795 3395 3863 placere

1818 3883 1951 3948 Deo,
1982 3883 2242 3952 quoniam
2302 3893 2359 3938 tu
2405 3884 2520 3954 ipse
2553 3883 2695 3939 Deus
2737 3900 2797 3939 es
2830 3901 2893 3939 ex
2928 3886 3060 3950 Deo,
3101 3896 3155 3940 et
3201 3884 3294 3938 lux
3329 3886 3399 3940 de

1818 3973 2024 4028 lumine
2065 3975 2366 4044 procedens
2394 3990 2435 4029 a.
2470 3976 2631 4031 Patre
2662 3976 2929 4029 luminum
2967 3976 3317 4031 ineﬂ'abiliter
3364 3992 3392 4030 a

1818 4083 1920 4121 suo
1950 4066 2088 4121 Filio
2138 4066 2370 4121 Domino
2419 4077 2609 4122 nostro
2644 4068 2774 4123 Jesu
2803 4068 3043 4124 Christo.
3077 4087 3094 4119 ο
3144 4069 3290 4124 Idem
3342 4069 3394 4121 in

1816 4160 2009 4214 eodem
2043 4176 2057 4213 :
2112 4178 2129 4210 t
2160 4159 2315 4217 Unus
2343 4170 2429 4214 est
2475 4161 2619 4214 Deus
2659 4160 2841 4223 Pater,
2887 4161 2979 4230 qui
3034 4160 3184 4215 solus
3207 4176 3399 4216 essen-

1822 4251 2020 4305 tialiter
2049 4250 2118 4309 de
2148 4266 2207 4306 se
2252 4267 2420 4305 unum
2450 4250 2649 4305 Filium
2683 4252 2905 4321 genuit:
2955 4260 3010 4305 et
3047 4267 3187 4306 unus
3221 4252 3397 4305 Filius

1820 4358 1882 4395 ex
1913 4358 2025 4397 uno
2051 4342 2212 4398 Patre
2277 4343 2428 4399 solus
2480 4344 2847 4398 essentialitcr
2883 4348 3122 4415 genitus,
3161 4355 3213 4399 et
3251 4362 3394 4398 unus

1823 4434 2069 4503 Spiritus
2122 4445 2365 4499 sanctus,
2398 4435 2491 4503 qui
2545 4438 2692 4490 solus
2736 4437 3105 4493 essentialiter
3143 4452 3209 4493 ex
3235 4436 3397 4491 Patre

117 4508 238 4579 Υἰῷ
295 4511 566 4580 προσήκει
634 4520 1197 4585 συμπροσκυνεῖσθαι,
1248 4523 1342 4574 καὶ
1389 4525 1707 4591 συνδοξαξεο

1824 4497 2069 4596 Filioque
2101 4497 2396 4596 procedit,»
2418 4497 2430 4503 ’
2462 4528 2608 4583 Idem
2644 4530 2699 4583 in
2731 4529 2925 4583 eodem
2960 4545 3082 4599 cap.
3122 4542 3137 4584 :
3165 4551 3181 4579 ι
3207 4530 3394 4598 Neque

113 4604 247 4655 σθαι
281 4603 390 4655 ὑπὸ
415 4608 635 4658 πάντων
660 4607 769 4659 τῶν
800 4608 971 4675 ἁγίων
1001 4612 1095 4664 τοῦ
1127 4614 1263 4667 Θεοῦ
1292 4632 1304 4644 ·
1358 4620 1415 4669 ἐν
1448 4613 1527 4681 οἷς
1558 4619 1713 4686 κάγὼ

111 4696 137 4745 ὁ
168 4697 293 4759 υίὸς
317 4696 420 4765 τῆς
448 4699 742 4771 παιδίσκης
775 4719 891 4763 σου,
922 4704 1020 4773 ὅλῃ
1047 4722 1150 4774 μου
1175 4710 1240 4777 τῇ
1279 4710 1479 4779 καρδίᾳ
1503 4712 1714 4776 δοξάζω

109 4792 173 4842 τὸ
195 4790 378 4860 ὄνομα
408 4808 525 4855 σου,
551 4794 634 4845 ὅτι
665 4794 938 4862 ἐφώτισάς
972 4814 1061 4865 με.
1088 4799 1160 4849 Σὺ
1197 4803 1306 4868 γὰρ
1339 4796 1388 4852 εί
1412 4804 1473 4853 τὸ
1504 4803 1619 4871 φῶς
1652 4802 1713 4855 τὸ

112 4883 400 4952 ἀληθινὸν,
428 4884 490 4936 τὸ
534 4884 680 4937 Θεῖον
719 4886 867 4956 πῦρ,
900 4890 928 4941 6
974 4888 1083 4942 τῶν
1116 4891 1289 4957 ἁγίων
1339 4893 1603 4962 Πατέρων
1635 4894 1713 4947 δι-

112 4975 394 5037 δάσκαλος
422 4990 436 5005 ο
470 4976 529 5028 th
556 4976 636 5047 τῷ
671 4977 746 5046 σῷ
776 4980 1043 5048 χρίσματι
1080 4984 1260 5036 πᾶσαν
1289 4983 1541 5039 διδάσκον
1567 4988 1711 5057 ἡμᾶς

111 5068 214 5138 τὴν
253 5066 524 5138 ἀλήθειαν
549 5086 563 5099 ·
608 5070 671 5123 τὸ
704 5071 931 5141 Πνεῦμα
962 5074 1059 5141 τῆς
1109 5076 1393 5144 ἀληθείας,
1429 5072 1489 5131 οὗ
1541 5082 1711 5148 χωρὶς

110 5161 321 5226 ἀρέσαι
352 5160 472 5230 Θεῷ
502 5160 784 5216 ἀδύνατον.
819 5164 940 5218 ’Ότι
969 5165 1100 5226 Θεὸς
1131 5162 1177 5219 εἷ
1209 5168 1273 5221 ἐκ
1296 5168 1431 5222 Θεοῦ
1469 5186 1483 5201 ο
1520 5174 1583 5223 ἐκ
1615 5172 1706 5226 τοῦ

112 5251 340 5320 Πατρδς
374 5250 486 5303 τῶν
515 5250 710 5320 φώτων
740 5254 995 5324 ᾶρῤήτως
1026 5256 1485 5326 ἐκπορευόμενον,
1518 5261 1612 5313 καὶ
1646 5263 1710 5314 ἐκ

107 5342 209 5396 τοῦ
242 5342 380 5395 Υἰοῦ
405 5343 597 5410 αὐτοῦ,
630 5346 837 5415 Κυρίου
873 5348 930 5401 δὲ
961 5348 1119 5418 ἡμῶν
1164 5349 1338 5418 Ἰησοῦ
1380 5352 1642 5421 Χριστοῦ.
1683 5373 1701 5405 ι

120 5436 185 5487 '0
215 5436 387 5499 αὐτὸς
412 5437 466 5489 ἐν
492 5436 569 5506 τῷ
612 5438 795 5507 αὐτῷ’
835 5457 853 5491 ι
895 5436 989 5504 Εἷς
1051 5443 1165 5494 ἐστι
1198 5441 1353 5506 Θεὸς,
1398 5446 1426 5497 6
1474 5444 1665 5515 Πατήρ
1691 5460 1705 5476 ο

108 5528 170 5591 ὃς
208 5529 378 5597 μόνος
421 5529 699 5595 οὐσιωδῶς
749 5531 808 5597 ἐξ
854 5532 1051 5587 ἐαυτοῦ
1099 5533 1195 5587 ἕνα
1241 5534 1370 5587 Υἱὺν
1403 5536 1661 5606 ἐγέννησε
1692 5554 1706 5569 ·

111 5623 213 5674 καὶ
246 5614 332 5682 εἷς
363 5621 516 5687 Υἱὸς,
543 5625 572 5676 6
597 5623 656 5689 ἐξ
678 5626 797 5687 ὲνδς
832 5625 1064 5695 Πατρὸς,
1097 5627 1259 5696 μόνος
1284 5628 1559 5693 οὐσιωὸῶς
1584 5646 1708 5697 γεν-

113 5715 344 5783 νηθείς·
375 5716 469 5767 καὶ
499 5717 558 5769 ἐν
590 5717 813 5789 Πνεῦμα
849 5719 1025 5789 ἅγιον,
1047 5719 1107 5773 τὸ
1139 5720 1300 5791 μόνον
1332 5720 1605 5785 οὐσιωδῶς
1646 5724 1707 5777 ἐκ

199 5831 283 5901 (I)
309 5829 440 5901 Cap.
475 5830 566 5887 52.

1817 4621 1963 4674 enim
1996 4621 2049 4673 in
2086 4620 2176 4674 illa
2226 4620 2495 4675 Trinitate
2523 4623 2799 4690 proprium
2854 4624 2959 4675 erit
2990 4623 3160 4676 solius
3194 4622 3393 4687 Patris,

1814 4710 1942 4779 quia
1990 4710 2109 4780 ipse
2138 4709 2361 4779 genitus
2396 4726 2505 4764 non
2544 4721 2646 4775 est,
2679 4712 2771 4765 sed
2801 4712 2925 4780 quia
2953 4713 3129 4767 solum
3195 4713 3391 4770 Filium

1816 4802 2041 4872 genuit;
2106 4819 2286 4874 neque
2342 4805 2622 4874 pr0prium
2676 4804 2797 4860 Filii
2852 4806 3044 4871 solius,
3093 4808 3219 4875 quia
3276 4808 3393 4876 ipse

1816 4910 1924 4948 non
1957 4895 2166 4963 genuit,
2204 4895 2301 4951 sed
2331 4910 2393 4949 ex
2444 4896 2619 4950 Patris
2663 4897 2971 4954 substantia
3019 4899 3237 4968 genitus
3277 4912 3390 4960 est;

1814 5003 1995 5057 neque
2030 4987 2307 5057 proprium
2365 4987 2600 5057 Spiritus
2647 4990 2844 5053 sanrti,
2897 4990 3022 5060 quia
3052 5006 3233 5057 neque
3274 4991 3393 5059 ipse

1816 5079 2029 5145 genitus
2061 5089 2164 5144 est,
2201 5094 2375 5147 neque
2408 5080 2614 5149 genuit,
2647 5083 2740 5135 sed
2793 5082 2969 5135 solum
3012 5097 3077 5137 ex
3107 5084 3261 5137 Patre
3293 5081 3390 5136 Fi-

1815 5170 1995 5239 lioque
2045 5170 2358 5238 procedere.
2386 5190 2403 5221 ι
2455 5170 2601 5226 Idem
2632 5172 2701 5227 ad
2733 5171 2983 5226 Orosium
3015 5188 3032 5227 :
3075 5192 3092 5223 ι
3124 5171 3386 5243 Spiritum

1814 5276 1991 5327 neque
2052 5261 2352 5330 iugi-nilum
2406 5278 2551 5323 esse,
2604 5278 2780 5331 neque
2826 5264 3109 5332 genitum,
3164 5279 3284 5331 qum
3330 5265 3386 5318 in

1812 5353 2067 5409 confesso
2104 5354 2240 5408 ﬁdes
2286 5366 2369 5410 cst
2402 5356 2752 5410 manifestat:
2804 5374 2925 5411 nam
2973 5358 3017 5411 si
3062 5358 3386 5419 dixerimus,

1814 5447 2139 5515 ingenitum,
2206 5450 2346 5503 duos
2405 5448 2593 5503 Patres
2666 5464 2915 5505 asserere
2967 5450 3303 5516 videbimur;
3340 5451 3385 5503 si

1812 5539 2080 5607 genitum,
2112 5539 2251 5594 duos
2284 5540 2450 5595 Filios
2480 5542 2706 5596 credere
2737 5558 2837 5596 nos
2871 5541 3240 5607 accusabunt;
3288 5542 3385 5595 sed

1814 5641 1871 5686 ut
1899 5647 1959 5685 ca
2008 5647 2129 5701 quae
2163 5635 2215 5687 in
2263 5632 2518 5688 confesso
2550 5635 2684 5689 ﬁdes
2715 5646 2799 5689 est
2834 5645 2997 5699 tenet,
3032 5649 3208 5705 neque
3235 5634 3385 5704 iuge-

1812 5725 1980 5796 uitus,
2017 5742 2195 5797 neque
2227 5729 2445 5797 genitus
2480 5737 2584 5795 est,
2620 5728 2711 5785 sed
2754 5744 2820 5785 ex
2852 5738 3083 5799 utroque
3116 5728 3379 5798 procedit,
