4160 6424
222 378 348 438 1177

846 385 995 443 PRO
1032 385 1241 449 00Νο,
1296 388 1676 448 FLORENT.
1710 390 1869 450 CAP.
1904 392 1947 453 Ῐ.
1996 394 2091 453 DE
2131 394 2435 454 SPIRITU
2493 394 2807 460 SANCTO.

3329 394 3462 458 1178

217 495 338 561 μοῦ,
371 494 493 546 οὔτε
530 494 627 561 τῆς
675 497 821 558 Gaia;
862 501 1097 567 Γραφῆῖ,
1134 500 1257 553 οὔτε
1295 501 1399 553 τῶν
1444 501 1777 554 διδασκάλων

1922 506 2084 559 ictum
2116 517 2220 569 est,
2259 509 2463 562 nemini
2504 510 2685 564 dicere
2733 510 2811 563 fas
2837 522 2939 565 est.
2972 510 3172 565 Deinde
3196 526 3317 564 cum
3340 528 3467 580 pro-

214 588 441 654 εῦρηται
488 589 802 657 εἰρημένον.
843 592 907 642 Ὃ
952 591 1007 642 δὲ
1056 593 1159 644 ὑπὸ
1197 594 1343 654 τινός
1384 610 1447 659 γε
1481 594 1586 644 τῶν
1613 593 1783 659 ἁγίων

215 680 311 731 οὐκ
343 683 580 749 εἴρηται,
633 682 811 734 οὐδενὶ
855 685 1156 752 τολμητέον
1209 686 1404 739 εἰπεῖν.
1457 686 1690 739 Ἔπειτα
1727 687 1785 737 τὸ

216 772 545 840 προϐάλλειν
580 773 828 842 ἐνέργεια
858 776 950 829 τοῦ
986 777 1199 846 Πατρὸς
1228 778 1495 845 οὖσιὼδης
1538 775 1692 839 οὖσα,
1722 780 1784 830 οὐ

217 866 408 933 πρώτη
437 866 527 919 καὶ
571 867 775 934 άμεσος
823 864 1168 932 ὲπ.τελεῖταί,
1203 870 1338 921 ἀλλὰ
1371 870 1459 921 διὰ
1500 870 1597 929 τῆς
1634 872 1785 937 πρώ-

217 971 338 1019 της,
376 955 498 1023 ἥτις
526 956 821 1025 ἀπεδείχθη
848 954 981 1011 οὖσα
1005 959 1064 1011 τὸ
1095 962 1288 1029 γεννᾷν
1324 961 1417 1012 καὶ
1443 962 1474 1029 ἡ
1507 963 1781 1028 γέννησις.

222 1047 383 1097 Ὥστε
421 1049 513 1098 καὶ
550 1048 639 1099 τὸν
672 1048 798 1099 Υἰὸν
854 1051 1057 1118 ταύτης
1102 1054 1315 1120 ἀνάγκη
1368 1055 1461 1118 τῆς
1511 1054 1788 1119 ἐνεργείας

221 1142 520 1207 κοινωνεῖν,
555 1142 646 1193 καὶ
677 1140 745 1194 δι’
774 1143 940 1196 αὐτοῦ
969 1146 1027 1195 rb
1068 1144 1292 1211 Πνεῦμα
1323 1146 1383 1197 τὸ
1429 1145 1585 1212 am
1625 1147 1790 1197 ἐκποο

222 1231 496 1297 ρεύεσθαι.
547 1235 667 1287 Ἔτι
722 1236 917 1299 κοινῶς
976 1238 1125 1305 παρά
1171 1239 1389 1291 πάντων
1450 1239 1789 1306 ὁμολογεῖται

218 1323 331 1375 τῶν
352 1325 708 1389 διδασκάλων,
739 1328 813 1391 ὡς
843 1331 900 1381 τι
928 1330 1152 1398 Πνεῦμα
1181 1330 1240 1383 τὸ
1264 1330 1420 1397 ἅγιον
1447 1331 1693 1399 πρόεισιν
1732 1331 1790 1395 ἐξ

221 1415 375 1471 Υίοῦ.
434 1418 496 1469 Ei
529 1416 624 1471 οὖν
657 1419 909 1487 πρόεισιν
953 1419 1011 1484 ἐξ
1064 1419 1250 1485 αὑτοῦ,
1303 1422 1520 1491 πρόεισι
1573 1421 1791 1482 πάντως

223 1509 503 1574 φυσικῶς·
539 1511 690 1563 οὐδὲν
724 1513 833 1581 γὰρ
877 1514 935 1564 ὲν
974 1512 1052 1581 τῷ
1080 1512 1199 1581 Θεῷ
1243 1513 1395 1583 παρὰ
1430 1514 1615 1581 φύσιν,
1665 1512 1791 1565 οὔτε

223 1600 539 1668 ἐπίκτητον.
568 1600 691 1653 Τῶν
722 1602 827 1671 γὰρ
860 1603 1179 1671 κτισμάτων
1210 1602 1323 1655 ἐστὶ
1352 1605 1412 1655 τὺ
1440 1604 1514 1671 μὴ
1545 1603 1705 1669 φύσει
1729 1605 1792 1655 ἐκ

220 1692 361 1744 Θεοῦ
414 1695 683 1762 προϊέναι.
733 1696 795 1748 Ei
833 1696 1013 1748 τοίνυν
1057 1696 1196 1748 κατὰ
1254 1696 1417 1765 φύσιν
1449 1697 1508 1760 ἐξ
1567 1696 1695 1749 Υἰοῦ
1734 1698 1792 1750 τὸ

226 1782 454 1851 Πνεῦμα
486 1785 752 1851 πρόεισιν,
806 1787 837 1852 ὴ
867 1786 923 1838 δὲ
960 1788 1098 1839 κατὰ
1132 1788 1293 1855 φύσιν
1329 1789 1551 1855 πρόοδος
1597 1790 1653 1841 ἐν
1682 1791 1792 1851 τοῖς

224 1874 391 1935 θείοις
443 1874 604 1943 διχῶς
642 1876 909 1944 ἐνδέχεται
963 1872 1122 1941 εἶναι,
1168 1878 1199 1949 ἢ
1251 1880 1392 1933 κατὰ
1443 1882 1714 1949 γέννησιν,
1757 1884 1786 1950 ἢ

222 1968 352 2018 κατ’
384 1969 745 2036 ὲκπὸρευσιν·
778 1970 919 2024 κατὰ
946 1972 1199 2038 γένντσιν
1240 1972 1296 2025 δὲ
1336 1974 1394 2025 οὐ
1448 1975 1688 2043 πρῦεισιν
1734 1974 1793 2042 ἐξ

225 2060 393 2112 αὐτοῦ
415 2076 427 2088 ·
456 2057 490 2131 ἦ
521 2062 629 2129 γὰρ
662 2060 725 2113 ἂν
752 2058 818 2133 ἦν
847 2064 971 2125 Υἱὸς
993 2065 1084 2116 τοῦ
1126 2065 1255 2118 Υἱοῦ
1289 2068 1350 2119 τὸ
1385 2067 1625 2137 Πνεῦμα,
1664 2071 1796 2138 πρό-

226 2166 370 2199 εισιν
400 2149 506 2217 ἄρα
536 2150 657 2201 κατ’
682 2153 1006 2218 ὲκπὸρῑυσιν
1029 2171 1042 2183 ⁸
1083 2153 1220 2206 ὥστε
1252 2158 1342 2211 καὶ
1370 2159 1401 2230 ἡ
1447 2163 1507 2212 ὲκ
1533 2161 1625 2213 τοῦ
1666 2160 1796 2213 ΥΞοῦ

222 2243 327 2293 τοῦ
357 2244 673 2311 Πνεῦματος
710 2248 935 2314 πρόοδνς
968 2250 1050 2315 εἴη
1086 2248 1148 2304 ἂν
1176 2251 1248 2315 ὼς
1277 2256 1708 2324 ἐκπορευομένου
1741 2254 1797 2321 ἐξ

226 2336 421 2390 αὑτοῦ.
456 2339 576 2389 Ἔτι
602 2339 663 2391 τὸ
714 2339 938 2412 Πνεῦμα
971 2344 1028 2398 τὸ
1064 2348 1218 2416 ἅγιον
1248 2349 1309 2400 ἐκ
1354 2347 1450 2416 τῆς
1484 2347 1670 2408 οὐσίας
1702 2347 1795 2399 τοῦ

230 2428 448 2501 Harpe:
484 2426 622 2487 εἶναι
675 2436 771 2489 καὶ
817 2437 911 2489 τοῦ
960 2439 1110 2503 Υίοῦ,
1156 2438 1353 2501 πάντες
1388 2440 1437 2492 oi
1492 2439 1799 2493 διδάσκοι).οι

230 2526 432 2593 βοὼσ.ν
461 2527 793 2582 Ἀνατολικοί
822 2546 877 2582 τε
912 2532 1003 2583 καὶ
1031 2529 1245 2584 Δντικοί
1270 2546 1283 2559 ·
1325 2531 1461 2584 ἀλλὰ
1487 2533 1563 2593 τὸ,
1583 2531 1680 2585 Ἐκ
1702 2533 1802 2600 τῆς

232 2619 429 2680 οὐσίας
472 2620 613 2682 τινὸς
647 2619 706 2672 ὃν
733 2625 789 2674 ὲν
824 2624 887 2691 τῇ
940 2623 1151 2689 Τριάδι,
1203 2623 1296 2675 καὶ
1332 2626 1393 2675 ἐκ
1440 2625 1536 2691 τῆς
1568 2623 1801 2676 ὑποστάσ

232 2730 381 2776 σεως
410 2715 574 2768 αὑτοῦ
607 2718 744 2770 ἐστι.
775 2717 847 2770 Τὸ
898 2718 1121 2787 Πνεῦμα
1153 2721 1259 2790 ἄρα
1308 2721 1365 2773 τὸ
1396 2722 1548 2787 ἅγιον
1602 2722 1665 2774 ὲκ
1701 2720 1804 2787 τῆς

230 2806 429 2866 οὐσίας
466 2807 560 2860 τοῦ
598 2808 726 2861 Υίοῦ
756 2808 1048 2878 λεγόμενον
1075 2820 1240 2873 ειναι,
1289 2812 1383 2864 καὶ
1423 2814 1487 2865 ὲκ
1513 2813 1611 2879 τῆς
1638 2812 1807 2865 αὐτοῦ

233 2898 391 2950 ἐστιν
420 2900 789 2963 ὑποστάσεως.
834 2904 893 2955 Ei
925 2904 980 2955 δέ
1020 2920 1103 2965 τις
1150 2904 1441 2973 τολμήσειε
1492 2905 1691 2973 λέγειν,
1721 2904 1809 2958 διὰ

232 2992 302 3043 τὸ
346 2990 634 3059 ὀμοοῦσιον
663 2994 837 3048 ταῦτα
882 2995 1158 3064 εἰρῆσθαι,
1214 2997 1309 3049 καὶ
1341 2997 1426 3049 ἵνα
1458 2998 1545 3049 ,τὸ
1587 2996 1808 3065 Πνεῦμα

233 3082 428 3153 δειχθῇ
464 3085 561 3152 τῆς
593 3086 762 3155 αὐτῆς
794 3086 1003 3150 οὐσίας,
1033 3089 1207 3156 Πατρὶ
1238 3090 1331 3142 καί
1357 3087 1493 3157 Υίῷ,
1521 3089 1679 3141 τοῦτο
1713 3089 1810 3156 μὲν

1829 1836 1867 1888 Β

1889 596 2084 649 ducere
2131 599 2375 665 operatio
2394 597 2571 653 Patris
2604 601 2915 655 essentinlis
2944 600 3033 665 sit,
3064 618 3170 655 non
3202 606 3371 667 prima
3405 614 3462 654 et

1889 688 2200 741 immediata
2233 688 2308 753 iit,
2360 691 2455 743 sed
2502 707 2595 760 per
2621 694 2877 761 primam,
2922 709 3043 761 quae
3094 710 3353 763 generare
3414 705 3466 747 et

1889 780 2169 845 generatio
2191 790 2349 834 antea
2380 782 2523 836 dicta
2551 793 2648 837 est.
2685 785 3050 849 Quamobrem
3073 785 3235 838 etiam
3272 785 3465 839 Filium

1900 870 2061 938 hujus
2108 873 2443 941 operationis
2474 888 2593 927 esse
2623 886 2936 928 consortem
2985 892 3213 929 necesse
3256 887 3359 939 est,
3415 888 3468 930 et

1894 976 1989 1029 per
2038 978 2161 1016 eum
2220 964 2484 1032 Spiritum
2556 978 2805 1018 sanctum
2844 967 3162 1033 procedere.
3202 967 3467 1020 Pr:rterca

1891 1054 2031 1121 apud
2061 1068 2254 1107 omnes
2290 1054 2541 1108 doctores
2567 1056 2618 1107 in
2642 1054 2895 1110 confesso
2923 1066 3028 1122 est,
3054 1057 3312 1126 Spiritum
3339 1074 3468 1110 san-

1890 1153 2037 1196 ctum
2068 1144 2288 1213 prodire
2312 1160 2375 1198 ex
2411 1144 2566 1198 Filio.
2601 1147 2656 1199 Si
2691 1162 2818 1216 ergo
2842 1148 3017 1217 prodit
3048 1164 3216 1212 exeo,
3248 1152 3470 1203 omnino

1892 1237 2215 1290 naturaliter
2270 1237 2492 1306 prodit:
2530 1237 2663 1291 nihil
2702 1239 2849 1293 enim
2887 1240 2939 1292 in
2988 1240 3097 1293 Deo
3144 1250 3339 1308 praeter
3372 1257 3471 1294 na—

1893 1338 2067 1383 turam
2114 1342 2169 1384 et
2192 1330 2545 1384 adrentitium
2570 1338 2674 1394 est,
2700 1348 2823 1383 nam
2850 1342 3227 1386 creaturarum
3253 1342 3470 1385 estnon

1894 1422 2116 1489 prodire
2139 1438 2206 1475 ex
2242 1422 2351 1475 Deo
2381 1432 2595 1474 natura.
2631 1420 2689 1475 Si
2723 1437 2851 1491 ergo
2882 1423 3187 1477 serundum
3221 1435 3471 1476 naturam

1893 1528 1959 1566 ex
1992 1512 2128 1566 Filio
2168 1514 2348 1581 prodit
2379 1513 2636 1581 Spiritus,
2660 1514 3062 1581 processioncm
3102 1528 3232 1566 vero
3283 1529 3477 1568 secun-

1894 1606 2018 1659 dum
2062 1615 2307 1659 naturam
2335 1606 2387 1657 in
2426 1606 2626 1659 divinis
2655 1605 2942 1673 dupliciter
2973 1615 3192 1674 oportet
3218 1620 3361 1671 esse,
3391 1608 3473 1657 vel

1896 1714 1994 1767 per
2024 1696 2445 1766 generationem,
2484 1698 2563 1749 vel
2599 1714 2694 1767 per
2754 1696 3166 1766 productionem
3207 1711 3343 1764 :per
3388 1711 3477 1764 ge-

1900 1790 2236 1843 nerationem
2262 1798 2441 1842 autem
2484 1805 2590 1842 non
2622 1789 2802 1859 prodit
2834 1803 2896 1842 ex
2922 1802 2988 1841 eo
3026 1807 3038 1841 :
3072 1787 3476 1856 proiectoenim

1899 1892 2043 1936 esset
2074 1881 2213 1935 [ilius
2236 1879 2355 1934 Filii
2390 1881 2648 1949 Spiritus,
2681 1880 2863 1949 prodit
2912 1895 3042 1945 ergo
3100 1894 3195 1948 per
3267 1893 3481 1947 proces—

1896 1977 2143 2029 sionem:
2180 1973 2359 2043 itaque
2393 1972 2629 2041 Spiritus
2651 1988 2713 2026 ex
2745 1970 2879 2026 Filio
2924 1972 3207 2041 processio
3236 1971 3338 2023 erit
3361 1979 3481 2022 tau-

1896 2083 2057 2137 quam
2086 2066 2203 2136 ejus
2233 2064 2323 2135 qui
2357 2064 2601 2135 procedit
2639 2079 2702 2118 ex
2739 2079 2825 2117 eo.
2896 2064 3164 2117 Praeterea
3217 2060 3478 2128 Spiritum

1899 2166 2148 2211 sanctum
2174 2171 2236 2209 ex
2278 2155 2583 2208 substantia
2613 2152 2790 2207 Patris
2824 2167 2944 2206 esse
2999 2161 3052 2205 et
3114 2151 3255 2215 Filii,
3288 2164 3480 2205 Omnes

1897 2251 2188 2313 doctores,
2235 2246 2539 2302 Orientales
2590 2248 2790 2315 pariter
2825 2254 2881 2299 et
2932 2226 3327 2307 Occidentales,
3372 2243 3478 2294 cla-

1899 2351 2081 2407 mant;
2110 2339 2201 2394 sed
2229 2338 2371 2405 quod
2399 2339 2450 2392 iu
2476 2337 2744 2392 Trinitate
2772 2353 2836 2392 ex
2862 2336 3098 2391 essentia
3125 2336 3355 2399 alicujus
3375 2343 3478 2395 est,

1898 2435 2062 2488 etiam
2114 2448 2179 2485 ex
2238 2430 2511 2500 hypostasi
2545 2430 2661 2498 ejus
2691 2440 2794 2484 est.
2862 2430 2998 2482 Cum
3064 2444 3191 2494 ergo
3249 2426 3484 2494 Spiritus

1904 2536 2124 2580 sanctus
2181 2523 2398 2578 dicatur
2443 2536 2568 2575 esse
2602 2537 2667 2575 ex
2694 2521 2999 2574 substantia
3038 2517 3186 2582 Filii,
3215 2518 3483 2571 estetiatn

1904 2635 1967 2673 ex
2003 2620 2173 2687 ipsius
2223 2616 2523 2687 bypostasi.
2550 2616 2706 2679 Quod
2744 2616 2787 2668 si
2823 2616 2945 2682 quis
2977 2614 3174 2667 audeat
3209 2611 3389 2664 dicere
3422 2625 3484 2662 ea

1906 2723 2125 2785 propter
2152 2710 2619 2768 consubstantialc
2656 2724 2779 2763 esse
2808 2707 3031 2776 prolata,
3071 2721 3134 2759 ac
3160 2715 3217 2758 ut
3247 2702 3487 2772 Spiritus

1906 2809 2154 2878 ejusdem
2218 2808 2471 2862 essentize
2519 2804 2838 2859 ostendatur
2899 2816 3018 2855 csse
3064 2815 3187 2853 cum
3241 2798 3399 2852 Patre
3434 2805 3490 2849 et

1909 2902 2067 2965 Filio,
2098 2902 2153 2955 id
2172 2902 2392 2970 quidem
2462 2914 2650 2952 verum
2704 2906 2809 2960 est,
2873 2906 2927 2948 et
2960 2905 3165 2962 quanto
3198 2889 3367 2959 magis
3398 2903 3489 2942 ve-

1910 3010 2030 3049 rum
2064 3003 2169 3058 est,
2201 3002 2355 3048 tanto
2380 3005 2551 3061 magis
2601 2989 2823 3057 adjuvat
2856 3002 2992 3041 nos:
3040 2999 3164 3037 nam
3201 2984 3279 3037 sic
3311 2980 3484 3049 magis

1910 3095 1997 3140 est
2040 3081 2523 3140 consubstantialis
2580 3077 2724 3133 Patri
2752 3088 2805 3132 et
2851 3076 2986 3130 Filio
3032 3074 3291 3142 Spiritus,
3330 3069 3489 3139 quasi

232 3176 442 3244 ἀληθές
462 3193 477 3207 ·
513 3177 621 3247 ὅσῳ
650 3177 705 3230 δὲ
739 3177 961 3247 ἀληθὲς,
987 3179 1239 3232 τοσοῦτον
1284 3181 1577 3249 συνηγορεϊ
1607 3179 1808 3249 μᾶλλον

1914 3195 1979 3234 ex
2006 3193 2196 3232 eorum
2228 3176 2486 3241 essentia,
2527 3183 2583 3229 et
2612 3189 2677 3227 ex
2734 3172 2798 3227 iis
2825 3170 3105 3237 prodiens,
3139 3166 3254 3220 sive
3294 3177 3491 3233 procc-

234 3270 402 3335 ἡμῖν.
456 3266 613 3321 Οὕτω
643 3270 749 3339 γὰρ
790 3271 1077 3338 ὁμοούσιον
1118 3272 1291 3341 Πατρὶ
1324 3273 1418 3324 καὶ
1465 3272 1576 3341 Υίῷ
1610 3272 1810 3341 μᾶλλον

236 3360 305 3407 τὸ
339 3357 579 3425 Πνεῦμα.
609 3357 681 3417 ὡς
714 3359 777 3410 ὲκ
810 3358 908 3423 τῆς
955 3359 1140 3422 οὐσίας
1188 3359 1368 3413 αὐτῶν
1398 3361 1489 3412 καὶ
1526 3359 1585 3425 ἐξ
1632 3360 1812 3412 αὐτῶν

240 3449 461 3515 προῖδν,
496 3450 660 3517 ἤγουν
697 3451 1148 3521 ἐκπορευόμενον.
1182 3452 1243 3503 Εἰ
1274 3453 1379 3520 γὰρ
1408 3450 1505 3520 τὴν
1536 3450 1815 3520 όμοουσιό·

238 3558 387 3605 τητα
421 3542 609 3604 ἁπλῶς
645 3541 796 3610 δηλοῖ
844 3543 1023 3612 μόνον,
1052 3545 1125 3604 ὡς
1169 3543 1320 3595 αὐτοὶ
1360 3544 1659 3613 βούλονται,
1710 3544 1814 3596 ἔδει

241 3633 468 3686 καὶτὸν
513 3633 727 3702 Πατέρα
778 3634 842 3686 ἐκ
888 3637 985 3703 τῆς
1032 3636 1221 3698 οὐσίας
1274 3637 1365 3689 τοῦ
1420 3638 1545 3690 Υἰοῦ
1598 3638 1815 3691 καὶτοῦ

243 3726 588 3798 Πνεῦματος,
624 3726 719 3778 καὶ
760 3728 850 3777 τὸν
884 3726 1012 3779 Υἰδν
1049 3729 1110 3780 ἐκ
1148 3728 1245 3797 τῆς
1292 3730 1477 3792 οὐσίας
1522 3728 1617 3783 τοῦ
1650 3732 1818 3783 Πνεῦ-

248 3835 424 3887 puto;
455 3816 733 3883 λέγεσθαι.
776 3817 937 3870 Ἀλλὰ
963 3817 1123 3871 τοῦτο
1152 3820 1325 3878 οὐδεὶς
1356 3821 1623 3892 ἐτόλμησε
1654 3822 1817 3891 μέχρι

243 3910 348 3960 καὶ
384 3907 499 3971 νῦν,
535 3905 661 3959 οὗτε
694 3907 953 3976 τολμήσει
1002 3910 1198 3973 εἰπεῖν,
1231 3911 1279 3961 εί
1315 3909 1476 3977 μόνον
1520 3912 1818 3979 χριστιανί-

243 4002 368 4065 ζειν
401 4000 671 4068 βούλεται.
709 4000 829 4052 Ἔτι
857 4000 960 4052 ὑπό
994 4017 1051 4052 τε
1098 3998 1195 4052 τοῦ
1238 4001 1475 4070 μεγάλου
1512 4001 1817 4068 Βασιλεεου,

244 4094 349 4147 καὶ
384 4093 491 4146 τῶν
539 4091 807 4143 πλείστων
840 4092 1032 4157 ἁγίων,
1061 4095 1087 4144 ὁ
1125 4093 1221 4161 μὲν
1250 4093 1376 4156 Υίὺς
1404 4093 1567 4147 εἰκὼν
1594 4093 1685 4146 τοῦ
1716 4096 1823 4147 Πα-

243 4185 378 4252 τρὸς
410 4184 656 4251 λέγεταιο
691 4185 747 4235 τὸ
788 4183 844 4236 δὲ
877 4183 1122 4253 Πνεῦμα,
1172 4184 1332 4237 εἰκὼν
1365 4184 1457 4238 τοῦ
1514 4184 1678 4237 Υἱοῦ·
1730 4187 1824 4238 καὶ

242 4279 273 4328 ὁ
312 4276 413 4344 μὲν
458 4274 604 4337 Υἱὸς,
657 4275 903 4343 ἐνέργεια
945 4272 1039 4326 τοῦ
1089 4274 1327 4341 Πατρός*
1376 4275 1436 4326 τὸ
1482 4274 1538 4325 δὲ
1576 4273 1821 4343 Πνεῦμα,

246 4371 505 4436 ἐνέργεια
534 4366 627 4418 τοῦ
666 4364 795 4417 Υίοῦ
822 4380 835 4394 ⁸
866 4365 957 4417 καὶ
983 4367 1010 4417 ὁ
1046 4363 1146 4433 μὲν
1198 4364 1349 4427 Υἱὸς,
1391 4365 1561 4431 Λόγος
1588 4365 1680 4417 τοῦ
1713 4366 1825 4417 Πασ⁸

1915 3270 2089 3324 dens:
2120 3268 2246 3336 quia
2278 3266 2323 3320 si
2364 3259 2984 3319 consubstantialitatem
3017 3266 3223 3308 tantum
3286 3248 3494 3318 simpli-

1915 3369 2052 3417 citer
2093 3361 2342 3423 denotat,
2375 3369 2433 3413 ut
2481 3358 2579 3425 ipsi
2610 3357 2820 3414 votunt,
2854 3363 3081 3404 necesse
3132 3356 3298 3404 esset,
3329 3342 3492 3395 etiam

1917 3454 2130 3509 Patrem
2168 3470 2232 3506 ex
2266 3451 2501 3506 essentia
2557 3448 2700 3511 Filii,
2723 3457 2775 3500 et
2801 3444 3060 3511 Spiritus,
3119 3448 3172 3494 et
3203 3437 3397 3493 Filiutn
3429 3448 3491 3487 ex

1917 3546 2153 3601 essentia
2206 3543 2442 3612 Spiritus
2499 3540 2629 3594 dici.
2703 3535 2807 3590 Sed
2860 3533 2912 3586 id
2987 3533 3269 3598 hucusque
3338 3542 3497 3580 nemo

1918 3639 2104 3693 dicere
2128 3650 2291 3689 ausus
2312 3643 2416 3694 est,
2444 3646 2618 3700 neque
2645 3627 2885 3691 audebit,
2913 3625 2956 3679 si
3005 3623 3352 3677 Christianus
3378 3633 3497 3673 esse

1919 3729 2173 3784 voluerit.
2209 3726 2477 3779 Praaterea
2532 3739 2561 3775 a
2594 3735 2789 3790 magno
2826 3718 3026 3771 Basilio
3060 3732 3075 3781 ;
3130 3723 3184 3769 et
3219 3713 3499 3781 plerisque

1922 3819 2124 3875 sanctis
2159 3818 2326 3871 Filius
2360 3815 2536 3884 imago
2562 3810 2741 3865 Patris
2767 3808 2987 3870 dicitur,
3018 3805 3260 3874 Spiritus
3317 3803 3498 3872 imago

1925 3911 2067 3977 Filii,
2099 3921 2151 3965 et
2183 3909 2349 3963 Filius
2408 3905 2654 3975 opentio
2710 3904 2913 3966 Patris,
2951 3899 3189 3968 Spit-itus
3249 3895 3499 3963 operatio

1923 4003 2061 4067 Filii,
2100 4011 2154 4055 et
2183 4000 2351 4053 Filius
2383 3997 2564 4050 Patris
2612 3996 2874 4057 Verbum,
2932 3993 3177 4061 Spiritus
3211 3987 3333 4041 Filii
3378 3986 3496 4039 elo-

1923 4095 2136 4164 quium,
2159 4103 2211 4145 et
2255 4092 2426 4144 Filius
2458 4087 2740 4158 ﬂagrantia
2772 4084 2967 4147 Patris,
3000 4082 3237 4151 Spiritus
3266 4077 3505 4146 ﬂagran-

1928 4190 1999 4242 tia
2030 4186 2171 4241 Fllii.
2206 4184 2312 4239 Sed
2369 4181 2550 4235 omnia
2589 4179 2758 4232 Filius
2808 4177 2986 4229 Patris
3015 4174 3219 4229 dicitur
3245 4181 3502 4240 tauquam

1927 4282 1993 4335 de
2020 4281 2182 4331 Patre
2246 4275 2565 4345 procedens,
2603 4288 2731 4342 ergo
2763 4278 2817 4323 et
2858 4268 3097 4338 Spiritus
3162 4272 3385 4318 sanctus
3438 4276 3502 4315 ea

1927 4371 2123 4425 dicitur
2154 4367 2276 4423 Filii
2304 4382 2447 4430 esse,
2491 4374 2551 4419 ut
2574 4364 2665 4433 qui
2687 4379 2749 4417 ex
2786 4361 2922 4415 Filio
2956 4361 3024 4413 sit
3045 4357 3143 4428 (l).
3173 4356 3440 4411 Pra-terea
3459 4355 3502 4406 si

248 4461 418 4528 τρὸς·
454 4459 513 4509 τὸ
546 4458 601 4510 δὲ
660 4456 903 4524 Π.εῦμα,
966 4460 1118 4526 ῥῆμα
1159 4456 1253 4508 τοῦ
1309 4456 1439 4509 Υίοῦ
1472 4472 1485 4486 ο
1526 4457 1619 4509 καὶ
1651 4457 1678 4507 ὁ
1729 4458 1808 4518 μὲι

1932 4460 2168 4529 Spiritus
2195 4473 2300 4512 non
2336 4467 2417 4511 est
2449 4473 2513 4511 ex
2547 4454 2699 4519 Filio,
2722 4455 2789 4507 ab
2829 4468 2894 4507 eo
2941 4466 3216 4519 nunquam
3242 4461 3507 4517 persona-

251 4552 406 4615 Υἱὸς,
460 4550 655 4618 εὒῳδία
709 4548 802 4602 τοῦ
840 4549 1092 4616 Πατρός’
1143 4550 1202 4600 τὸ
1250 4546 1305 4599 δὲ
1356 4548 1603 4616 Πνεῦμα,
1631 4548 1829 4619 εὐῳδία

251 4642 356 4695 τοῦ
388 4642 542 4696 Υἰοῦ.
606 4640 748 4692 Ἀλλ’
803 4642 983 4693 ἐκεῖνα
1014 4640 1189 4693 πάντα
1238 4642 1265 4693 ὁ
1304 4640 1430 4703 Υἱὸς
1485 4642 1703 4709 λέγεται
1732 4643 1827 4695 τοῦ

256 4734 496 4801 Πατρδς,
527 4733 602 4794 ὼς
632 4732 696 4784 ὲκ
725 4730 821 4784 τοῦ
855 4730 1066 4800 Πατρὸς
1099 4729 1205 4782 ὥνο
1242 4733 1335 4783 καὶ
1366 4732 1434 4785 ’τὸ
1466 4731 1691 4800 Πνεῦμα
1722 4732 1828 4803 ἄρα

251 4830 318 4880 τὸ
348 4827 523 4895 ἆγιον,
566 4826 737 4880 ταῦτα
784 4826 1002 4893 λέγεται
1050 4825 1146 4877 τοῦ
1180 4826 1311 4878 Υἱοῦ
1345 4822 1483 4879 εἶναι
1517 4827 1592 4889 ὡς
1634 4830 1695 4879 ὲκ
1731 4826 1826 4879 τοῦ

252 4918 393 4972 Υἱοῦ
425 4919 503 4972 ὃν.
539 4919 659 4970 Ἔτι
707 4918 755 4971 εί
794 4918 868 4987 μὴ
899 4919 957 4969 τὸ
991 4917 1210 4985 Πνεῦμά
1256 4919 1403 4970 ἐστιν
1433 4919 1489 4985 ἐξ
1522 4919 1673 4985 Υίοῦ,
1727 4922 1828 4971 οὐκ

250 5012 325 5065 ἂν
356 5008 518 5063 αὐτοῦ
548 5008 913 5079 προσωπικῶς
951 5009 1281 5079 διακρίνοιτο
1304 5025 1317 5040 ο
1351 5010 1485 5062 ἀλλὰ
1514 5010 1671 5062 τοῦτο
1702 5011 1830 5065 άτο·

249 5120 366 5155 πον
426 5102 640 5168 λέγειν’
693 5101 836 5155 οὓτω
875 5100 1057 5172 γάρὴ
1109 5100 1275 5170 Τριὰς
1332 5102 1688 5172 ὁρισθήσεται
1748 5104 1828 5163 είς

247 5193 466 5245 δυάδα’
516 5192 664 5245 ἔστιν
696 5193 802 5261 ἄρα
850 5191 909 5254 ἐξ
972 5189 1100 5243 Υίοῦ
1140 5192 1199 5243 τὸ
1252 5191 1497 5261 Πνεῦμα,
1532 5194 1577 5245 εἰ
1646 5193 1830 5261 μέλλοι

252 5282 633 5353 προσωπικῶς
664 5282 828 5334 αὐτοῦ
856 5283 1248 5350 διακρίνεσθαι.
1284 5285 1406 5336 Ἔτι
1441 5287 1605 5354 φησιν
1636 5288 1663 5337 ὁ
1694 5287 1832 5353 Χρι-

249 5381 389 5441 οςὸς
426 5380 531 5437 τοῖς
562 5377 860 5447 μαθηταῐςο
896 5394 917 5427 ε
952 5377 1121 5429 Ὅταν
1146 5377 1275 5449 ἔλθῃ
1302 5380 1329 5430 ὁ
1366 5378 1721 5447 Πιράκλητος
1773 5378 1831 5430 ὃν

246 5471 376 5538 ἐγὼ
401 5471 597 5548 πέμψω
618 5471 747 5537 ὑμῖν
764 5484 778 5497 ο
799 5488 817 5519 ι
859 5471 973 5533 καὶ,
998 5471 1156 5522 «Ἐὰν
1182 5472 1430 5539 πορευθῶ
1455 5470 1655 5539 πέμψω
1673 5469 1834 5521 αὑτὸν

256 5564 408 5631 πρὸς
456 5562 601 5630 ὑμᾶς
629 5577 642 5588 ·
677 5580 696 5613 ι
730 5561 803 5612 Τὸ
841 5562 949 5631 γὰρ
978 5562 1295 5629 πέμπεσθαι
1330 5564 1420 5614 ἐπὶ
1457 5563 1614 5626 Θεοῦ,
1649 5562 1706 5613 τὸ
1738 5561 1848 5614 ἀπ’-

249 5656 447 5717 αῑτίας
477 5651 613 5707 εἷναι
642 5654 811 5723 δηλοῖ.
840 5656 949 5709 Καὶ
979 5654 1185 5724 μάρτυς
1209 5656 1235 5706 ὁ
1268 5653 1405 5717 θεῖος
1431 5656 1833 5724 Χρυσόστομος,

337 5835 417 5906 (l)
447 5834 588 5890 Citat
613 5835 753 5889 hunc
779 5834 953 5888 locum
980 5832 1211 5888 Thomas
1239 5851 1284 5884 ι’.
1314 5834 1399 5887 52.

1933 4554 2056 4607 liter
2086 4549 2473 4620 distinguitur;
2504 4558 2558 4600 at
2609 4546 2659 4599 id
2690 4544 2994 4599 absurdum
3033 4542 3181 4595 dietu
3218 4550 3300 4593 est
3334 4555 3348 4593 :
3381 4552 3506 4590 nam

1933 4646 2003 4699 ita
2032 4643 2268 4697 Trinitas
2297 4642 2348 4694 in
2409 4640 2727 4693 dualitatem
2783 4634 3192 4690 terminabitur.
3226 4630 3319 4683 Est
3378 4643 3507 4697 ergo

1932 4752 1996 4791 ex
2047 4733 2184 4789 Filio
2234 4732 2497 4802 Spiritus,
2548 4732 2593 4785 si
2655 4727 3017 4799 personaliter
3068 4726 3133 4777 ab
3160 4737 3227 4777 eo
3251 4721 3507 4787 distingui

1933 4827 2256 4898 oportuerit.
2309 4825 2438 4878 ltem
2487 4823 2619 4877 dicit
2686 4820 2937 4874 Christus
2972 4813 3274 4883 discipulis,
3331 4812 3511 4864 iCum

1934 4920 2143 4974 venerit
2175 4918 2510 4979 Paracletus,
2542 4928 2701 4984 quem
2751 4927 2852 4980 ego
2907 4909 3117 4962 mittam
3156 4905 3329 4958 vobis.
3364 4922 3381 4952 ι
3420 4903 3511 4964 Ει,

1943 5033 1959 5064 ι
1986 5011 2041 5066 Si
2065 5011 2249 5064 abiero
2280 5010 2490 5062 mittam
2523 5021 2644 5058 eum
2672 5003 2739 5057 ad
2776 5017 2894 5066 vos,
2925 5019 2943 5051 ι
2999 5000 3124 5067 quia
3154 4995 3292 5050 mitti
3323 4995 3373 5047 in
3405 4992 3513 5046 Deo

1933 5119 1962 5157 a
1995 5119 2155 5156 causa
2218 5116 2337 5155 esse
2374 5100 2733 5151 demonstrat.
2772 5092 2953 5147 Testis
2985 5102 3067 5144 est
3101 5088 3159 5141 ι).
3188 5089 3513 5156 Cltrysosto-

1936 5214 2057 5250 tuus
2089 5196 2154 5249 ad
2210 5194 2462 5253 Arianos,
2483 5190 2574 5260 qui
2604 5189 2949 5245 dubitabant,
2973 5181 3245 5253 quomodo
3271 5177 3517 5246 ejusdem

1940 5288 2192 5342 essentia:
2216 5287 2289 5338 sit
2316 5284 2407 5353 qui
2443 5282 2609 5336 mittit
2664 5290 2720 5335 et
2754 5279 2845 5349 qui
2884 5274 3141 5338 mittitur,
3174 5272 3241 5326 39
3271 5268 3514 5332 humilia,

1941 5392 2063 5431 cum
2089 5375 2257 5429 dicit:
2300 5373 2513 5427 Rursus
2539 5373 2603 5427 ad
2642 5372 2881 5426 humana
2913 5367 3217 5423 orationem
3256 5362 3518 5423 traducis,

1944 5485 2042 5523 nec
2066 5466 2323 5537 intelligis
2352 5465 2534 5520 omnia
2579 5464 2692 5517 haec
2729 5463 2797 5515 ob
2837 5459 2974 5514 nihil
3009 5456 3153 5513 aliud
3203 5455 3344 5510 dicta
3373 5465 3521 5517 esse,

1948 5562 2047 5613 nisi
2076 5568 2131 5612 ut
2158 5574 2376 5612 causam
2399 5558 2656 5622 sciamus,
2691 5568 2869 5623 neque
2930 5552 2985 5607 in
3016 5547 3238 5605 Sabellii
3270 5544 3517 5599 morbum

1948 5653 2251 5708 incidamus
2284 5670 2294 5706 :
2331 5650 2423 5706 scd
2457 5650 2695 5720 Spiritus
2750 5662 2815 5703 ex
2847 5645 2982 5701 Filio
3046 5641 3299 5705 mittitur,
3365 5651 3429 5691 ex
3455 5650 3517 5689 eo
