4160 6424
199 341 328 409 1131

183 546 408 618 Πνεῦμα
446 552 503 604 τὸ
535 553 689 618 ἅγιον
729 559 1148 632 ἐκπορεύεσθαι,
1188 569 1217 627 ἢ
1259 570 1304 619 εἰ
1337 570 1411 640 μὴ
1455 571 1631 632 τοῦτο,
1662 575 1755 626 δύο

182 637 314 700 γοῦν
348 640 440 701 τὰς
477 644 666 712 ἀρχάς,
717 651 809 701 καὶ¹
854 651 945 703 δύο
974 653 1363 726 ἀκολουθήσειν
1392 637 1457 712 τὰ
1498 662 1647 715 αἴτιά
1677 678 1690 690 ·
1728 665 1755 715 ὃ

188 730 280 787 καὶ
321 731 451 785 αὐτὸ
484 736 544 787 οὐ
581 742 735 803 μεῖον
777 745 978 798 ἄτοπον
1009 747 1102 800 τοῦ
1142 753 1433 821 προτέρου.
1475 755 1668 823 Ἡμεῖς
1699 757 1755 808 δὲ

189 827 326 889 πρὸς
389 829 488 893 μὲν
527 831 586 881 τὸ
640 833 736 901 τῆς
793 838 1142 908 συναλοιφῆς,
1185 842 1324 895 οὕτω
1351 847 1563 913 φαμέν·
1604 847 1678 910 ὠς
1709 849 1757 899 εἰ

189 920 290 984 μὲν
323 924 668 987 προσωπικδν
703 927 880 981 εἵ;ουν
922 931 1284 986 ὑποστατικον
1325 937 1416 987 τοῦ
1466 940 1756 1004 προσώπου

190 1011 286 1062 τοῦ
326 1016 609 1080 πατρικοῦ,
644 1018 743 1088 τὴν
773 1020 867 1073 τοῦ
898 1025 1223 1091 προσάλλειν
1265 1028 1544 1096 ἐνέργειαν
1589 1030 1759 1082 ἐτιθὲ-

192 1102 356 1166 μεοα,
389 1105 495 1156 τότ’
524 1106 590 1158 ἂν
618 1109 678 1161 τὸ
716 1109 919 1164 ἄτοπον
964 1114 1144 1167 εἵπετο
1179 1117 1335 1169 τοῦτο
1361 1133 1373 1145 °
1410 1119 1501 1169 καὶ
1531 1115 1597 1188 ἧν
1625 1120 1759 1190 ὀλη-

194 1193 301 1254 θῶς
329 1195 355 1244 ὸ
385 1194 505 1259 Υξ“ις
567 1200 626 1250 ἒν
656 1203 792 1268 μετὰ
829 1204 920 1255 τοῦ
959 1207 1167 1274 Πατρὸς
1201 1209 1507 1278 πρόσωπον,
1540 1211 1632 1263 τοῦ
1665 1229 1758 1263 συ-

195 1288 453 1341 στατικοῦ
501 1291 648 1360 αὐτῷ
701 1297 974 1349 κοινωνῶν
1025 1297 1329 1368 ἰδιώματος.
1390 1302 1539 1354 Ἐπεὶ
1601 1304 1657 1356 δὲ
1699 1303 1760 1356 τὸ

191 1377 296 1446 μὲν
328 1383 648 1435 συστατικὸν
670 1385 761 1437 τοῦ
790 1390 1106 1456 προσώπου,
1131 1391 1223 1444 τοῦ
1247 1393 1510 1460 πατρικοῦ
1538 1394 1756 1463 ἰδίωμα,

193 1471 228 1536 ἡ
262 1475 540 1542 πατρότης
590 1477 684 1528 καὶ
728 1476 787 1530 τὸ
821 1482 1016 1551 γεννᾷν
1059 1484 1270 1554 εἴρηται
1303 1485 1385 1549 ὃν,
1420 1488 1482 1539 τὸ
1526 1487 1580 1539 δὲ
1632 1505 1758 1555 προ-

190 1564 410 1617 σάλλειν
441 1568 635 1636 ἰδίωμα
664 1571 842 1625 εἵτουν
870 1575 1158 1645 γνώρισμα
1185 1579 1260 1647 τῷ
1290 1581 1565 1649 προσώπῳ
1597 1581 1760 1633 αὑτοῦ

192 1661 451 1712 συστάντι
502 1663 786 1732 ἑπόμενον,
821 1667 902 1728 τ>’ς
947 1669 976 1734 ἡ
1020 1670 1254 1739 ἀνάγκη,
1291 1672 1378 1723 τὸν
1408 1673 1764 1725 κοινωνοῦντα

187 1753 342 1822 αὐτῷ
366 1753 554 1807 τούτου
579 1757 671 1808 τοῦ
702 1757 989 1827 ἰδιώματος
1017 1760 1044 1812 ὃ
1074 1762 1147 1830 μὴ
1172 1763 1494 1816 συστατικόν
1523 1766 1640 1815 ἐστι
1667 1762 1760 1814 τοῦ

831 360 981 419 PRO
1024 363 1232 424 CON‘C.
1281 369 1652 436 FLOllENT.
1696 376 1853 437 CAP.
1908 377 1952 439 ἰ.
1989 381 2085 438 DE
2130 385 2434 444 SPlRiTU
2485 388 2790 451 SANCTO.

190 459 606 524 συναλεῗφεσθαι
639 465 947 531 πρόσωπον,
982 473 1034 522 εί
1065 491 1145 536 τις
1194 476 1250 542 ἐξ
1279 479 1482 546 ἀμφοῖν
1523 481 1669 548 λέγοι
1704 483 1760 534 τδι
1793 497 1834 551 Α
1868 488 2028 556 cipin,
2065 493 2143 544 vel

3339 391 3437 453 182

2185 496 2319 550 (luas
2343 513 2534 551 causas
2574 499 2698 551 inde
2731 502 2990 567 consequi
3014 519 3026 553 :
3049 501 3186 568 quod
3214 498 3434 570 quidem

1867 595 1973 632 non
2010 582 2190 638 minus
2227 585 2615 642 inconveniens
2640 602 2728 644 est:
2761 593 2962 660 priore.
2985 591 3092 645 Nos
3122 608 3250 644 vero
3279 595 3344 646 ad
3377 593 3429 646 id

1867 673 2008 740 quod
2041 672 2272 728 aﬂ‘erunt
2304 677 2370 730 de
2395 680 2801 746 conjunctione,
2835 682 2908 734 ita
2941 683 3430 750 respondebimus:

1866 764 2010 828 quod
2038 765 2080 818 si
2108 769 2416 835 personale,
2450 771 2566 824 sive
2607 773 2997 841 hypostaticum
3041 788 3287 842 persona:
3333 771 3433 824 Pa-

1872 852 1990 916 tris,
2029 864 2210 909 actum
2236 857 2567 923 producendi
2603 875 2950 928 poneremus,
3002 871 3131 915 tunc
3162 863 3348 931 utique
3381 863 3433 916 id

1871 944 2267 1002 iucomcniens
2296 963 2638 1018 sequeretur,
2668 969 2900 1022 vereque
2936 964 3078 1008 esset
3117 954 3284 1008 Filius
3331 970 3434 1006 una

1868 1050 1990 1089 eum
2021 1036 2176 1092 Patre
2199 1055 2425 1107 persona
2450 1043 2815 1105 constitutirat
2844 1045 3190 1113 proprietatis
3220 1061 3342 1099 cum
3374 1060 3438 1093 eo

1866 1131 2312 1195 communicans;
2347 1137 2436 1187 sed
2468 1138 2592 1205 quia
2629 1152 2871 1204 personzc
2890 1136 3058 1188 Patris
3086 1138 3432 1189 censtitutiva

1870 1222 2190 1288 proprietas,
2229 1228 2523 1291 paternitas
2553 1238 2606 1281 et
2639 1229 2920 1298 generatio
2953 1230 3096 1282 dicta
3161 1240 3238 1282 est
3275 1244 3392 1282 esse
3420 1247 3433 1280 :

1870 1312 2170 1378 producere
2200 1330 2328 1368 vero
2358 1318 2680 1386 preprietas,
2714 1320 2826 1374 sive
2857 1321 3008 1374 notio
3038 1334 3161 1387 quae
3190 1318 3436 1387 sequitur

1873 1418 2163 1471 personam
2192 1409 2543 1463 constitutam
2590 1412 2780 1478 ipsius,
2813 1427 2930 1479 qua
2981 1413 3279 1472 necessitas
3329 1420 3436 1474 est,

1867 1509 1992 1548 eum
2024 1498 2264 1564 quicum
2307 1500 2395 1552 illo
2453 1516 2794 1556 communem
2842 1503 2999 1556 habet
3048 1519 3164 1555 eam
3200 1501 3442 1571 proprie-

1841 1594 2060 1652 ,latem,
2113 1606 2231 1656 qua:
2288 1607 2530 1656 persona:
2593 1596 2711 1662 ejus
2773 1596 3122 1648 ronstitutiva
3173 1611 3278 1647 non
3332 1603 3440 1656 est,

1872 1697 2034 1734 unam
2064 1696 2184 1735 esse
2214 1699 2335 1734 eum
2366 1700 2429 1736 eo
2482 1687 2810 1750 personam?
2846 1688 2972 1738 Nam
3001 1687 3159 1740 sicuti
3196 1701 3441 1739 conmm-

1873 1773 2063 1826 nicans
2087 1789 2205 1826 cum
2234 1773 2391 1827 Patre
2427 1775 2613 1837 Filius,
2639 1777 2842 1829 scilicet
2873 1777 3132 1845 Spiritum
3163 1780 3281 1848 ejus
3301 1792 3442 1841 esse,

188 1851 485 1915 προσώπου
514 1850 702 1915 αὑτοῦ,
732 1853 825 1906 καὶ
843 1853 900 1905 ἓν
924 1849 1061 1906 εῖναι
1093 1856 1384 1923 πρόσωπον
1412 1857 1525 1922 μετ’
1555 1856 1720 1908 αὐτοῦ
1750 1873 1764 1916 ',

1878 1863 2328 1931 quemadmodum
2371 1876 2425 1918 et
2480 1865 2679 1929 Patris,
2712 1878 2767 1921 et
2797 1867 2937 1920 mitti
2990 1868 3056 1920 ah
3093 1882 3156 1920 eo
3185 1868 3446 1936 quemad-

189 1935 407 2005 Ὥσπερ
444 1939 553 2008 γάρ
614 1942 889 1994 κοινωνῶν
934 1943 1011 2012 τῷ
1063 1945 1236 2015 Πατρὶ
1279 1947 1307 1999 6
1368 1947 1516 2011 Υἱὸς,
1563 1946 1657 1999 τοῦ
1705 1946 1764 1999 τὸ

191 2028 420 2097 Πνεῦμα
471 2027 608 2084 εἶναι
659 2034 846 2098 αὑτοῦ,
881 2035 1068 2106 ὥσπερ
1107 2040 1199 2091 καὶ
1242 2038 1335 2092 τοῦ
1384 2041 1615 2108 Πατρὶς.
1671 2041 1765 2093 καὶ

187 2115 290 2166 τοῦ
325 2117 456 2184 παρ’
502 2119 666 2171 αὐτοῦ
719 2121 910 2193 ὥσπερ
955 2126 1047 2177 καὶ
1079 2128 1227 2196 παρὰ
1258 2129 1348 2180 τοῦ
1381 2131 1590 2198 Πατρὸς
1633 2132 1768 2182 ἀπο-

189 2209 526 2270 στέλλεσθαι,
554 2213 700 2279 ὅμως
725 2214 784 2266 οὐ
816 2216 907 2266 καὶ
937 2217 1029 2269 τοῦ
1057 2221 1348 2285 προσώπου
1381 2221 1542 2273 αὐτοῦ
1577 2240 1768 2273 201w.)-

188 2304 296 2360 νεῖ,
329 2303 462 2356 δι’ἷτι
494 2306 573 2368 τ),
598 2307 656 2357 τὸ
682 2308 903 2378 Πνεῦμα
934 2309 1186 2376 λέγεσθαι
1214 2313 1304 2364 τοῦ
1335 2315 1560 2383 Πατρὶς.
1585 2316 1613 2378 ἢ
1640 2314 1767 2383 παρ’

189 2395 362 2446 αὐτοῦ
396 2398 836 2461 ἀποστέλλεσθαι.
886 2404 983 2456 οὐκ
1022 2404 1137 2465 ἐστι
1172 2405 1263 2457 τοῦ
1299 2407 1565 2475 πατρικοῦ
1599 2424 1769 2476 προσ-

189 2490 348 2538 ώπου
399 2494 744 2557 συστατικὸν,
795 2493 967 2557 οὕτως
1008 2496 1127 2548 οὐδὲ
1159 2497 1250 2549 τοῦ
1303 2499 1624 2566 προϐάλλειν
1655 2518 1772 2554 κοι-

193 2582 384 2634 νωυῶν
434 2583 507 2652 τῷ
554 2586 746 2654 Πατρὶ,
793 2589 870 2650 είς
902 2588 958 2640 ἒν
1007 2590 1124 2657 μετ’
1175 2591 1340 2645 αὐτοῦ
1392 2594 1772 2661 συναλείφεται

202 2675 496 2740 πρὸσωπον
523 2693 537 2708 ·
570 2677 702 2729 διότι
733 2678 792 2730 τὸ
840 2681 1184 2748 προϐάλλειν,
1218 2683 1276 2734 οὐ
1323 2686 1644 2738 συστατικδν
1678 2686 1771 2737 τοῦ

197 2771 498 2832 προσώπου
531 2770 625 2822 τοῦ
661 2773 956 2839 πατρικοῦ.
994 2777 1154 2828 Ὥστε
1183 2777 1283 2838 ἕως
1320 2778 1384 2830 ἂν
1415 2777 1488 2848 μὴ
1519 2779 1663 2849 δείξῃ
1691 2796 1773 2842 τις

195 2855 264 2909 τὸ
315 2861 638 2927 προϐάλλειν
692 2866 1017 2917 συστατικὸν
1064 2867 1123 2919 ὃν
1174 2869 1268 2920 τοῦ
1328 2867 1624 2938 προσώπου
1679 2869 1772 2922 τοῦ

199 2951 497 3017 πατρικοῦ,
539 2953 658 3005 οὐδὲ
703 2955 1033 3026 συναλοιφὴν
1068 2959 1175 3010 τῶν
1221 2960 1526 3029 προσώπων
1572 2961 1774 3015 δύναιτ’

196 3041 484 3105 ἂιδεῖξάι.
534 3045 592 3094 ΙΞί
643 3045 696 3096 δὲ
749 3046 929 3116 θαῦμα
985 3033 1133 3102 δοκεῖ
1181 3052 1277 3114 τὰς
1325 3051 1417 3105 δύο
1447 3053 1774 3116 ὑποστάσεις

201 3134 340 3199 μεάν
371 3137 547 3203 ἀρχὴν
593 3130 727 3189 εἶναι
764 3139 857 3191 καὶ
903 3140 976 3208 μὴ
1014 3142 1452 3208 συναλείφεσθαι,
1495 3146 1676 3212 μεῖζον
1708 3147 1774 3199 ἂν

196 3224 289 3288 εἴη
327 3224 529 3290 θαῦμα,
561 3228 638 3278 ὅτι
675 3227 730 3280 αἱ
764 3233 911 3296 τρεῖς
959 3233 1284 3295 ὑποστάσεις
1316 3236 1413 3303 μὶα
1460 3238 1599 3289 είσῖν
1629 3238 1770 3307 ἀρχὴ

197 3318 298 3368 καὶ
328 3319 386 3368 οὐ
421 3320 852 3386 συναλείφονται.
891 3320 1020 3376 Εἶτα
1080 3326 1344 3395 δυαρχίαν
1393 3331 1527 3398 ἡμῖν
1569 3332 1773 3401 προσά-

195 3427 426 3472 πτουσι,
454 3411 720 3477 λέγοντες·
759 3415 832 3467 03
856 3415 1110 3469 δύνανται
1145 3423 1338 3487 φυγεῖν
1366 3422 1464 3492 τὴν
1491 3423 1770 3494 δυαρχίαν,

196 3505 249 3554 οἱ
293 3506 382 3554 τον
434 3504 651 3572 Πατέρα
687 3507 778 3557 καὶ
823 3508 914 3558 τὸν
969 3509 1094 3561 Υίὸν
1149 3511 1321 3580 ἀρχὴν
1353 3514 1634 3579 ποιοῦντες
1678 3520 1772 3571 τοῦ

199 3594 521 3662 Πνεῦματος
551 3611 565 3625 ·
621 3596 754 3651 ἀλλὰ
797 3599 1010 3666 πρῶτον
1040 3601 1139 3669 μὲν
1183 3605 1400 3658 Λατῖνοι
1430 3609 1477 3660 οἱ
1521 3611 1648 3677 παρ’
1683 3612 1776 3662 αὑ-

194 3688 312 3740 τῶν
348 3688 760 3756 ἐγκαλούμενοι,
803 3691 1066 3760 δυαρχίαν
1105 3693 1163 3745 οὐ
1204 3694 1444 3763 τολμῶσι
1491 3699 1668 3765 λέγειν
1692 3717 1710 3732 ·
1742 3702 1774 3770 ἢ

199 3780 434 3846 πρώτην
461 3780 554 3830 καὶ
591 3780 847 3848 δευτέραν
881 3782 1075 3851 ἀρχὴν,
1111 3784 1141 3853 ἢ
1179 3786 1308 3852 μίαν
1343 3789 1403 3840 ἐκ
1447 3788 1538 3841 δύο
1567 3791 1776 3844 συνιοῦ-

201 3889 310 3924 σαν
367 3873 567 3940 ἀρχῶν.
622 3873 836 3926 Μᾶλλον
869 3874 971 3940 μὲν
1018 3873 1110 3929 οῦν
1160 3878 1253 3929 καὶ
1305 3881 1605 3947 ἁνλθέματι
1650 3885 1776 3945 τοὺς

196 3965 351 4017 οὕτω
378 3966 706 4034 φρονοῦντας
747 3967 1154 4024 ὑποϐάλλουσιν.
1207 3970 1347 4022 Ἀλλ’
1373 3972 1420 4022 εί
1452 3973 1547 4040 μέν
1577 3992 1658 4035 τις
1685 3976 1778 4026 αὺ-

195 4058 332 4117 τοὺς
371 4056 546 4124 ἔροιτο
578 4058 624 4109 εί
665 4061 843 4129 ἀρχήν
893 4077 1024 4126 φασι
1059 4063 1152 4113 καὶ
1197 4061 1287 4114 τὸν
1321 4064 1448 4116 run
1480 4065 1570 4116 τοῦ
1605 4067 1775 4134 ’ἁγίου

200 4149 549 4217 Πνεύματος,
579 4151 784 4220 ἐροῦσι,
820 4153 942 4204 ναί·
980 4156 1074 4208 καὶ
1099 4156 1145 4206 εί
1177 4155 1264 4206 τὸν
1299 4157 1533 4226 Πατέρα,
1571 4160 1656 4210 ναί
1681 4175 1696 4191 ο
1730 4162 1776 4212 εἰ

195 4241 247 4293 δ’
298 4242 387 4292 ἐπὶ
440 4241 651 4302 τούτοις
701 4244 991 4309 ἐπαγάγοι,
1040 4247 1248 4298 Οὐκοῦν
1282 4248 1376 4299 δύο
1432 4249 1618 4315 λέγετε
1684 4254 1778 4304 τοῦ

199 4332 527 4400 Πνεῦματος
555 4334 727 4402 ἀρχὰς
757 4352 770 4399 ;
804 4333 865 4387 οῦ
911 4352 1064 4401 φασι.
1115 4338 1186 4388 Σὺ
1235 4340 1342 4408 γὰρ
1374 4340 1529 4393 τοῦτο
1570 4361 1781 4410 συμπε-

201 4425 448 4492 ραίκιειςο
487 4427 644 4494 ἡμεῖς
685 4426 738 4478 δὲ
779 4425 938 4479 τοῦτο
967 4429 1026 4478 τὸ
1059 4430 1234 4498 ῥῆμα,
1287 4433 1345 4484 rb
1381 4433 1494 4495 δύο,
1531 4434 1778 4502 οὐδαμῶς

1870 1953 2086 2007 modum
2115 1965 2167 2008 et
2191 1971 2218 2008 a
2243 1955 2421 2018 Patre,
2455 1966 2633 2009 tamen
2670 1972 2774 2010 non
2806 1973 2928 2010 cum
2962 1974 3026 2011 eo
3045 1972 3271 2024 persona
3291 1972 3444 2010 com-

1867 2048 2130 2111 municat,
2157 2049 2279 2116 quia
2313 2049 2572 2118 Spiritum
2618 2051 2725 2104 dici
2762 2051 2956 2111 Patris,
2994 2053 3076 2105 vel
3102 2052 3168 2102 ah
3196 2065 3258 2103 eo
3280 2050 3443 2110 mitti,

1869 2156 1974 2194 non
2004 2151 2087 2194 est
2113 2151 2352 2210 paterna:
2407 2157 2652 2209 persona:
2685 2143 3134 2204 constitutivum;
3168 2141 3246 2195 sic
3270 2157 3445 2209 neque

1870 2233 1957 2300 qui
1996 2235 2410 2302 productionem
2453 2250 2575 2286 cum
2651 2233 2807 2286 Patre
2862 2249 3206 2286 rommunem
3263 2234 3443 2297 habet,

1873 2328 1924 2378 in
1968 2342 2126 2378 uuam
2182 2342 2468 2393 petsonam
2534 2326 2908 2394 conjungitur,
2957 2326 3082 2388 quia
3149 2327 3446 2390 producere

1873 2431 1981 2470 non
2005 2427 2086 2470 est
2141 2428 2376 2484 paterna:
2405 2433 2651 2486 personae
2700 2419 3132 2471 eunstitutirmu.
3167 2417 3352 2482 Quanu
3376 2419 3444 2472 {2-

1874 2524 2007 2572 rem,
2074 2522 2355 2576 quousque
2408 2518 2684 2560 ostensum
2767 2523 2872 2559 non
2932 2507 3114 2568 fuerit,
3151 2507 3447 2576 lil‘OdllCt'l‘r‘.

1874 2615 1994 2655 esse
2026 2616 2270 2669 persona:
2297 2609 2534 2668 paterna:
2556 2599 2990 2661 constitutirum,
3022 2614 3197 2666 neque
3222 2597 3448 2666 conjun-

1875 2694 2110 2748 ctionem
2145 2709 2506 2764 personarum
2555 2693 2752 2762 poterit
2789 2693 3184 2746 demonstrare.
3214 2690 3365 2755 Quod
3399 2691 3444 2744 si

1876 2786 2075 2840 mirum
2109 2796 2192 2840 cst
2230 2786 2367 2840 duas
2393 2799 2652 2853 personas
2684 2800 2851 2837 unum
2878 2797 3000 2836 esse
3042 2782 3364 2850 principium
3393 2790 3445 2832 et

1875 2894 1982 2933 non
2012 2877 2292 2949 conjungi,
2334 2878 2504 2947 magis
2533 2876 2726 2929 mirum
2757 2877 2862 2930 erit
2883 2874 3025 2944 quod
3060 2884 3170 2928 tres
3202 2887 3448 2942 personae

1876 2972 1988 3025 sint
2019 2986 2187 3024 unum
2213 2970 2574 3038 principium,
2600 2983 2699 3022 nec
2727 2967 3150 3036 conjungantur.
3186 2966 3313 3018 Post
3332 2963 3450 3016 haec

1879 3063 1984 3115 duo
2012 3061 2282 3130 principia
2323 3060 2482 3114 nobis
2515 3059 2841 3120 attribuunt,
2874 3056 3104 3110 dicendo
3146 3054 3255 3108 duo
3305 3052 3453 3122 prin-

1879 3153 2018 3220 cipia
2055 3168 2162 3205 non
2200 3167 2360 3221 posse
2398 3165 2495 3206 eos
2551 3151 2741 3215 vitare,
2778 3149 2869 3218 qui
2906 3149 3116 3202 Patrem
3148 3153 3202 3198 et
3253 3144 3447 3198 Filium

1877 3243 2204 3313 principium
2239 3242 2474 3313 Spiritus
2531 3242 2702 3297 sancti
2764 3241 2992 3295 faciunt.
3068 3238 3171 3292 Sed
3217 3236 3448 3306 primum

1876 3335 2054 3390 Latini
2092 3336 2180 3405 qui
2211 3338 2279 3389 ab
2307 3335 2372 3390 iis
2405 3342 2758 3396 accusantur,
2817 3332 2925 3386 duo
2970 3329 3238 3399 principia
3269 3327 3453 3380 dicere

1870 3441 1985 3482 .non
2014 3425 2213 3478 audent
2245 3441 2262 3482 :
2289 3425 2376 3478 vel
2401 3425 2635 3493 primum
2665 3422 2748 3476 vel
2777 3423 3074 3475 secundum
3095 3416 3448 3488 principium,

1877 3519 1960 3574 vi-l
1997 3535 2164 3570 unum
2190 3532 2256 3570 ex
2282 3516 2494 3569 duobus
2522 3525 2778 3569 constans
2809 3511 3165 3580 principium,
3186 3510 3292 3562 imo
3319 3523 3451 3560 ana-

1880 3611 2100 3666 themati
2134 3611 2204 3662 ita
2257 3608 2557 3662 sentientes
2609 3605 2929 3675 subjiciunt.
2986 3604 3062 3654 Ac.
3115 3602 3160 3655 si
3208 3599 3328 3668 quis
3354 3613 3452 3653 eos

1881 3699 2326 3769 interrogaverit,
2362 3714 2428 3750 an
2466 3698 2658 3752 Filium
2697 3698 2858 3750 etiam
2889 3695 3094 3748 faciant
3124 3691 3450 3762 principium

1882 3790 2141 3860 Spiritus,
2177 3791 2364 3859 utique
2388 3791 2569 3842 dicent
2607 3806 2621 3842 :
2672 3787 2825 3852 Quod
2858 3787 2899 3840 si
2932 3786 3167 3848 Patrem,
3193 3783 3448 3837 maxime.

1889 3883 2042 3949 Quod
2068 3885 2110 3938 si
2137 3883 2259 3951 quis
2295 3884 2426 3936 hinc
2459 3883 2751 3943 induxerit,
2802 3893 2931 3944 ergo
2958 3877 3066 3930 duo
3118 3875 3296 3928 dicitis
3322 3870 3445 3940 Spi~

1881 3980 2014 4030 ritus
2046 3975 2334 4044 principia.
2416 3974 2763 4043 Nequaquam
2809 3971 2889 4024 illi
2942 3970 3141 4029 dicent,
3177 3966 3271 4020 sed
3297 3981 3357 4018 es
3395 3976 3447 4016 te

1880 4065 1933 4119 id
1964 4064 2266 4128 concludis,
2329 4078 2448 4115 nam
2514 4076 2614 4114 nos
2669 4061 2803 4113 hanc
2856 4057 3172 4119 dictionem,
3236 4055 3442 4110 «dum.

1881 4172 1990 4209 non
2025 4155 2368 4223 apponimus.
2405 4151 2611 4206 Deinde
2654 4166 2778 4205 cum
2814 4166 2910 4203 nos
2959 4164 3064 4202 una
3097 4164 3219 4202 cum
3250 4145 3450 4212 Grego-

1884 4248 1964 4301 rio
1992 4246 2268 4314 Theologo
2303 4245 2536 4297 dicimus
2568 4243 2895 4312 principium
2935 4241 3001 4294 de
3033 4238 3322 4308 principio,
3349 4237 3454 4289 duo

1883 4337 2147 4408 principia
2176 4333 2574 4406 intelligimus?
2618 4345 2673 4390 et
2709 4333 2876 4387 Deum
2915 4333 2980 4388 de
3002 4332 3128 4397 Deo,
3156 4330 3292 4384 duos
3315 4328 3454 4381 Deos

1886 4428 2284 4499 intelligimus?
2330 4443 2692 4497 nequaquam.
2762 4427 2823 4480 D.
2881 4435 3060 4477 autem
3090 4422 3447 4491 Augustinus,

203 4518 595 4585 προστίθεμεν.
633 4516 761 4571 Εἶτα
791 4520 885 4572 καὶ
921 4521 1079 4588 ἡμεῖς
1113 4522 1240 4573 ὅταν
1269 4525 1408 4588 μετὰ
1449 4525 1542 4577 τοῦ
1572 4526 1772 4595 Γρηγο-

1886 4519 2045 4574 Pater
2071 4526 2124 4572 et
2155 4515 2346 4584 Filius,
2369 4518 2520 4582 dicit,
2541 4532 2647 4571 non
2665 4517 2772 4570 duo
2791 4504 2918 4569 sunt
2939 4513 3200 4583 principia
3221 4511 3457 4578 Spiritus

206 4609 332 4677 ρίου
367 4607 458 4659 τοῦ
516 4608 777 4675 Θεολόγου
815 4609 1082 4678 λέγωμεν,
1118 4613 1149 4680 ἡ
1178 4614 1240 4663 ἐκ
1273 4617 1369 4681 τῆς
1411 4615 1584 4684 ἀρχῆς
1617 4616 1780 4685 ἀρχὴ,

203 4703 309 4755 δύο
341 4702 508 4770 ἀρχάς
557 4701 815 4770 νοοῦμενς
855 4704 948 4756 καὶ
993 4702 1125 4754 Θεὸν
1169 4706 1231 4756 ἐκ
1283 4705 1440 4770 Θεοῦ,
1495 4707 1587 4759 δύο
1630 4707 1785 4768 θεοὺς

208 4796 544 4858 νοήσωμεη
589 4793 871 4861 οῦμενουν.
916 4793 978 4848 Ὀ
1011 4794 1056 4848 δ’
1103 4795 1462 4861 Αὑγουστῖνος
1503 4800 1530 4850 6
1567 4798 1729 4863 θεῖος,
1759 4800 1788 4851 6

220 4886 437 4951 Πατὴρ,
475 4885 626 4951 φησὶ,
679 4887 772 4939 καὶ
799 4886 826 4936 6
870 4884 1016 4948 Υἱὸς,
1048 4887 1107 4939 οὐ
1140 4886 1232 4939 δύο
1285 4889 1453 4957 ἁρχαὶ
1495 4890 1589 4942 τοῦ
1628 4889 1786 4956 ἁγίου

209 4974 561 5042 Πνεῦματος.
585 4975 719 5028 ἀλλὰ
741 4975 838 5044 μία
859 4975 1002 5046 ἀρχὴ
1026 4977 1191 5031 αὑτοῦ
1216 4981 1307 5030 καὶ
1335 4979 1666 5051 ἀμφότερον
1695 4981 1788 5033 καὶ

206 5069 277 5122 οὑ
313 5067 446 5119 καθὸ
481 5068 592 5127 δύο,
623 5068 984 5137 προϐάλλουσι
1015 5069 1073 5120 τὸ
1099 5068 1323 5138 Πνεῦμα
1356 5073 1414 5122 τδ
1445 5071 1599 5138 ἆγιον
1622 5087 1634 5101 ·
1662 5072 1784 5124 οὐδὲ

208 5160 352 5214 καθὸ
378 5160 488 5222 δύο,
532 5160 636 5211 είσὶ
674 5159 770 5212 τοῦ
815 5160 972 5227 ἁγίου
1011 5162 1325 5226 Πνεύματος
1366 5163 1566 5231 ἀρχαί’
1601 5163 1789 5233 ὥσπερ

210 5254 313 5306 καὶ
341 5256 435 5320 τῆς
462 5253 711 5318 κτίσεως,
739 5253 799 5304 οὐ
824 5256 969 5323 τρεῖς
1000 5255 1180 5324 ἁρχαὶ,
1212 5256 1238 5306 6
1266 5255 1450 5324 Πατὴρ
1481 5255 1572 5308 καὶ
1605 5257 1632 5308 ὁ
1664 5256 1788 5317 Υἱὸς

209 5349 313 5398 καὶ
349 5345 406 5395 τὸ
434 5345 587 5411 ἅγιον
613 5345 857 5414 Πνεῦμα,
887 5345 1024 5399 ἀλλὰ
1056 5346 1154 5416 μία
1179 5347 1347 5412 αὐτῆς
1374 5348 1537 5416 ἁρχὴ,
1564 5350 1596 5416 ἡ
1621 5347 1790 5415 Τριὰς

205 5441 236 5489 6
274 5437 425 5495 (θεός.
462 5438 581 5489 Ἔτι
612 5453 669 5488 τε
706 5438 798 5488 καὶ
827 5437 912 5490 διὰ
938 5439 994 5489 τδ
1032 5439 1131 5508 μιᾷ
1163 5439 1254 5490 καὶ
1281 5443 1346 5508 τῇ
1389 5441 1523 5508 αὐτῇ
1571 5440 1789 5508 ἀριθμῷ

207 5530 447 5596 δυνάμει
477 5529 831 5598 δημιουργεῖν
854 5532 1071 5594 αὐτοὺς,
1100 5532 1162 5584 ἐκ
1196 5532 1290 5601 τῆς
1328 5534 1501 5597 αὐτῆς
1531 5535 1623 5584 καὶ
1661 5533 1788 5601 μιᾶς

211 5621 408 5687 κοινῆς
460 5620 711 5688 θεότητος
765 5623 1050 5691 προῖούοῃ,
1102 5623 1190 5675 διὰ
1223 5624 1380 5676 τοῦτο
1433 5627 1656 5686 εἰκότως
1710 5620 1789 5686 εἷς

207 5713 352 5773 Θεὸς
387 5714 477 5763 καὶ
503 5714 840 5781 Δημιουργὺς
868 5713 1085 5780 λέγεται
1110 5709 1313 5780 sigma;
1342 5715 1399 5767 οὐ
1426 5718 1593 5781 τρεῖς.
1622 5715 1789 5768 Τοῦτο

210 5803 316 5859 οῦν
347 5804 436 5858 καὶ
470 5807 561 5858 ἐπὶ
593 5807 686 5875 τῆς
715 5807 777 5858 ἐκ
810 5807 1019 5876 Πατρὶς
1054 5809 1144 5860 καὶ
1181 5808 1307 5859 fixi
1348 5807 1436 5860 τλῦ
1474 5807 1786 5878 Haeduum;

1890 4611 2208 4674 sancti,sed
2265 4610 2424 4663 ambo
2479 4625 2646 4662 unmn
2702 4609 3035 4678 principium
3092 4606 3244 4673 ejus:
3281 4616 3457 4670 neque

1890 4714 2160 4773 quatenus
2215 4704 2344 4766 duo,
2401 4701 2702 4770 producunt
2756 4699 3012 4768 Spirittnu
3044 4705 3316 4756 sanctum,
3357 4709 3458 4746 nec

1892 4804 2160 4864 quatenus
2193 4793 2304 4846 duo
2347 4791 2584 4860 Spiritus
2638 4789 2811 4843 sancti
2848 4787 3112 4856 principia
3164 4793 3339 4838 sunt:
3379 4783 3457 4835 si-

1891 4888 2002 4942 cuti
2035 4895 2303 4941 creaturae
2351 4900 2458 4938 non
2499 4884 2596 4937 tria
2654 4880 2921 4951 principia
2966 4878 3150 4941 Pater,
3185 4887 3238 4931 et
3266 4876 3454 4938 Filius,

1892 4991 1946 5035 et
1983 4979 2221 5047 Spiritus
2253 4986 2496 5042 sanctus,
2551 4975 2647 5029 sed
2698 4989 2865 5028 unum
2929 4971 3047 5041 ejus
3105 4968 3458 5039 principium,

1893 5071 2129 5126 Trinitas
2161 5071 2327 5124 Deus.
2361 5069 2625 5121 Praeterea
2656 5066 2781 5136 quia
2813 5080 2921 5118 una
2953 5075 3006 5118 et
3033 5063 3220 5117 eadem
3273 5076 3462 5114 nume-

1892 5180 1952 5217 ro
1978 5164 2176 5217 virtute
2208 5161 2308 5232 ipsi
2337 5169 2542 5225 creant,
2576 5175 2641 5213 ex
2676 5174 2781 5212 una
2805 5167 2859 5212 et
2882 5155 3071 5211 eadem
3094 5152 3461 5207 communiter

1891 5255 2092 5311 deitate
2123 5252 2433 5324 prodeunti,
2456 5251 2655 5305 idcirco
2676 5249 2800 5319 jure
2832 5262 2972 5301 unus
2996 5247 3140 5300 Deus
3186 5255 3242 5298 et
3269 5253 3459 5299 auctor

1893 5350 2088 5403 dicitur
2125 5360 2287 5408 unus,
2318 5360 2426 5397 non
2464 5354 2590 5395 tros.
2631 5340 2852 5408 Hocque
2909 5338 3042 5390 satis
3074 5336 3139 5390 ad
3174 5335 3456 5388 declaran-

1892 5436 2018 5490 dum
2047 5437 2112 5490 iis
2172 5436 2261 5503 qui
2313 5435 2564 5488 duhitant
2617 5432 2684 5488 de
2731 5429 3076 5500 processione
3133 5426 3366 5496 Spiritus
3395 5442 3459 5479 ex

1894 5528 2053 5583 Patre
2121 5541 2177 5582 et
2232 5529 2368 5582 Filio
2414 5542 2426 5578 :
2471 5541 2595 5577 nam
2623 5525 2752 5591 quia
2814 5537 2919 5577 una
2951 5530 3006 5575 ct
3039 5520 3226 5575 eadem
3261 5518 3466 5569 virtute

1895 5621 2055 5674 simul
2093 5620 2249 5673 Pater
2282 5632 2335 5673 et
2365 5618 2528 5671 Filius
2572 5616 2831 5684 Spiritum
2888 5612 3211 5683 producunt,
3249 5618 3302 5661 et
3336 5610 3464 5675 quia

1893 5730 1920 5765 a
1954 5712 2110 5765 Patre
2142 5710 2340 5779 accipit
2404 5709 2572 5762 Filius
2604 5709 2741 5761 hunc
2790 5707 3042 5758 virtutem
3099 5699 3460 5770 prucrssiouis

1895 5808 2253 5872 causativum,
2286 5804 2406 5859 ideo
2437 5803 2651 5874 pzuprie
2687 5808 2738 5855 ct
2767 5816 2887 5855 rere
2918 5811 3197 5850 unacausa
3218 5802 3271 5847 ct
3292 5805 3460 5848 unum
