4160 6424
180 398 313 464 1193

648 402 797 462 PRO
836 402 1047 463 CONC.
1089 403 1467 468 FLORENT.
1504 406 1667 467 CAP.
1712 407 1802 468 ΙῙ.
1842 409 1939 468 DE
1972 407 2222 469 AZYMO
2264 399 2369 466 ΕΤ
2400 402 2939 471 FERMENTATO.

3267 409 3408 474 1194

173 510 431 581 διαφοράν
461 514 692 582 ὲνζύμου
721 515 815 568 καὶ
844 517 1072 585 ἀζύμου,
1104 518 1150 568 εἱ
1193 516 1352 585 μόνον
1382 519 1443 569 ἐκ
1472 518 1617 571 σίτου
1650 519 1710 571 εῖτ

1842 533 2000 585 nem;
2033 519 2332 574 secundum
2364 522 2584 573 verbum
2626 520 2858 581 Domini,
2889 519 2979 587 qui
3029 532 3088 571 se
3132 516 3406 574 frumento

173 610 200 659 6
237 607 414 675 ἄρτος.
465 605 667 659 Τούτου
700 609 857 676 χάριν
892 607 985 659 καὶ
1038 608 1319 676 νομοθετεῖ
1364 607 1619 675 λέγουσα,
1658 611 1731 677 μὴ

170 698 277 749 δεῖν
307 698 490 765 ἕτερον
522 698 805 759 είς-θυσίαν
832 701 1178 769 προσφέρειν,
1218 699 1334 751 ἀλλ’
1376 700 1408 768 ἢ
1461 700 1624 768 ἄρτον
1671 702 1734 751 ἐκ

172 789 339 850 σίτου,
394 790 530 841 κατὰ
581 791 669 841 τὸν
717 788 810 842 τοῦ
845 791 1047 861 Κυρίου
1076 790 1254 857 λόγον,
1308 790 1733 861 παρεικάζοντος

165 882 356 933 ἑαυτὸν
400 883 566 948 σίτῳ·
606 902 621 932 ι
678 883 803 934 Ἐάν
852 883 926 951 μὴ
971 884 1000 933 6
1034 885 1228 944 κόκκος
1275 881 1369 934 τοῦ
1408 882 1576 948 σίτου,
1622 884 1732 950 γάρ

168 989 319 1039 φησι,
350 973 529 1025 πεσὼν
555 975 629 1035 εἰς
660 973 757 1042 τὴν
794 975 897 1043 γῆν
933 974 1197 1043 ἀποθάνῃ,
1247 973 1405 1034 αῦτδς
1442 973 1602 1040 μόνος
1634 973 1732 1040 μέ·-

166 1082 285 1115 νει·
322 1064 417 1117 ἐὰν
449 1065 505 1117 δὲ
544 1066 809 1135 ἀποθάνῃ,
844 1066 1056 1135 καρπὸν
1104 1067 1268 1119 πολὺν
1309 1065 1487 1131 φέρει.
1524 1084 1541 1117 ι
1578 1064 1733 1117 Οῦτω

162 1160 254 1209 καὶ
284 1159 310 1208 6
355 1158 585 1227 Χριστὸς
629 1158 910 1210 ἀποθανὼν
944 1160 1148 1220 πάντας
1179 1161 1241 1210 ἐκ
1270 1158 1362 1211 τοῦ
1409 1157 1535 1226 ᾆδον
1572 1157 1733 1226 ὲρρύ-

164 1266 315 1302 σατο.
356 1252 461 1302 Καὶ
488 1252 734 1317 γέννημα
764 1250 819 1302 δὲ
870 1250 928 1313 ἐξ
959 1250 1203 1317 ἀμπέλου
1252 1249 1341 1301 διά
1378 1253 1469 1301 τὸν
1515 1250 1608 1301 τοῦ
1639 1250 1733 1301 αὖ·

160 1340 255 1390 τοῦ
283 1342 441 1406 λόγον
463 1358 475 1370 ·
505 1358 524 1391 ι
568 1339 708 1407 Ἐγώ
734 1342 848 1408 εἰμι
938 1341 1181 1407 ἄμπελος
1205 1342 1236 1408 ὴ
1264 1342 1525 1410 ἀληθινή·
1562 1359 1580 1391 ι
1613 1342 1729 1402 καὶ,

166 1450 183 1481 ι
236 1433 464 1498 Ἀπάρτι
496 1430 554 1482 οῦ
590 1431 671 1499 μὴ’
700 1432 808 1482 πίω
836 1432 896 1482 ἐκ
928 1431 1114 1483 τούτου
1148 1432 1239 1484 τοῦ
1268 1434 1607 1499 γεννήματος
1633 1431 1732 1499 τῆς

158 1522 427 1589 ἀμπέλου,
464 1541 481 1572 ι
518 1522 616 1592 τὴν
641 1523 932 1574 ἀνάστασιν
957 1523 1123 1575 αὑτοῦ
1150 1523 1348 1591 δηλῶν.
1383 1524 1516 1577 Ἀπὸ
1538 1522 1727 1576 τούτου

158 1609 249 1665 οὖν
287 1613 561 1665 δείκνυται
615 1614 930 1684 διαρριδην,
984 1614 1058 1682 μὴ
1105 1615 1361 1667 δύνασθαι
1400 1615 1729 1682 προσφέρειν

160 1706 306 1773 ἡμᾶς
337 1708 470 1771 μήτε
506 1705 718 1774 κριθὴν,
749 1707 883 1773 μήτε
914 1707 1133 1775 ὀλύρας,
1165 1708 1197 1777 ἢ
1225 1707 1280 1772 ἐξ
1311 1706 1470 1758 ἄλλου
1498 1724 1590 1757 του
1622 1709 1728 1759 τῶν

156 1795 513 1862 σπερμάτων·
554 1795 741 1861 ὥσπερ
771 1794 879 1846 οὐδ’
910 1790 1050 1847 οἶνον
1090 1794 1387 1847 σκευαστὸν
1436 1794 1530 1845 ἀπ’
1562 1794 1722 1846 άλλου

1840 612 2069 666 similem
2118 612 2245 666 facit
2284 629 2299 666 :
2335 631 2352 662 ι
2388 612 2500 666 Nisi
2549 628 2776 682 granum
2814 611 3069 665 frumenti
3113 613 3315 666 cadens
3349 614 3402 665 in

1840 714 1980 757 terra
2012 714 2282 758 mortuum
2310 704 2495 767 fuerit,
2522 706 2699 772 ipsum
2748 704 2924 757 solum
2954 714 3133 757 manet
3162 723 3174 766 ;
3205 704 3246 756 si
3274 719 3404 757 vero

1841 806 2109 849 mortuum
2144 796 2325 857 fuerit,
2360 796 2584 849 inultum
2617 797 2851 849 fructum
2885 794 3043 848 aﬂ'ert
3081 795 3146 846 ".
3181 812 3198 844 ι
3234 794 3322 847 Sic
3351 802 3406 847 et

1836 887 2082 940 Christus
2124 888 2362 939 moriens
2414 901 2601 939 omnes
2654 888 2720 939 ab
2772 888 2984 939 inferno
3038 886 3307 938 liberavit.
3338 886 3405 937 Et

1838 978 1960 1031 vitis
2012 978 2220 1031 fructus
2269 976 2507 1044 ejusdem
2575 978 2757 1029 verbis
2810 980 3114 1029 Ostenditur
3166 992 3180 1028 :
3234 994 3251 1025 ι
3294 974 3403 1043 Ego

1836 1067 2331 1132 sum,iuquit,vitis
2347 1082 2473 1119 vera
2490 1066 2554 1130 ³⁸,
2574 1064 2683 1133 jam
2709 1081 2815 1118 non
2842 1066 3019 1118 bibam
3039 1082 3104 1118 ex
3130 1067 3404 1134 genimtne

1838 1157 1960 1209 vitis
1997 1158 2179 1227 hujus,
2213 1157 2672 1209 resurrectimtem
2728 1170 2883 1208 suam
2926 1156 3238 1224 significans
3273 1155 3337 1207 ⁸⁷.
3376 1173 3396 1205 ι

1836 1247 1906 1299 Ex
1934 1246 2036 1301 hoc
2065 1262 2195 1315 ergo
2237 1245 2441 1315 liquido
2471 1246 2794 1309 ostenditur,
2834 1260 2943 1296 non
2989 1259 3147 1313 posse
3193 1260 3293 1296 nos
3326 1245 3400 1298 uti

1833 1353 2007 1405 neque
2037 1338 2262 1400 hordeo,
2296 1352 2473 1404 neque
2498 1352 2686 1398 avena,
2715 1337 2797 1389 vel
2826 1337 2931 1388 alio
2956 1336 3184 1397 semine,
3213 1351 3402 1402 quem-

1831 1432 2120 1486 admodum
2186 1445 2364 1499 neque
2414 1432 2535 1482 vino
2590 1445 2651 1480 ex
2687 1430 2787 1481 alia
2822 1444 2878 1482 re
2908 1428 3163 1491 conflato,
3199 1428 3397 1491 sicera,

1832 1529 1913 1579 vel
1952 1524 2127 1586 melle,
2192 1523 2272 1575 vel
2308 1523 2466 1583 lacte.
2505 1520 2599 1574 scd
2626 1538 2688 1573 ex
2726 1522 2852 1583 vite,
2888 1520 3187 1572 secundum
3236 1521 3399 1572 verba

1832 1614 2071 1668 Domini.
2098 1613 2383 1681 lleliquutn
2410 1614 2573 1680 igitur
2590 1620 2673 1665 est
2696 1613 2846 1665 vobis
2864 1611 3151 1664 ostendere
3203 1612 3325 1677 quid
3347 1612 3396 1663 id

1833 1709 1997 1761 fuerit
2021 1710 2163 1777 quod
2196 1707 2459 1760 Dominus
2493 1707 2619 1759 iecit
2654 1721 2776 1758 eum
2812 1706 3031 1756 tradidit
3064 1707 3165 1757 hoc
3197 1716 3396 1771 myste-

1834 1800 2002 1860 rium,
2033 1813 2354 1867 azymumne
2410 1798 2491 1849 vel
2548 1795 2972 1848 fermentatum?
3034 1797 3289 1863 quoniam
3331 1811 3398 1847 ex

150 1892 318 1948 τινἰς,
358 1888 546 1956 σίκερα
576 1888 607 1958 ἢ
646 1889 765 1955 μέλι
798 1890 828 1957 ἢ
866 1888 1027 1954 γάλα,
1071 1885 1185 1938 ἀλλ’
1218 1885 1277 1949 ἐξ
1307 1884 1551 1952 ἀμπέλου
1585 1884 1710 1936 κατά

1834 1891 2045 1944 nemine
2086 1890 2369 1943 doctorum
2433 1888 2863 1954 deprehenditur
2891 1898 3075 1956 aperte
3121 1889 3394 1954 quodnam

152 1979 251 2048 τὴν
280 1978 549 2048 κυριακὴν
583 1981 784 2047 φωνήν.
818 1982 1017 2030 Λοιπὸν
1061 1976 1154 2031 οὖν
1188 1981 1335 2028 ἐστιν
1366 1979 1497 2045 ἡμῖν
1530 1974 1721 2040 δεῖξαι,

150 2073 203 2124 τί
239 2069 305 2139 ἦν
335 2074 469 2141 ὅπερ
500 2075 525 2125 6
555 2071 757 2141 Κύριος
791 2073 993 2141 ἔπραξε
1030 2073 1148 2124 τότε
1187 2075 1248 2123 τὸ
1283 2072 1582 2141 μυστήριον
1615 2087 1723 2121 πα-

152 2163 420 2230 ραδιδοὺς,
450 2163 655 2230 ἄζυμον
694 2164 724 2231 ἦ
755 2162 1002 2231 ἕνζυμον·
1037 2163 1221 2231 ἐπειδὴ
1266 2163 1324 2214 οὐ
1366 2162 1614 2231 φαίνεταί
1641 2178 1723 2223 τις

145 2257 259 2308 τῶν
294 2257 631 2309 διδασκάλων
667 2255 964 2326 διαρρήδην
993 2255 1166 2323 λέγων
1200 2258 1252 2307 τί
1281 2251 1370 2325 ἦν,
1401 2256 1475 2317 ὡς
1507 2255 1723 2307 ἀπεδεί-

145 2349 343 2416 ξαμεν.
382 2349 571 2416 Ὑμεῖς
605 2349 703 2417 μὲν
731 2350 839 2419 γάρ
871 2351 1055 2415 λέγετε
1098 2351 1177 2401 ὅτι
1213 2349 1441 2415 ἔνζυμον
1474 2345 1561 2418 ἦν,
1594 2348 1721 2418 παρ’

144 2441 361 2502 οὐδενὸς
402 2442 511 2493 τῶν
555 2442 722 2508 ἁγίων
753 2440 909 2493 τοῦτο
956 2442 1229 2504 λαϐόντες.
1272 2444 1462 2511 Ἡμεῖς
1501 2444 1543 2494 δ’
1582 2444 1717 2504 άζυο

149 2550 253 2600 μον
304 2534 571 2599 λέγοντες,
602 2534 751 2603 παρά
785 2535 891 2586 τῶν
944 2534 1279 2587 διδασκάλων
1316 2539 1412 2598 τάς
1448 2536 1719 2604 ἀφορμὰς

146 2626 407 2687 λαϐόντες
452 2626 703 2695 λέγομεν.
738 2628 859 2678 Ὅτι
889 2627 944 2678 δὲ
975 2627 1118 2679 τοῦθ’
1159 2628 1330 2689 οὕτως
1359 2629 1491 2696 ἔχει,
1522 2628 1679 2696 δῆλον
1700 2644 1715 2659 ·

145 2721 208 2771 ἐν
241 2720 472 2788 πρώτοις
505 2725 612 2787 γὰρ
640 2721 667 2771 6
707 2720 1099 2790 εὐαγγελιστὴς
1148 2722 1292 2787 λέγει
1326 2722 1623 2781 Ματθαῖος,
1660 2723 1717 2773 ὲν

144 2814 430 2881 κετραλαίῳ
458 2813 691 2882 εἰκοστῷ
714 2813 855 2883 ἕκτῳ
883 2830 895 2843 ·
935 2832 953 2865 ι
991 2815 1068 2883 Τῇ
1108 2814 1161 2865 δὲ
1196 2813 1389 2885 πρώτῃ
1415 2814 1524 2864 τῶν
1563 2813 1717 2875 ’Λςύο

147 2923 268 2973 μων
330 2904 629 2973 προσῆλθον
692 2906 742 2956 οἱ
792 2905 1031 2975 μαθηταὶ
1088 2905 1163 2973 τῷ
1219 2905 1416 2973 Ἰησοῦ,
1469 2905 1713 2970 λέγοντες

143 2996 295 3064 αὐτῷ
320 3013 334 3027 ·
362 2996 469 3047 Ποῦ
492 2996 663 3058 θέλεις
689 2997 1065 3065 ἑτοιμάσωμέν
1091 3015 1171 3049 σοι
1192 3000 1381 3064 φαγεῖν
1399 2998 1459 3049 τδ
1487 2998 1673 3065 Πάσχα
1696 3013 1709 3061 ;

154 3092 217 3142 ⁸0
248 3090 304 3142 δὲ
331 3089 481 3141 εἶπεν
503 3105 515 3117 ·
552 3089 823 3156 Ὑπάγετε
857 3092 934 3152 είς
958 3090 1053 3159 τὴν
1084 3091 1237 3142 πόλιν
1261 3092 1395 3159 πρὸς
1426 3092 1517 3142 τὸν
1544 3091 1709 3153 δεῖνα,

1832 1982 1884 2035 id
1914 1980 2095 2043 fuerit,
2132 1990 2368 2033 utantea
2402 1979 2775 2049 patefecimus.
2815 1977 2920 2033 Vos
2961 1980 3177 2047 quidem
3216 1979 3397 2031 dicitis

1830 2074 2212 2127 fermentatum
2246 2074 2295 2126 id
2341 2073 2527 2133 fuisse,
2566 2088 2687 2126 cum
2745 2090 2775 2125 a
2826 2073 3042 2125 nemine
3083 2082 3394 2125 sanctorum

1829 2166 1878 2219 id
1908 2167 2218 2234 accipiatis;
2256 2180 2355 2218 nos
2392 2179 2521 2218 vero
2548 2181 2793 2234 azymum
2828 2164 3089 2227 dicentes,
3110 2180 3138 2216 a
3160 2164 3393 2218 doctori-

1826 2258 1925 2311 bns
1985 2258 2036 2311 id
2089 2268 2366 2311 sumentes
2397 2258 2659 2310 dicemus.
2712 2255 2865 2320 Quod
2924 2257 2995 2308 ita
3035 2271 3093 2309 se
3143 2255 3338 2309 habeat
3375 2294 3392 2317 .

1824 2361 2004 2419 patet:
2038 2352 2090 2403 in
2122 2351 2310 2418 primis
2341 2361 2662 2417 evangelista
2697 2350 2977 2403 Mattheus
3005 2350 3135 2402 dicit
3165 2364 3282 2416 cap.
3320 2348 3388 2403 6:

1829 2462 1846 2494 ι
1882 2445 2063 2495 Prima
2098 2452 2277 2496 autem
2309 2443 2395 2495 die
2424 2444 2747 2512 Azymorum
2767 2452 3110 2495 accesserunt
3138 2439 3390 2510 discipuli

1822 2536 1952 2590 Jesn
2011 2536 2275 2599 dicentes,
2309 2535 2408 2589 Ubi
2446 2536 2524 2589 vis
2557 2549 2808 2603 paremus
2842 2535 2936 2587 tibi
2970 2534 3257 2589 comedere
3290 2533 3389 2586 Pa-

1822 2628 1950 2679 scha
1978 2626 2000 2679 i
2032 2630 2098 2680 At
2124 2627 2278 2679 .lcsus
2306 2628 2440 2680 dixit
2467 2645 2475 2679 ;
2501 2627 2577 2680 Ite
2607 2627 2659 2679 iu
2686 2629 2956 2679 civitatem
2988 2626 3053 2679 ad
3079 2627 3385 2694 quemdam,

1821 2732 1875 2773 et
1903 2720 2063 2773 dicite
2091 2721 2160 2784 ei,
2193 2720 2439 2787 Magister
2458 2718 2606 2782 dicit,
2637 2728 2845 2785 tempus
2887 2735 3061 2771 meum
3092 2733 3256 2787 prope
3284 2729 3386 2779 est,

1821 2812 1962 2880 apud
2002 2821 2051 2864 te
2084 2811 2224 2863 facio
2257 2810 2463 2864 Pascha
2500 2826 2621 2863 cum
2654 2811 2933 2879 discipulis
2964 2810 3119 2863 meis.
3158 2810 3216 2862 Et
3249 2810 3390 2862 iece-

1820 2913 1946 2957 runt
1994 2904 2250 2971 discipuli
2297 2904 2437 2956 sicut
2474 2904 2757 2956 constituit
2805 2903 2913 2955 illis
2940 2902 3118 2966 Jesus,
3153 2912 3207 2955 et
3238 2919 3389 2970 para-

1817 3007 2015 3047 verunt
2042 2993 2248 3046 Pascha
2276 2994 2339 3047 ³⁸.
2383 3012 2400 3044 ι
2444 2993 2602 3047 Divus
2640 3009 2766 3047 vero
2806 2994 3131 3062 evangelista
3178 2993 3389 3048 Marcus

1816 3088 1949 3141 dicit
1983 3107 1995 3141 :
2033 3106 2050 3138 ι
2092 3087 2269 3140 Prima
2301 3086 2389 3140 die
2415 3088 2763 3154 Azymorum,
2796 3086 3011 3154 quando
3035 3084 3239 3138 Pascha
3290 3087 3387 3138 im-

140 3182 241 3235 καὶ
277 3182 463 3233 εἴπατε
516 3180 684 3249 αὐτῷ,
730 3181 788 3233 Ὀ
836 3181 1155 3245 διδάσκαλος
1208 3183 1373 3249 λέγει,
1413 3183 1472 3235 Ὀ
1522 3184 1710 3254 καιρός

1819 3180 2116 3246 molabant,
2148 3180 2333 3234 dicunt
2367 3180 2413 3233 ei
2439 3179 2689 3246 discipuli
2726 3180 2860 3248 ejus,
2887 3178 3003 3243 Quo
3042 3178 3121 3230 vis
3149 3193 3337 3231 eamus
3366 3219 3378 3241 .

143 3290 249 3341 μου
282 3273 443 3336 ἐγγύς
489 3275 603 3323 ἐστι
628 3288 641 3302 ·
678 3272 813 3341 πρὸς
848 3273 1070 3340 σὲςιτοιῶ
1100 3274 1160 3325 τὸ
1208 3274 1394 3342 Πάσχα
1431 3280 1571 3343 μετά
1604 3276 1711 3326 τῶν

141 3365 405 3433 μαθητῶν
446 3382 566 3434 μου.
598 3364 704 3417 Καὶ
742 3365 1001 3431 ἐποίησαν
1030 3365 1079 3416 οἱ
1125 3366 1363 3435 μαθηταὶ
1392 3368 1466 3427 ὠς
1514 3367 1711 3434 προσέ-

133 3459 299 3522 ταξεν
332 3459 514 3519 αὐτοῖς
560 3460 586 3510 6
626 3457 852 3524 Ἰησοῦς,
883 3458 972 3508 καὶ
1018 3458 1320 3524 ἡτοίμασαν
1344 3460 1403 3509 τὶ
1433 3458 1642 3525 Πάσχα.
1686 3477 1702 3508 ν

145 3550 210 3602 '0
238 3550 293 3601 δὲ
326 3549 464 3610 θεῖος
506 3548 893 3615 εὐαγγελιστὴς
957 3550 1179 3613 Μάρκος
1225 3549 1409 3615 λέγει·
1453 3568 1470 3598 ι
1507 3552 1614 3601 Καὶ
1643 3551 1706 3618 τῇ

130 3639 333 3710 πρώτῃ
379 3642 558 3708 ἡμέρα
604 3639 711 3690 τῶν
749 3640 1019 3707 Ἀζύμων,
1068 3641 1157 3691 ὅτε
1201 3640 1261 3691 τὸ
1305 3640 1494 3708 Πάσχα
1529 3640 1705 3703 ἔθυον,

128 3729 385 3794 λέγουσιν
416 3728 561 3794 αὐτῷ
592 3728 640 3779 οἱ
690 3728 928 3796 μαθηταὶ
958 3727 1121 3780 αὑτοῦ
1152 3742 1166 3753 ‘
1189 3729 1381 3796 Κύριε,
1402 3729 1502 3779 ποῦ
1536 3729 1706 3790 Θέλεις

129 3818 522 3887 ἑτοιμάσωμεν
554 3818 901 3879 ἀπελθόντες,
932 3818 1018 3871 ἵνα
1048 3819 1227 3888 φάγῃς
1250 3819 1310 3871 τὸ
1338 3820 1526 3888 Πάσχα
1552 3836 1565 3883 ;
1597 3822 1705 3872 Kal.

128 3906 456 3960 ἀποστέλλει
488 3906 581 3957 δύο
611 3906 718 3958 τῶν
771 3906 1029 3975 μαθητῶν
1070 3908 1253 3973 αὑτοῦ,
1297 3911 1390 3961 καὶ
1436 3909 1582 3976 λέγει
1608 3910 1701 3961 a6-

123 4001 282 4059 τοῖς·
329 3996 598 4063 Ὑπάγετε
648 3998 727 4058 είς
768 3997 863 4066 τὴν
888 4000 1063 4062 πόλιν,
1106 4002 1199 4052 καὶ
1240 4000 1541 4069 ἀπαντήσει
1573 4003 1702 4071 ἡμῖν

123 4089 419 4157 ἄνθρωπος
442 4093 709 4156 κεράμιον
737 4088 925 4152 ὓδατος
954 4090 1266 4157 βαστάζων·
1300 4094 1701 4162 ἀκολουθήσατε

122 4180 306 4247 αὐτῷ,
336 4181 428 4233 καὶ
454 4182 588 4233 ὅπου
624 4180 691 4233 ἂν
729 4182 966 4253 εἰσέλθῃ,
998 4185 1190 4236 εἴπατε
1216 4185 1289 4253 τῷ
1310 4187 1664 4257 οἰκοδεσπότῃ
1684 4202 1697 4217 ⁸

135 4271 205 4321 ⁸0
239 4269 555 4332 διδάσκαλος
606 4272 788 4339 λέγει·
822 4274 930 4325 Ποῦ
978 4277 1091 4327 ἐστι
1123 4277 1182 4328 τὸ
1235 4278 1523 4346 κατάλυμα
1567 4280 1699 4330 ὃπου

1822 3280 1877 3323 et
1933 3285 2187 3340 paremus
2245 3270 2339 3323 tibi
2393 3279 2451 3321 ttt
2489 3270 2782 3322 manduccs
2843 3269 3091 3322 Pascha?
3128 3269 3188 3319 Et
3223 3268 3387 3321 mittit

1822 3364 1960 3416 duos
2007 3378 2071 3417 ex
2103 3362 2381 3431 discipulis
2410 3361 2548 3430 ejus,
2584 3370 2638 3415 et
2666 3363 2796 3417 dicit
2825 3363 2903 3415 eis
2946 3380 2957 3413 :
2994 3361 3065 3414 lte
3106 3362 3159 3413 in
3193 3359 3386 3413 civita-

1822 3468 1948 3520 tcm,
1980 3464 2035 3510 et
2091 3464 2340 3510 occurret
2375 3454 2523 3507 vobis
2557 3455 2719 3508 homo
2772 3454 3013 3521 lagonam
3052 3466 3205 3520 aquze
3235 3451 3385 3518 baju-

1818 3549 1934 3602 laus
1963 3566 1977 3613 ;
2021 3547 2309 3616 sequimini
2341 3561 2484 3610 eum,
2518 3556 2573 3599 et
2603 3561 2927 3615 quocunque
2963 3544 3251 3609 introierit,
3297 3544 3384 3596 di-

1820 3642 1925 3693 cite
1973 3640 2196 3693 domino
2230 3642 2425 3693 domus
2451 3678 2465 3703 ,
2503 3638 2638 3703 Quia
2678 3637 2929 3704 Magister
2973 3636 3125 3700 dicit,
3178 3636 3266 3688 ubi
3300 3646 3385 3688 est

1818 3729 2043 3783 refectio
2079 3744 2221 3794 mea,
2253 3728 2343 3781 ubi
2380 3727 2585 3781 Pascha
2611 3743 2733 3781 cum
2756 3726 3035 3796 discipulis
3065 3728 3199 3779 meis
3223 3741 3381 3778 man-

1816 3823 2055 3878 ducem?
2101 3832 2159 3876 et
2213 3823 2327 3890 ipse
2382 3821 2536 3875 vobis
2584 3820 2978 3874 demonstrabit
3044 3822 3382 3875 cmnaculum

1820 3916 2023 3985 grande
2056 3923 2305 3975 stratum,
2341 3922 2396 3966 et
2429 3914 2535 3966 illic
2561 3927 2746 3983 parate
2784 3914 2937 3967 nobis
2964 3917 3253 3968 comedere
3282 3916 3381 3967 Pa-

1812 4010 1968 4063 scha.
2034 4007 2101 4061 Et
2158 4006 2413 4060 abierunt
2465 4006 2715 4075 discipuli
2749 4007 2869 4074 ejus
2903 4044 2918 4069 ,
2965 4016 3020 4058 et
3055 4016 3380 4075 paraverunt

1810 4099 2018 4154 Pascha
2041 4099 2105 4152 ³⁹.
2148 4117 2167 4149 ι
2208 4097 2380 4151 Lucas
2420 4112 2549 4150 vero
2588 4099 2917 4165 evangelista
2957 4098 3376 4153 facundissimus

1812 4192 1892 4245 sic
1920 4192 1996 4244 ait
2030 4208 2044 4243 :
2084 4210 2103 4241 ι
2144 4190 2627 4260 Appropinquabat
2683 4199 2861 4243 autem
2889 4190 3374 4259 diesAzymOrum,

1810 4298 1931 4351 qua:
1995 4282 2197 4335 dicitur
2257 4281 2487 4336 Pascha.
2539 4301 2557 4333 ›
2611 4282 2677 4335 Et
2729 4293 2849 4350 post
2910 4298 3124 4350 pauca:
3166 4303 3184 4333 ι
3220 4285 3379 4338 Venit

118 4362 193 4414 τὸ
226 4364 415 4430 Πάσχα
441 4365 578 4430 μετά
601 4365 708 4415 τῶν
735 4365 997 4435 μαθητῶν
1035 4384 1138 4436 μου
1173 4369 1365 4436 φάγω;
1402 4371 1510 4421 Καὶ
1535 4370 1700 4433 αὐτὸς

1819 4383 1990 4427 autem
2025 4374 2142 4427 dies
2170 4373 2521 4442 Azymorum,
2551 4373 2605 4424 in
2636 4389 2743 4440 quo
2774 4375 3059 4441 opontebat
3109 4373 3374 4428 immolari

118 4454 264 4517 ὑμῖν
292 4452 453 4515 δείξει
486 4453 724 4520 ἀνώγεον
766 4457 905 4524 μέγα
932 4458 1274 4527 ἐστρωμένον
1300 4476 1313 4488 ο
1340 4462 1457 4511 ἐκεῖ
1481 4462 1697 4529 ἑτοιμά-

1807 4464 2033 4528 Pascha,
2068 4463 2320 4532 misitque
2360 4462 2575 4516 Petrum
2611 4474 2663 4517 et
2686 4465 2948 4517 Joannem
2980 4466 3167 4519 dicens
3189 4507 3201 4531 ,
3235 4467 3373 4519 Eun-

117 4562 267 4598 σατε
291 4548 423 4616 ἡμῖν
459 4548 521 4599 τὸ
547 4548 738 4617 Πάσχα
765 4553 980 4617 φαγεῖν.
1015 4554 1075 4605 Οἱ
1111 4555 1165 4606 δὲ
1197 4556 1520 4619 ἀπελθόντες
1547 4559 1696 4625 ἡτοί-

1826 4570 1884 4609 es
1921 4564 2106 4625 parate
2154 4555 2310 4610 nobis
2365 4554 2567 4608 Pascha
2592 4596 2605 4620 ,
2662 4566 2719 4607 ut
2751 4557 3134 4622 comedamus;
3167 4568 3221 4611 et
3250 4574 3373 4612 cum

111 4655 310 4709 μασαν
334 4638 395 4690 τὸ
412 4639 621 4707 Πάσχα.
648 4658 666 4691 ι
693 4642 906 4703 Λουκᾶς
932 4643 987 4694 δὲ
1021 4647 1048 4696 ό
1073 4646 1454 4717 εὐαγγελιστὴς
1478 4653 1503 4700 6
1536 4650 1695 4718 ῥητο-

113 4729 431 4797 ρικώτατος
479 4729 621 4782 οῦτω
652 4732 894 4799 φάσκει·
969 4752 988 4784 ι
1058 4737 1287 4803 ’Ἡγγιζε
1331 4740 1385 4790 δὲ
1439 4742 1470 4808 ἡ
1534 4741 1695 4809 ἑορτὴ

102 4820 232 4872 τῶν
272 4822 541 4890 Ἀζύμων,
570 4824 602 4889 ἡ
629 4824 899 4891 λεγομένη
935 4826 1144 4895 Πάσχα.
1173 4845 1191 4877 ›
1220 4831 1326 4881 Καὶ
1356 4833 1472 4898 μετ’
1505 4832 1689 4896 ὀλίγα·

112 4932 136 4964 ε
178 4905 351 4963 ¹Ἦλθε
378 4911 435 4964 δὲ
467 4913 499 4981 ἡ
526 4915 707 4981 ἡμέρα
732 4915 839 4965 τών
881 4916 1150 4986 Ἀζύμων,
1180 4922 1238 4971 ἐν
1333 4922 1439 4972 ἔδει
1472 4922 1693 4976 θύεσθαι

102 5005 182 5056 τὸ
240 5002 471 5072 Πάσχα·
532 5009 625 5056 καὶ
681 5007 964 5060 ἀπέστειλε
1028 5010 1231 5078 Πέτρον
1280 5015 1374 5063 καὶ
1437 5016 1693 5084 Ἰωάννην

102 5093 299 5149 εἰπών
321 5110 334 5124 ·
366 5096 729 5163 Πορευθέντες
760 5101 1084 5168 ἑτοιμάσατε
1122 5106 1253 5173 ἡμῖν
1287 5106 1345 5157 τὸ
1378 5108 1566 5176 Πάσχα
1608 5109 1692 5159 ἵνα

101 5190 409 5255 φάγωμεν,
452 5190 545 5240 καὶ
596 5190 924 5254 ἀπελθόντες
966 5196 1269 5264 ἡτοίμασαν
1315 5200 1373 5250 τὸ
1410 5200 1620 5269 Πάσχα.
1665 5222 1682 5253 ι

101 5280 266 5345 Ὀρα
298 5276 388 5331 οὖν
444 5279 704 5348 ἀκριϐῶς,
742 5284 857 5345 πῶς
905 5287 1318 5355 προσέρχονται,
1358 5293 1447 5343 καὶ
1497 5293 1545 5343 τί
1599 5294 1687 5344 al-

90 5367 295 5422 τοῦσι.
329 5368 438 5421 Ποῦ
488 5369 679 5436 θέλεις,
710 5377 895 5440 φασὶν,
938 5379 1317 5450 ἑτοιμάσωμέν
1358 5399 1437 5433 σοι
1492 5388 1686 5452 φαγεῖν

88 5461 169 5511 τὸ
196 5460 420 5528 Πάσχας
444 5460 520 5530 Τῇ
551 5463 755 5535 ἑσπέρᾳ
779 5466 886 5533 γὰρ
908 5470 1085 5540 ἐκείνῃ
1114 5472 1220 5523 ἔδει
1251 5476 1442 5540 φαγεῖν
1473 5477 1688 5541 αὑτοὺ;,

89 5548 187 5607 ὣς
216 5564 382 5613 φασιν
409 5552 457 5601 οι
490 5552 869 5619 εὐαγγελισταί
896 5573 908 5585 ·
942 5558 967 5608 6
1006 5561 1124 5628 μὲν,
1162 5566 1226 5631 τῇ
1260 5563 1313 5615 δὲ
1358 5567 1547 5635 πρώτῃ
1577 5567 1686 5621 τῶν

106 5639 382 5706 Ἀςύμων
408 5654 423 5669 ³
455 5642 483 5692 6
512 5643 591 5707 δὲ,
618 5648 714 5698 καὶ⁸
738 5651 803 5717 τῇ
832 5651 1022 5721 πρώτῃ
1052 5654 1232 5723 ἡμέρα
1262 5657 1366 5707 τῶν
1412 5657 1679 5729 ’Λζύμων,

180 5751 227 5783 ⁸⁵
267 5751 425 5835 {oar}.
447 5770 549 5835 _x_n,
581 5757 672 5813 24.
750 5762 793 5793 ³⁸
818 5762 975 5821 Joan.
1003 5784 1090 5835 xv,
1121 5774 1172 5826 1.

91 5838 244 5889 ιλιι,
276 5824 328 5887 1,
375 5824 529 5878 7-15.

357 5926 619 5982 Ρηιιοι..
662 5923 776 5984 Gn.
808 5923 1005 5986 CLIX.

1275 5776 1317 5806 ³⁷
1352 5775 1542 5835 Matth.
1578 5800 1721 5852 xm,
1755 5786 1843 5843 29.

1822 4648 2229 4713 discessissent,
2261 4657 2593 4717 paraverunt
2623 4647 2828 4702 Pascha
2888 4650 2955 4702 “.
3017 4670 3035 4701 ι
3078 4652 3374 4707 Cousmera

1804 4756 1933 4809 ergo
1977 4739 2169 4793 scdulo
2220 4756 2326 4809 quo
2368 4750 2524 4809 pacto
2565 4742 2855 4805 accedunt,
2886 4750 2940 4795 et
2976 4743 3107 4811 quid
3150 4754 3371 4813 petunt,

1808 4850 1827 4881 ι
1866 4830 1965 4885 Ubi
1996 4831 2096 4892 vis,
2120 4831 2294 4894 aiunt,
2325 4847 2580 4901 paremus
2612 4834 2707 4887 tibi
2756 4837 3040 4889 comedere
3071 4834 3316 4891 Pascha?
3346 4858 3368 4891 ο

1803 4923 1933 4975 Nam
1974 4937 2196 4989 vespere
2237 4922 2325 4976 illo
2352 4924 2634 4991 oportebat
2657 4940 2751 4979 eos
2767 4928 3048 4982 comedere
3072 4970 3086 4993 ,
3122 4940 3177 4983 ut
3208 4946 3372 4985 evan-

1800 5014 2001 5082 gelistze
2024 5013 2234 5078 dicunt,
2271 5013 2359 5066 hic
2384 5032 2401 5063 ι
2442 5018 2613 5082 prima
2647 5015 2733 5069 die
2761 5018 3113 5087 Azymorum,
3155 5041 3171 5071 ι
3210 5023 3365 5088 alter,

1804 5123 1821 5155 ι
1850 5104 2019 5172 prima
2035 5104 2121 5158 die
2139 5105 2482 5174 Azymorum,
2504 5108 2724 5176 quando
2744 5109 3090 5164 immolabant
3108 5114 3332 5168 Pascha.
3349 5134 3365 5164 ι

1797 5197 2110 5263 Qualisnam
2155 5206 2237 5249 est
2271 5200 2382 5251 haec
2438 5198 2611 5265 prima
2662 5200 2780 5252 dies
2816 5203 3160 5269 Azymorum,
3204 5222 3365 5273 quam

1798 5299 1903 5341 tres
1932 5289 2278 5357 evangelistzr
2302 5292 2643 5345 concorditer
2672 5292 3011 5360 praedicant?
3032 5294 3180 5350 Hanc
3211 5298 3369 5351 nobis

1797 5395 1961 5433 aurea
2025 5381 2203 5449 lingua
2246 5382 2518 5446 declarat;
2572 5383 2701 5436 dicit
2742 5387 2887 5439 enim
2946 5388 3165 5443 homilia
3214 5390 3273 5444 81
3313 5394 3365 5445 in

1799 5470 2125 5534 Matthmum,
2164 5475 2389 5541 primum
2419 5474 2741 5542 Azymorum
2780 5491 2899 5531 esse
2929 5494 3045 5532 eam
3079 5497 3197 5549 quae
3227 5500 3364 5550 pra--

1798 5560 1943 5613 cedit
1982 5562 2221 5630 Azyma;
2296 5578 2418 5615 nam
2454 5578 2482 5615 a
2520 5579 2748 5633 vespera
2794 5581 3006 5635 semper
3075 5584 3362 5626 numerare

1792 5649 1959 5703 Judaei
1989 5662 2391 5705 consueverunt
2423 5670 2435 5704 :
2465 5661 2519 5707 et
2569 5653 2731 5723 hujus
2759 5656 3087 5709 mentionem
3122 5658 3270 5721 facit,
3304 5661 3359 5713 in

1958 5788 1999 5819 ³⁸
2038 5787 2174 5844 ibid.
2203 5788 2386 5844 17-19.
2468 5790 2509 5821 ³⁹
2542 5790 2707 5847 Marc.
2735 5808 2848 5859 XIV,
2878 5792 3067 5847 12-16.
3146 5792 3191 5824 “
3221 5792 3354 5855 Luc.

2919 5954 2995 6018 38
