4160 6424
181 390 306 456 119⁷1

658 397 806 456 PRO
837 398 1048 462 CONC.
1088 401 1464 464 FLORENT.
1506 401 1668 462 CAP.
1712 403 1790 461 ll.
1837 401 1934 462 DE
1983 402 2234 462 ΛΖΫΜΟ
2273 394 2370 457 ΕΤ
2411 399 2942 464 FERMENTATO.

3271 405 3405 467 1198

167 506 483 574 διαφάγεσθε
517 509 641 560 αὐτὸ
668 527 680 540 ·
714 512 767 563 αἱ
816 512 1016 580 ὀσφύες
1052 515 1206 583 ὑμῶν
1254 516 1691 585 περιεζωσμέναι
1721 532 1725 544 ·

1847 514 2167 570 festinantes
2197 533 2210 570 :
2241 522 2326 569 est
2353 515 2495 568 enim
2518 515 2726 570 Pascha
2750 514 3020 569 Domini.»
3041 513 3084 544 “
3105 512 3254 568 Nosti
3275 531 3402 584 ergo

167 603 254 652 καὶ
282 601 346 652 τά
389 601 712 670 ὑποδήματα
769 604 922 673 ὑμῶν
968 607 1026 656 ἐν
1075 608 1186 668 τοῖς
1224 609 1380 657 ποσὶν
1417 605 1603 672 ὑμῶν·
1636 605 1731 656 καὶ

165 692 217 744 αί
247 693 530 761 βακτηρίαι
564 693 717 760 ὑμῶν
746 697 802 747 ἐν
833 699 953 758 ταῖς
978 699 1168 766 χερσὶν
1197 697 1351 765 ὑμῶν
1379 711 1393 726 ⁸
1425 697 1520 750 καὶ
1549 697 1732 748 ἕδεσθε

82 773 84 775 ’
166 786 294 838 αὑτά
353 786 489 854 μετά
539 787 803 854 σπουδῆς.
849 789 1038 858 Πάσχα
1089 790 1206 841 ἐστί
1246 789 1477 858 Κυρίου.
1519 807 1536 839 ι
1574 785 1734 852 Οἶδας

163 876 266 944 ἄρα
293 875 342 929 τί
367 877 427 928 τὸ
454 877 642 945 Πάσχα
670 879 823 930 ἐστί·
856 879 1042 934 λαϐεῖν
1069 881 1240 948 ἀμνὸν
1272 881 1525 951 ἄμωμον,
1557 883 1732 935 ἐνιαύ-

164 986 294 1032 σιον,
329 967 436 1020 ἀπὸ
467 968 572 1036 τῆς
604 968 836 1038 δεκάτης
862 969 956 1023 τοῦ
989 972 1175 1042 μηνὸς,
1209 973 1303 1024 καὶ
1334 973 1612 1041 διατηρεῖν
1641 975 1734 1024 καὶ

161 1060 445 1128 φυλάττειν
501 1059 664 1112 αὑτὸν
717 1061 880 1130 μέχρι
919 1063 1010 1114 καὶ
1061 1063 1158 1130 τῆς
1209 1063 1735 1133 τεσσαρεσκαιδεκά-

156 1170 288 1223 της’
322 1154 415 1205 καὶ
463 1155 528 1223 τῇ
581 1155 1156 1224 τεσσαρεσκαιδεκάτῃ
1209 1155 1300 1208 τοῦ
1373 1157 1538 1226 μηνὸς
1597 1157 1735 1226 πρὸς

157 1245 411 1314 ἑσπέραν,
469 1245 630 1298 θῦσαι
671 1247 842 1299 αὐτό·
886 1248 982 1300 καὶ
1027 1247 1094 1299 τά
1148 1248 1350 1302 λοιπά·
1399 1249 1491 1301 καὶ
1538 1252 1735 1316 φαγεῖν

156 1338 292 1391 ὀπτά
325 1339 492 1408 πυρί·
521 1338 614 1392 καὶ
663 1339 850 1407 ἄζυμα
889 1340 982 1392 ἐπὶ
1014 1341 1281 1411 πικρίδων
1329 1341 1510 1393 ἕδεσθε
1552 1342 1691 1394 αὑτά
1715 1355 1732 1373 ⁸

153 1431 446 1485 καὶταῦτα
484 1432 621 1500 μετά
672 1433 938 1502 σπουδῆς·
973 1434 1055 1486 ὅτι
1087 1435 1280 1502 Πάσχα
1332 1435 1449 1488 ἐστὶ
1500 1435 1731 1500 Κυρίου.

154 1523 320 1576 Τοῦτό
353 1526 500 1578 ἐστιν
526 1528 705 1578 ἐκεῖνο
744 1527 803 1578 τὸ
832 1527 1054 1596 νομικὸν
1085 1526 1277 1596 Πάσχα
1300 1543 1312 1556 ·
1343 1527 1479 1595 ὅπερ
1511 1530 1538 1578 ὁ
1573 1525 1735 1593 νόμος

157 1615 489 1685 προσέταττε
525 1619 700 1670 ποιεῖν
732 1617 863 1680 τοὺς
891 1618 1041 1679 υἱοὺς
1082 1618 1323 1689 Ἰσραήλ.
1363 1619 1425 1670 El
1456 1614 1549 1670 οὖν
1579 1617 1733 1670 ταῦθ’

153 1708 323 1770 οὕτως
351 1708 483 1779 ἔχει,
531 1712 623 1764 καὶ
659 1711 705 1763 οἱ
752 1711 851 1780 μὲν
883 1713 1107 1778 λέγουσι
1161 1712 1290 1780 περὶ
1324 1710 1420 1762 τοῦ
1455 1711 1664 1779 Πάσχα.
1708 1711 1735 1762 ὁ

153 1801 210 1853 δὲ
245 1800 518 1870 ἐξηγεῖται
551 1804 679 1871 περὶ
709 1802 800 1855 τοῦ
835 1804 1049 1873 Πάσχα,
1081 1806 1230 1856 ποῖον
1256 1803 1363 1869 ἄρα
1393 1803 1583 1870 Πάσχα
1612 1802 1735 1871 ἐζή-

149 1913 275 1947 τουν
305 1897 350 1947 ol
388 1893 634 1965 μαθηταὶ
669 1895 956 1963 ἑτοιμάσαι
987 1912 999 1961 ;
1032 1897 1090 1947 τ’)
1118 1895 1339 1963 νομικὸν
1377 1896 1472 1948 καὶ
1504 1896 1734 1966 σύνηθες

150 1987 354 2050 αὐτῶν,
391 1986 577 2057 ῆάλλο
616 2004 667 2039 τι
717 1988 926 2041 καινόν.
963 1989 1072 2040 Καὶ
1116 1987 1220 2058 γάρ
1271 1988 1511 2041 Ἰουδαῖοι
1557 1990 1733 2054 ὄντες,

147 2079 209 2131 τὸ
249 2079 380 2130 αὐτὸ
412 2079 599 2149 Πάσχα
622 2079 758 2148 ὅπερ
785 2079 977 2148 ἐδήλου
1009 2079 1108 2147 τὴν
1140 2078 1390 2131 διάϐασιν
1431 2079 1528 2148 τῆς
1576 2080 1730 2150 Ἐρυ-

151 2171 286 2241 θρές
307 2171 580 2240 θαλάσσης
605 2186 620 2201 ·
661 2173 848 2239 Πάσχα
885 2173 994 2240 γάρ
1021 2171 1300 2236 διάϐασις
1344 2172 1732 2243 ἑρμηνεύεται.

148 2267 243 2318 Διὸ
275 2268 367 2319 καὶ
417 2266 444 2319 δ
500 2268 642 2320 κατά
685 2268 972 2338 συνήθειαν
1024 2264 1170 2338 εἶχον
1222 2269 1516 2327 ἐπιτελεῖν.
1573 2267 1732 2321 τοῦτο

149 2360 246 2411 καὶ
275 2359 562 2426 ἑτοιμάσαι
595 2360 825 2429 ἠρώτων
853 2367 867 2380 ⁸
899 2362 992 2413 καὶ
1020 2363 1046 2414 ὁ
1087 2362 1324 2431 Χριστὸς
1373 2364 1732 2432 μαρτυρεῖται

151 2451 306 2520 παρά
339 2453 404 2521 τῇ
437 2451 652 2523 Γραφῇ,
687 2452 916 2523 ποιητὴς
961 2453 1054 2505 τοῦ
1087 2455 1250 2520 νόμου
1290 2455 1381 2506 καὶ
1413 2456 1729 2522 πληρωτὴς.

154 2544 313 2599 Οὕτω
340 2547 448 2615 γάρ
513 2563 677 2615 φησιν
714 2545 876 2607 αὐτὸς
916 2546 1056 2615 ὑπὲρ
1105 2544 1298 2598 ἑαυτοῦ
1326 2562 1338 2574 ·
1378 2565 1396 2596 ‹
1451 2544 1588 2612 Ἐγὼ
1634 2546 1731 2597 οὐκ

143 2630 313 2703 ἦλθον
344 2635 645 2688 καταλῦσαι
678 2635 768 2687 τὸν
802 2635 986 2704 νόμον,
1020 2634 1159 2687 άλλά
1211 2636 1503 2705 πληρῶσαι
1525 2651 1538 2664 ⁸
1581 2656 1598 2686 ι
1637 2640 1727 2687 καὶ

146 2721 246 2789 αὖ,
278 2744 296 2777 ι
333 2727 724 2797 Εὐκοπώτερον
750 2727 839 2779 τὸν
870 2728 1100 2795 οὐρανὸν
1134 2729 1228 2781 καὶ
1251 2727 1348 2794 τὴν
1392 2731 1496 2796 γῆν
1526 2729 1729 2796 παρελ-

145 2821 286 2882 θεῖν,
316 2821 346 2889 ἢ
381 2819 512 2871 ἰῶτα
544 2819 599 2870 ἓν
662 2820 692 2889 ἢ
732 2821 859 2888 μίαν
901 2819 1127 2887 κεραίαν
1173 2819 1467 2887 παρελθεῖν
1499 2822 1602 2872 ἀπὶ
1631 2820 1726 2872 τοῦ

142 2912 339 2980 νόμου.
383 2931 402 2963 ι
453 2913 572 2973 Πῶς
599 2907 691 2964 οὖν
724 2912 827 2963 ἔδει
856 2911 1017 2963 αὐτὸν
1047 2912 1250 2980 πρᾶξαι
1283 2912 1436 2976 ἄλλα,
1475 2912 1506 2982 ἢ
1539 2912 1605 2964 τά
1634 2912 1727 2963 τοῦ

142 3003 315 3071 νόμον
345 3020 360 3069 ;
396 3003 590 3056 οὐκοῦν
623 3003 913 3073 πληρωτὴς
941 3002 1016 3054 ὢν
1054 3003 1147 3055 τοῦ
1176 3004 1364 3072 νόμου,
1395 3004 1454 3055 τὸ
1485 3004 1587 3054 ὑπὸ
1619 3001 1723 3055 ’τοῦ

143 3095 316 3164 νόμον
356 3096 454 3164 μὲν
485 3096 978 3164 προσταττόμενον,
1019 3096 1148 3164 παρ’
1179 3095 1343 3147 αὐτοῦ
1374 3095 1429 3147 δὲ
1461 3098 1729 3164 πρῖτερον

1837 608 1964 675 quid
1984 607 2186 661 Pascha
2223 607 2294 660 sit
2323 619 2337 660 :
2380 621 2594 662 sumere
2619 623 2816 678 agnum
2851 608 3280 669 immaculatum,
3310 625 3408 662 an-

1839 700 2078 754 niculum
2112 718 2140 756 a
2193 702 2398 756 decima
2433 702 2521 755 die
2555 702 2777 764 mensis,
2817 711 2871 755 et
2904 716 3122 755 servare
3146 711 3198 756 et
3224 711 3409 757 custo-

1839 793 1953 847 dire
1985 810 2109 846 eum
2161 810 2332 863 usque
2363 796 2429 848 ad
2479 805 2730 863 quartum
2776 795 3083 860 decimum;
3127 805 3180 850 et
3218 807 3406 864 quarta

1837 887 2043 940 decima
2071 887 2277 940 mensis
2303 901 2549 955 vespere,
2579 888 2885 942 sacriﬁcare
2912 889 3082 950 illum,
3103 899 3157 942 et
3180 890 3406 957 reliqua,

1839 989 1890 1032 et
1919 978 2206 1031 comedere
2236 993 2355 1030 assa
2387 979 2522 1048 igni,
2558 990 2611 1032 et
2644 995 2828 1049 azyma
2867 983 3150 1035 comedere
3187 983 3304 1051 ipsa
3354 988 3409 1036 in

1838 1070 2065 1122 lactucis
2119 1070 2445 1138 agrestibus,
2497 1080 2550 1123 et
2591 1080 2850 1139 prteterea
2904 1070 3239 1135 festinantes,
3286 1073 3410 1138 quia

1836 1160 2042 1215 Pascha
2070 1171 2151 1214 est
2179 1161 2408 1214 Domini.
2431 1161 2546 1215 lloc
2569 1171 2651 1215 est
2671 1161 2800 1214 illud
2819 1161 2988 1230 legale
3013 1160 3239 1226 Pascha,
3267 1163 3411 1225 quod

1837 1253 1918 1305 lex
1950 1254 2112 1322 iussit
2157 1253 2335 1306 facere
2361 1254 2485 1308 ﬁliis
2526 1254 2712 1308 Israel.
2746 1257 2800 1308 Si
2841 1256 2957 1310 hate
2982 1271 3109 1324 ergo
3135 1256 3204 1308 ita
3235 1272 3292 1310 se
3316 1258 3411 1309 ha-

1836 1345 1985 1409 bent,
2042 1354 2097 1398 et
2137 1345 2188 1398 hi
2225 1345 2440 1412 quidem
2494 1346 2562 1399 de
2595 1347 2859 1400 Paschate
2909 1345 3128 1408 dicunt,
3164 1347 3250 1400 ille
3280 1362 3410 1402 vero

1835 1437 2060 1504 exponit
2089 1436 2153 1490 de
2187 1438 2452 1492 Paschate
2484 1481 2498 1501 ,
2543 1439 2830 1505 qualenam
2861 1439 3067 1493 Pascha
3100 1441 3411 1508 qumrebant

1835 1526 2088 1595 discipuli
2148 1529 2396 1594 parare?
2450 1529 2644 1598 Legale
2698 1541 2751 1584 et
2803 1543 3124 1585 consuetum
3160 1531 3286 1594 illis,
3338 1549 3406 1586 an

1835 1632 2038 1672 novum
2061 1619 2206 1673 aliud
2234 1618 2410 1673 ?Nam
2437 1636 2558 1673 cum
2577 1618 2745 1676 Judmi
2774 1633 2980 1692 essent,
3006 1623 3143 1677 idem
3179 1625 3407 1691 Pascha,

1837 1709 1980 1775 quod
2031 1709 2315 1762 transitum
2386 1711 2556 1765 Rubri
2596 1712 2762 1766 maris
2807 1714 3170 1783 signiﬁcabat,
3226 1717 3411 1771 co-leb-

1836 1799 2067 1867 rabant;
2140 1799 2346 1855 Pascha
2405 1804 2550 1857 enim
2616 1806 2872 1859 transitus
2930 1808 3239 1875 exponitur,
3293 1810 3412 1864 ideo

1769 1873 1809 1926 Β
1839 1893 1979 1961 qttod
2010 1893 2078 1947 de
2110 1909 2260 1947 more
2289 1895 2597 1949 sacriﬁcare
2621 1899 2918 1962 debebant,
2946 1900 2997 1953 id
3035 1917 3226 1969 parare
3263 1918 3411 1971 quae-

1840 1986 2051 2038 rebant.
2081 1984 2144 2039 Et
2180 1985 2457 2054 Scriptura
2509 1997 2761 2052 testatur,
2805 1990 3080 2044 Christum
3130 2003 3408 2047 auctorem

1837 2091 1958 2130 esse
1989 2077 2156 2146 legem
2190 2079 2442 2132 servandi
2483 2088 2537 2132 et
2577 2080 2940 2149 adimplendi;
2995 2084 3067 2136 ita
3105 2085 3249 2138 enim
3293 2087 3410 2155 ipse

1837 2170 1901 2223 de
1933 2172 2115 2240 seipso
2145 2172 2296 2238 dicit,
2336 2192 2353 2223 ι
2387 2172 2496 2243 Ego
2537 2189 2643 2227 non
2683 2175 2807 2228 veni
2835 2176 3044 2229 solvere
3080 2177 3278 2246 legem,
3314 2181 3408 2232 sed

1837 2262 2132 2330 adimplere
2165 2263 2251 2327 “;
2315 2273 2364 2316 ct
2420 2263 2617 2316 iterum
2652 2282 2665 2318 :
2709 2263 2974 2318 «Facilius
3008 2275 3091 2319 est
3127 2267 3318 2320 cmlum
3357 2279 3412 2322 et

1839 2363 2037 2406 terram
2097 2355 2394 2424 praeterire,
2455 2371 2614 2421 quam
2683 2356 2750 2410 de
2785 2356 2902 2426 lege
2950 2359 3056 2411 iota
3111 2374 3279 2413 unum
3327 2362 3410 2414 vel

1837 2461 2004 2497 unum
2044 2448 2250 2513 apicem
2283 2447 2478 2502 cadere
2509 2447 2579 2501 “.
2609 2468 2627 2501 ι
2684 2447 2969 2513 Quomodo
3005 2465 3136 2520 ergo
3189 2461 3410 2520 oporte-

1836 2537 1928 2590 bat
1951 2552 2070 2590 eum
2094 2537 2194 2591 alia
2216 2553 2376 2606 agere
2396 2554 2558 2607 quatn
2580 2554 2698 2607 qu.e
2730 2539 2796 2593 ad
2825 2539 2997 2610 legem
3027 2542 3410 2610 pertinebant?

1836 2628 1974 2698 Ergo
2003 2645 2127 2682 cum
2171 2640 2362 2683 auctor
2389 2641 2534 2684 esset
2567 2631 2698 2696 legis
2735 2632 3112 2698 adimplcnllm,
3145 2634 3408 2703 adimp'c-

1834 2723 1931 2784 vit,
1961 2723 2103 2789 quod
2133 2738 2161 2775 a
2194 2724 2308 2792 lege
2357 2725 2629 2778 sancitum
2667 2735 2782 2779 erat
2821 2727 3028 2781 Pascha
3051 2769 3064 2790 ,
3103 2730 3169 2780 ab
3197 2743 3262 2781 eo
3283 2744 3410 2781 vero

1833 2811 1984 2878 prius
2026 2813 2076 2864 in
2115 2822 2298 2865 monte
2330 2811 2520 2882 Moysi.
2560 2816 2650 2882 qui
2682 2815 2773 2868 Dei
2829 2816 3022 2870 faciem
3054 2819 3205 2880 vidit,
3234 2820 3408 2872 tradi-

1835 2908 1970 2964 tum,
2009 2912 2066 2954 ut
2094 2903 2176 2954 lex
2209 2903 2451 2971 iubebat.
2479 2904 2632 2970 Quod
2655 2907 2698 2958 si
2731 2907 2853 2975 quis
2871 2907 3087 2972 dixerit,
3121 2911 3260 2978 quod
3286 2927 3407 2964 cum

1833 2995 2060 3065 apostoli
2097 2995 2268 3049 Judzei
2299 3007 2506 3057 essent,
2542 3009 2600 3050 ιιι
2631 3008 2758 3052 ante
2785 3002 3160 3068 exposuimus,
3222 3013 3277 3056 et
3331 3004 3409 3057 le-

1832 3104 1976 3159 gem,
2003 3100 2055 3141 ut
2090 3105 2188 3158 par
2220 3099 2357 3154 erat,
2390 3102 2694 3154 servarent,
2730 3093 2772 3145 si
2804 3094 3083 3147 novissent
3114 3110 3235 3147 enm
3263 3097 3408 3150 aliud

141 3191 206 3241 ὲν
225 3189 300 3256 τῷ
323 3188 458 3258 δρει,
488 3188 566 3257 τῷ
599 3189 800 3257 θεὸπτῃ
830 3189 1019 3241 Μωσεί
1043 3188 1479 3258 παραδ.δομένον
1513 3190 1722 3257 Πάσχα,

1833 3179 1995 3249 qu’am
2028 3181 2173 3250 quod
2207 3181 2290 3234 lex
2321 3182 2549 3250 jubebat
2590 3201 2771 3254 agere,
2819 3200 2924 3240 non
2955 3200 3079 3243 cum
3109 3188 3282 3246 secuti
3320 3203 3412 3242 es-

137 3282 222 3343 ὡς
253 3269 286 3332 δ’
329 3281 492 3350 νόμος
539 3281 877 3332 διεκελεύετο
923 3279 1241 3331 ἀπετέλεσε.
1289 3281 1398 3331 Καὶ
1436 3282 1528 3332 ἐὰν
1571 3280 1726 3332 τοῦτο

136 3372 290 3423 εῐποι
317 3389 419 3434 τις,
456 3373 553 3423 οὐκ
584 3371 648 3423 ἂν
678 3371 921 3440 ἁμάρτῃ,
943 3372 1022 3422 ὅτι
1046 3371 1093 3421 οἱ
1127 3370 1434 3434 ἀπόστολοι,
1459 3371 1532 3432 ὡς
1567 3373 1725 3440 προέ-

140 3481 350 3533 ιρημεν,
394 3464 633 3516 Ἰουδαῖοι
657 3463 1014 3531 ὑπάρχοντες,
1052 3463 1142 3513 καὶ
1167 3463 1257 3512 τὸν
1283 3462 1445 3530 νόμον
1475 3462 1548 3524 ὡς
1578 3463 1725 3525 εὲκος

129 3551 211 3622 ἦν
251 3555 574 3622 τηροῦντες,
640 3556 686 3605 εί
731 3553 952 3622 ᾔδεισαν
995 3553 1155 3604 αὑτὸν
1190 3554 1391 3620 ἑτέρως
1428 3554 1598 3621 ,παρὰ
1633 3555 1723 3605 τὸν

133 3647 312 3712 νόμον
348 3645 625 3709 ποιοῦντα,
677 3645 777 3696 οἰκ
822 3643 886 3695 ἂν
923 3643 1072 3712 αὐτῷ
1112 3643 1442 3710 ἠκολούθουν
1489 3645 1578 3695 καὶ
1625 3647 1722 3696 σὺν

131 3736 295 3806 αὐτῷ
331 3738 518 3806 ἢσθιον
561 3735 619 3788 τὸ
667 3737 860 3804 Πάσχα
886 3753 899 3767 ο
929 3736 1046 3788 ἀλλ’
1091 3736 1313 3805 ᾔδεισαν
1359 3736 1603 3805 ἀκριϐῶς
1640 3738 1721 3787 ὅτι

124 3828 234 3880 τὸν
264 3830 429 3896 νόμον
466 3829 652 3897 ἐτήρει
693 3829 856 3897 μέχρι
893 3826 1092 3888 παντὸς
1118 3843 1131 3856 °
1166 3827 1254 3878 διὰ
1287 3826 1444 3878 τοῦτο
1482 3827 1570 3879 καὶ
1611 3828 1719 3878 ἐδί-

125 3925 261 3989 ψων
305 3919 619 3972 ἀκολουθεῖν
664 3919 831 3988 αὐτῷ.
868 3919 990 3971 Ὅτι
1041 3919 1096 3971 δὲ
1153 3919 1243 3972 τδν
1291 3920 1455 3988 νόμον
1510 3921 1716 3989 ἐτήρει,

123 4015 375 4068 ἄκουσον
421 4011 515 4064 τοῦ
573 4013 1023 4082 χρυσορρήμονος
1093 4012 1363 4075 Ἰωάννου,
1414 4011 1473 4062 ἐν
1532 4011 1718 4079 ὁμιλία

117 4105 472 4174 ὀγδοηκοστῇ
511 4105 704 4174 πρώτῃ
730 4104 824 4157 τοῦ
859 4103 1249 4171 εὐαγγελιστοῦ
1295 4103 1596 4166 Ματθαίου,
1629 4103 1716 4152 λέ-

115 4212 359 4264 γοντος·
408 4214 427 4247 ι
479 4197 635 4259 Τίνος
664 4197 720 4249 δὲ
749 4197 936 4249 ’ἐνεκεν
974 4195 1035 4248 τὸ
1084 4194 1274 4263 Πάσχα
1313 4193 1589 4258 enatam;
1629 4193 1716 4245 διά

121 4288 363 4342 πάντων
389 4288 604 4352 δεικνὺς
638 4288 808 4359 μέχρι
833 4289 931 4358 τῆς
966 4287 1201 4356 ἐσχάτης
1233 4287 1466 4357 ἡμέρας,
1501 4287 1581 4338 ὅτι
1614 4285 1715 4337 οὐκ

1835 3283 1978 3337 sent,
2000 3289 2097 3327 nec
2117 3290 2237 3327 cum
2267 3290 2331 3328 eo
2357 3273 2562 3330 Pascha
2592 3279 3098 3344 comedissent,uon
3131 3283 3407 3340 aberrabit

1829 3382 1857 3417 a
1902 3381 2029 3417 vero
2063 3385 2075 3418 ι
2118 3367 2212 3420 sed
2246 3369 2490 3421 sciebant
2541 3383 2664 3424 eum
2692 3381 2878 3424 exacte
2931 3386 3146 3440 semper
3181 3391 3404 3432 servare

1830 3457 2023 3523 legem,
2057 3458 2265 3512 idcirco
2293 3460 2471 3528 ipsum
2509 3461 2661 3530 sequi
2694 3464 3016 3531 gestiebant.
3044 3465 3200 3529 Quod
3224 3481 3405 3522 autem

1829 3550 2000 3615 legem
2061 3561 2350 3616 servaret,
2425 3554 2548 3610 audi
2605 3570 2770 3607 aurea
2822 3556 3190 3611 effundentem
3243 3564 3404 3614 verba

1825 3641 2090 3695 Joannem
2127 3644 2178 3694 itt
2243 3643 2464 3697 homilia
2507 3648 2878 3714 octuagcsima
2936 3649 3112 3716 prima
3166 3650 3216 3702 in
3274 3651 3409 3705 Mat-

1827 3733 2024 3783 thmum
2063 3731 2355 3797 dicentem,
2419 3751 2436 3783 ι
2479 3733 2593 3798 Qua
2635 3735 2702 3788 de
2731 3751 2894 3790 causa
2936 3736 3142 3792 Pascha
3181 3755 3407 3810 perage-

1824 3822 1938 3887 bat,
1977 3841 1994 3874 ι
2034 3823 2088 3876 in
2110 3824 2367 3878 omnibus
2392 3841 2562 3895 usque
2595 3828 2662 3880 ad
2700 3838 3005 3883 extremum
3042 3831 3185 3884 diem
3216 3842 3408 3886 osten-

1823 3915 1980 3979 deus,
2012 3915 2115 3984 legi
2153 3931 2210 3970 se
2238 3933 2348 3971 non
2388 3933 2512 3973 esse
2559 3920 2893 3974 contrarium
2930 3941 2942 3976 :
2977 3937 3045 3976 ne
3092 3933 3273 3978 autem
3301 3925 3404 3994 legi

1822 4009 2135 4063 contrarius
2182 4021 2352 4075 esset,
2401 4011 2574 4081 legem
2634 4014 2946 4082 peragebat.
3002 4014 3199 4070 Exacte
3237 4017 3404 4087 igitur

1821 4116 1885 4154 ex
1912 4115 1977 4153 eo
2002 4109 2285 4155 ostensum
2308 4112 2412 4166 est,
2459 4103 2602 4170 quod
2628 4104 2801 4173 legale
2821 4104 3026 4159 Pascha
3047 4119 3327 4175 pararunt,
3345 4120 3405 4163 ιιι

1818 4193 1957 4246 alter
2003 4192 2462 4263 evangelistarum
2524 4205 2780 4262 testatur,
2836 4216 2853 4247 ι
2897 4197 3028 4252 Erat
3081 4209 3261 4254 autem
3301 4201 3402 4254 Pa-

1819 4285 1946 4340 scha
1968 4292 2023 4339 et
2046 4284 2268 4355 Azyma.
2300 4305 2320 4338 ι

111 4385 149 4437 ἔ
161 4402 292 4438 στιν
323 4384 565 4446 ἐναντίος
592 4385 668 4454 τῷ
695 4385 845 4454 νόμῳ
869 4400 883 4415 ·
918 4384 1004 4438 ἵνα
1032 4385 1089 4438 δὲ
1122 4385 1198 4454 μὴ
1227 4383 1469 4444 ἐναντίος
1497 4382 1722 4450 γένηται
1752 4381 1830 4450 τῷ
1865 4382 2034 4453 νόμῳ,
2067 4383 2127 4437 τὸ
2155 4383 2349 4455 Πάσχα
2376 4385 2638 4438 ἐπετέλει.
2678 4403 2691 4432 ι
2747 4383 3148 4439 Ἀποδέδεικται
3177 4402 3403 4457 τοιγαρ-

105 4477 230 4532 οὖν
281 4480 345 4531 ἐκ
389 4477 580 4530 τούτου
647 4477 913 4549 ἀκριϐῶς,
964 4479 1047 4530 ὅτι
1104 4476 1164 4528 τὸ
1239 4476 1462 4544 νομικὸν
1521 4475 1712 4545 Πάσχα
1754 4476 2084 4546 ἡτοίμασαν,
2121 4477 2196 4541 ὥς
2240 4495 2404 4548 φησιν
2434 4477 2620 4546 ἕτερος
2649 4479 2756 4530 τῶν
2788 4478 3216 4545 εὐαγγελιστῶν.
3259 4475 3401 4533 (Ἶὶν

106 4573 189 4628 δὲ
221 4571 286 4624 τὸ
319 4571 510 4639 Πάσχα
537 4573 628 4624 καὶ
663 4572 730 4624 τά
769 4571 1045 4640 Ἀζυμα.›

214 4665 286 4717 Τί
327 4661 420 4717 οὖν
449 4666 566 4717 ἐστι
599 4664 656 4717 τὸ
698 4663 1074 4734 ζητούμενον;
1117 4662 1168 4714 τί
1220 4663 1284 4714 ἐκ
1313 4660 1502 4741 τούτου
1537 4659 1724 4729 βουλό·

107 4756 284 4829 μεθα
327 4754 629 4820 ἀποδεῖξαι,
659 4755 902 4807 τοσαῦτα
943 4751 1473 4818 καταναλώσαντες;
1531 4751 1718 4821 Πάσης

106 4847 410 4918 πονηρίας
441 4846 788 4916 ἀπηλλάχθαι
832 4845 914 4897 δεῖ
942 4845 1031 4896 τὸν
1072 4843 1296 4895 πιστόν⁶
1353 4844 1533 4895 πᾶσαν
1569 4842 1720 4912 φιλο-

101 4921 352 4995 νεικίαν
382 4939 478 4991 καὶ
505 4937 656 5007 ἔριδα
684 4938 777 4989 καὶ
809 4935 1050 5005 ματαίαν
1083 4933 1357 5004 πρόληψιν
1378 4932 1719 4998 ἀποσοϐῆσαι

93 5033 210 5086 δεῖ
236 5032 304 5081 ἐκ
327 5029 576 5099 καρδίας,
613 5027 702 5080 τὸν
736 5025 834 5096 τήν
861 5025 1137 5093 σωτηρίαν
1170 5023 1334 5076 αὑτοῦ
1369 5022 1716 5092 βουλόμενον.

96 5124 264 5175 Ὀτι
295 5123 321 5174 ὁ
361 5120 552 5188 Σωτὴρ
583 5122 609 5171 ὁ
640 5119 917 5190 ἡμέτερος
948 5121 1004 5169 ἐν
1051 5116 1126 5185 τῷ
1155 5116 1476 5184 τεταγμένῳ
1503 5114 1596 5167 τοῦ
1635 5115 1719 5167 νό-

98 5233 237 5289 μου
272 5213 472 5283 καιρῷ,
506 5212 566 5264 τὸ
607 5211 795 5279 Πάσχα
825 5209 1038 5260 ἐτέλεσε
1062 5225 1076 5239 ο
1111 5209 1204 5262 καὶ
1257 5209 1380 5260 οὕτε
1430 5205 1720 5276 προλαϐὼν

91 5307 418 5376 ἐποίησεν,
470 5304 546 5366 ὥς
591 5319 736 5365 τινες
773 5301 1077 5372 βούλονται,
1111 5299 1232 5352 οὔτε
1295 5300 1558 5368 μεταϐὰς,
1601 5300 1716 5352 ἀλλ’

96 5408 177 5456 ὲν
209 5398 300 5467 τῷ
334 5398 450 5466 ίδίῳ
493 5395 695 5466 καιρῷ,
739 5395 834 5448 καὶ⁹
881 5397 937 5446 ἐν
973 5397 1038 5464 τῇ
1089 5393 1400 5461 τεταγμένῃ
1443 5391 1594 5462 ὦρᾳθ
1625 5393 1722 5444 καὶ

88 5491 330 5549 τούτου
360 5491 566 5561 μάρτυς
594 5491 621 5540 ὁ
651 5485 1043 5555 εὐαγγελιστὴς
1069 5485 1303 5548 Λουκᾶς,
1332 5484 1527 5550 λέγων·
1560 5502 1577 5534 ι
1612 5483 1720 5536 Καὶ

88 5587 211 5639 ὅτε
253 5579 477 5645 ἐγένετο
511 5578 544 5648 ή
584 5575 726 5648 ὥρα,
756 5578 988 5630 ἀνέπεσε
1029 5575 1292 5645 μετὰτῶν
1321 5575 1547 5628 δώδεκα.
1580 5593 1600 5626 ι
1637 5574 1710 5629 Οὐ

89 5679 237 5748 γὰρ
300 5668 474 5738 εἶπεν,
505 5672 593 5725 ὅτε
625 5673 841 5740 ἐγένετο
871 5673 904 5741 ή
937 5671 1123 5741 ἡμέρα
1147 5686 1161 5702 ·
1193 5667 1286 5722 καὶ
1337 5669 1444 5738 γὰρ
1473 5669 1532 5721 οὐ
1564 5685 1708 5738 παρ-

186 5858 240 5890 “
275 5855 451 5914 Exod.
475 5869 574 5918 xu.
609 5855 762 5910 1-11.
866 5856 911 5887 ⁸³
940 5854 1127 5909 Matth.
1181 5870 1232 5919 ν,
1276 5854 1362 5908 l7.

1899 4661 2168 4727 Quidnam
2227 4668 2309 4714 est
2344 4657 2507 4728 igitur
2531 4658 2673 4726 quod
2709 4658 2971 4727 qureritur
2994 4658 3018 4712 ?
3042 4659 3171 4727 quid
3197 4674 3262 4715 ex
3295 4660 3398 4715 hoc

1829 4761 1939 4805 tam
1980 4750 2167 4804 multis
2199 4747 2384 4802 verbis
2412 4749 2647 4818 probare
2693 4749 3111 4804 contendimus?
3139 4751 3222 4805 Ab
3246 4753 3396 4806 omni

1817 4843 2086 4912 pravitate
2115 4839 2327 4894 ﬁdelem
2356 4847 2574 4908 oportet
2633 4839 2928 4905 vindicare,
2969 4854 3132 4894 omne
3173 4856 3396 4896 concer-

1820 4934 1966 4988 tandi
2017 4931 2279 4998 studium,
2324 4931 2473 4985 litem
2529 4941 2585 4985 et
2631 4932 2853 4984 stultam
2908 4932 3390 5001 presumptiouem

1817 5026 1882 5079 de
1914 5023 2077 5079 corde
2131 5037 2266 5091 Opus
2293 5031 2379 5077 est
2403 5037 2528 5076 eum
2564 5023 2915 5091 prepulsare.
2936 5023 3030 5091 qui
3060 5037 3174 5076 suae
3199 5023 3393 5077 salutis

1817 5117 2048 5187 cupidus
2071 5124 2193 5170 est:
2231 5114 2359 5184 quia
2397 5113 2652 5168 Salvator
2675 5125 2861 5169 noster
2898 5122 3143 5184 tempore
3185 5126 3391 5169 sanctae

1819 5210 1955 5278 legis
2012 5206 2221 5278 peregit
2251 5205 2479 5272 Pascha,
2513 5220 2693 5274 neque
2718 5215 2879 5258 antea
2913 5205 3156 5273 peregit,
3187 5213 3248 5258 ut
3271 5205 3395 5274 qui-

1819 5304 1942 5358 dam
1975 5301 2186 5365 volunt,
2215 5313 2396 5369 neque
2426 5309 2567 5368 post,
2599 5299 2692 5352 sed
2722 5314 2824 5352 suo
2857 5308 3100 5367 tempore
3145 5309 3201 5353 et
3221 5299 3380 5362 hora,

1820 5393 2109 5461 ntjussum
2144 5399 2264 5445 erat
2294 5406 2310 5458 ;
2347 5389 2510 5459 hujus
2539 5389 2617 5442 rei
2665 5390 2822 5442 testis
2847 5396 2929 5443 est
2996 5388 3170 5443 Lucas
3223 5404 3392 5443 evan-

1819 5485 2011 5554 gelista
2035 5498 2160 5538 cum
2183 5483 2344 5538 dicit:
2419 5500 2437 5533 ι
2477 5482 2545 5536 Ει
2572 5496 2697 5536 cum
2725 5480 2866 5536 facta
2898 5491 3042 5536 esset
3098 5482 3251 5544 hora,
3281 5481 3392 5536 dis-

1819 5574 2016 5630 cubuit
2044 5591 2169 5629 cum
2207 5573 2519 5629 duodecim.
2570 5591 2588 5624 ι
2657 5571 2775 5628 Non
2801 5571 2946 5626 enim
2975 5572 3135 5634 dixit,
3159 5571 3392 5637 Quando

1819 5667 1962 5722 facta
1991 5666 2230 5734 estdies,
2251 5680 2378 5721 nam
2410 5664 2518 5721 alia
2549 5665 2669 5721 dies
2700 5678 2809 5720 non
2834 5663 3165 5730 praeterierat
3197 5671 3392 5733 praeter

1481 5851 1527 5882 ⁸³
1559 5851 1577 5896 ῐ
1605 5866 1693 5906 ue.
1733 5865 1839 5914 xvt,
1882 5849 1972 5902 l7.
