4160 6424
764 373 904 440 1199

1916 360 2249 429 JOSEPHI'
2285 362 2839 427 METHONENSIS

3874 359 4005 425 1200

758 498 877 538 eam
902 484 956 536 in
986 494 1090 552 qua
1126 480 1298 535 dicit:
1341 477 1503 545 Venit
1525 483 1704 531 autem
1731 475 1846 529 dies
1881 478 2231 546 Azymorum,
2270 476 2326 529 in

2453 472 2591 542 p.0ev
2648 471 2814 541 ἑτέρα
2836 485 2923 532 τις
2949 467 3131 539 ἡμέρα
3162 467 3271 521 άπὸ
3299 467 3402 538 τῆς
3425 467 3635 540 ἡμέρας
3660 466 3718 519 ἐν
3746 461 3781 543 ᾖ
3811 484 3969 537 φησιν
3991 476 4003 488 “

757 592 866 645 quo
888 574 1241 630 immolabant
1277 572 1503 635 Pascha,
1535 569 1649 632 sed,
1700 566 1930 633 Quando
1980 566 2131 619 venit
2177 565 2329 620 hora.

758 671 1019 738 Apertum
1052 675 1134 719 est
1171 663 1316 734 quod
1374 661 1460 715 illa
1503 660 1631 714 hora
1695 669 1812 713 erat
1859 658 1965 711 diei
2031 656 2330 721 Paschalis,

758 775 868 828 quo
890 758 939 811 id
958 757 1193 811 comedit
1217 754 1479 810 Dominus
1504 764 1692 807 noster
1718 751 1857 804 Deus
1877 749 2037 804 Jesus
2058 748 2329 803 Christus.

760 851 859 905 Ubi
894 864 1027 905 vero
1052 850 1203 912 dicit,
1243 865 1263 898 ι
1297 845 1572 901 discubuit
1617 858 1739 898 cum
1771 841 2089 906 duodecim,
2128 858 2147 891 ι
2217 855 2334 894 am-

761 942 1072 1011 biguitatem
1095 941 1175 993 vel
1198 937 1590 992 dubitationem
1614 935 1845 1004 aliquam
1873 948 1979 987 non
2002 930 2206 1003 praebet
2233 946 2335 984 no-

764 1038 877 1089 bis:
914 1049 1018 1087 non
1044 1033 1187 1087 enim
1220 1046 1285 1085 ex
1319 1030 1422 1084 hoc
1444 1027 1728 1082 ostendere
1757 1026 2009 1080 volumus
2038 1022 2185 1077 aliud
2210 1036 2333 1076 esse

761 1141 994 1187 cwuam,
1029 1123 1172 1178 aliud
1203 1121 1441 1185 Pascha;
1477 1120 1572 1173 sed
1599 1116 1742 1186 quod
1764 1127 1977 1186 tempus
2002 1117 2329 1185 Azymorum

759 1227 897 1283 erat,
914 1232 1022 1286 quo
1044 1213 1372 1284 incipiebant
1399 1211 1593 1282 Azyma
1622 1224 1716 1279 per
1735 1218 1939 1279 septem
1960 1207 2077 1263 dies
2096 1205 2334 1270 comedi,

764 1314 816 1364 in
841 1310 1040 1375 quibus
1059 1308 1439 1362 fermentatum
1465 1302 1694 1357 inveniri
1720 1317 1829 1356 non
1859 1299 2176 1369 oportebat:
2207 1313 2331 1352 nam

763 1416 792 1453 a
838 1398 1103 1469 principio
1137 1396 1420 1451 Pazcltatis
1471 1393 1739 1461 incipiunt
1768 1394 1971 1459 Azyma
2000 1404 2017 1457 ;
2045 1398 2099 1442 at
2134 1388 2330 1457 coeptis

763 1489 979 1561 Azymis
1028 1488 1230 1541 nemini
1272 1484 1465 1539 licebat
1490 1484 1651 1548 .domi
1692 1480 2075 1535 fermentatum
2110 1479 2332 1544 habere,

766 1598 889 1638 cum
922 1582 975 1636 id
1007 1578 1297 1635 manifeste
1356 1579 1440 1634 lex
1500 1576 1834 1647 prohiberet.
1889 1572 1993 1628 Sed
2044 1580 2166 1641 post
2210 1568 2334 1639 agni

764 1691 915 1730 csum
949 1684 1153 1728 stantes
1177 1683 1229 1726 et
1246 1672 1586 1736 festinantes,
1624 1672 1879 1739 aliudque
1904 1679 2136 1739 agentes
2164 1676 2251 1738 (ut
2282 1668 2333 1722 in

770 1767 1059 1822 traditione
1109 1766 1227 1835 ejus
1258 1765 1516 1833 scriptum
1551 1765 1680 1828 est).
1731 1763 2081 1816 comedentes
2114 1770 2169 1814 et
2228 1760 2331 1814 alia

2442 562 2614 617 'H).02
2635 564 2691 615 δὲ
2710 565 2745 633 ἡ
2768 563 2952 631 ὴμέρα
2981 561 3090 613 τῶν
3122 559 3395 630 ’Δζύμων,
3420 560 3477 611 ἐν
3546 560 3704 613 ἔθυον
3721 560 3785 613 τὸ
3807 561 4006 629 Πάσχα·

2440 658 2584 724 ἀλλ’,
2607 677 2627 711 ι
2658 657 2791 711 Ὅτε
2807 658 3024 723 ἐγένετο
3068 658 3102 726 ἡ
3131 655 3270 727 ῶρα.
3300 673 3320 708 ι
3348 656 3519 726 Δῆλον
3533 656 3590 708 δέ
3606 656 3689 708 ὅτι
3720 655 3819 708 τοῦ
3835 656 4005 725 Πάσχα

2440 751 2539 821 τῆς
2597 751 2811 821 ἡμέρας
2866 751 3051 818 ἐκείνη
3101 743 3235 820 ἧνή
3291 748 3436 815 ὥρα,
3492 749 3561 820 ἢν
3597 748 3711 803 τῶν
3767 748 4005 819 ’Δζύμων

2443 845 2657 912 ἡμέραν
2711 841 2895 911 φησίν.
2949 843 3134 912 Ἔχεις
3166 842 3349 894 τοίνυν
3387 842 3471 894 ὅτι
3513 842 3541 894 6
3587 840 3785 912 καιρὸς
3827 837 3894 910 ἦν
3922 838 4005 891 τοῦ

2443 936 2659 1005 Πάσχα,
2706 937 2765 988 ἐν
2818 928 2863 1002 ᾧ
2900 934 3061 988 τοῦτο
3088 935 3292 1003 ἔφαγεν
3323 934 3353 986 6
3414 934 3692 1002 Δεσπότης
3736 932 3896 1003 ⁴ἡμῶν
3926 934 4007 987 καὶ

2441 1030 2573 1091 Θεὸς
2630 1029 2836 1100 Ἰησοῦς
2893 1031 3152 1100 Χριστός.
3194 1029 3268 1081 Τὸ
3321 1029 3379 1082 δὲ
3422 1029 3672 1082 ἀνέκειτο
3728 1028 3872 1096 μετά
3912 1028 4009 1078 τῶν

2442 1123 2668 1189 δώδεκα,
2700 1124 2760 1175 οὐ
2806 1124 3040 1192 παρέχει
3078 1123 3214 1193 ἡμῖν
3253 1121 3586 1192 ἀμφι6ε>.ίαν
3655 1120 3690 1190 ἢ
3742 1120 4009 1189 ἀμφισϐή-

2442 1233 2602 1286 τησιν
2649 1216 2883 1269 οίανοῦν.
2924 1214 3061 1269 Οὑδέ
3096 1216 3207 1285 γάρ
3243 1213 3549 1283 βουλόμεθα
3599 1212 3886 1278 ἀποδεῖξαι
3917 1213 4011 1265 6:":

2442 1311 2637 1362 τούτου
2666 1308 2748 1361 δτι
2788 1308 2916 1363 ἄλλο
2948 1307 3186 1371 δεῖπνος,
3229 1306 3325 1359 καὶ
3365 1305 3495 1360 ἄλλο
3528 1305 3722 1375 Πάσχα
3744 1318 3759 1332 ·
3799 1305 3915 1357 ἀλλ’
3939 1304 4011 1357 ὅτι

2444 1402 2637 1473 καιρὸς
2661 1396 2730 1471 ἦν
2760 1400 2870 1453 τῶν
2912 1401 3188 1469 ’Λζύμων,
3222 1400 3281 1451 ἐν
3394 1398 3570 1471 ἀρχὴν
3616 1399 3924 1468 ἐλάμϐανον
3954 1398 4013 1448 τά

2448 1496 2666 1565 Ἀζυμα
2702 1494 2845 1547 ἑπτά
2888 1495 3105 1564 ἡμέρας
3139 1492 3421 1546 ἐσθίεσθαι
3444 1508 3460 1525 ο
3493 1494 3551 1546 ἐν
3586 1487 3676 1554 αἶς
3726 1492 3789 1545 οὺ
3816 1492 3898 1545 δεῖ
3937 1492 4014 1543 εὑ-

2450 1590 2675 1660 ρεθῆναι
2708 1589 2979 1658 ζυμωτόν.
3038 1586 3373 1657 Ἀρξαμένου
3402 1586 3513 1657 γὰρ
3542 1587 3637 1640 τοῦ
3681 1587 3894 1655 Πάσχα,
3926 1585 4006 1654 ἀρ·

2445 1697 2629 1751 χονται
2684 1682 2755 1733 τὰ
2785 1680 3035 1749 ’Δζυμω
3091 1679 3414 1750 ἀρξαμένων
3462 1680 3521 1733 δὲ
3580 1679 3690 1731 τῶν
3751 1678 4013 1747 ’Λζὺμων,

2445 1772 2619 1837 οὐδεὶς
2649 1771 2882 1841 ἠδύνατο
2911 1771 3147 1842 ἔνξυμον
3177 1773 3235 1824 ἐν
3267 1774 3335 1841 τῇ
3366 1771 3514 1841 οἰκία
3548 1771 3715 1825 αὐτοῦ
3752 1776 4013 1840 κατὲχειν.

767 1860 971 1914 fercula
991 1861 1320 1927 prandentes
1344 1844 1777 1925 discumbebant,
1808 1870 1984 1923 neque
2012 1855 2096 1908 lex
2128 1868 2225 1907 eos
2255 1866 2341 1907 se-

2453 1864 2880 1935 ἀπαγορεύοντος
2904 1865 3206 1937 διαρρήδην
3234 1863 3394 1919 τοῦτο
3429 1864 3521 1917 τοῦ
3557 1866 3748 1933 νόμου.
3788 1865 3943 1917 Meti
3967 1864 4015 1915 δὲ

767 1950 897 2003 dere
926 1948 1284 2019 prohibebat:
1319 1963 1441 2001 nam
1495 1945 1699 2000 Pascha
1736 1954 1945 1999 stantes
1986 1944 2337 2015 peragebant,

771 2052 830 2097 ut
856 2057 1017 2111 Supra
1050 2040 1251 2094 dictum
1286 2050 1370 2094 est
1398 2058 1413 2105 ;
1450 2039 1543 2094 sed
1570 2039 1671 2094 hoc
1699 2047 1970 2092 transacto
2001 2037 2333 2106 prandentcs

768 2133 1207 2187 discumbebant.
1255 2130 1371 2185 Non
1404 2132 1549 2185 enim
1579 2141 1788 2186 stantes
1819 2145 1915 2201 per
1951 2138 2093 2184 totos
2126 2138 2333 2199 septem

770 2228 889 2281 dies
916 2225 1297 2294 comedebant,
1332 2226 1428 2281 sed
1481 2225 1651 2295 prima
1709 2232 1918 2278 tantum
1987 2223 2097 2290 die,
2150 2232 2339 2293 postea

770 2319 1030 2372 sedebant
1054 2318 1427 2371 comedentes.
1476 2315 1613 2371 llinc
1654 2315 1979 2379 eatenditur,
2026 2314 2171 2384 quod
2216 2323 2342 2385 post

772 2425 923 2464 esum
965 2409 1185 2465 Paschre
1236 2408 1481 2463 Salvator
1527 2422 1650 2463 cuzn
1704 2408 1818 2461 suis
1870 2407 2169 2476 discipulis,
2218 2420 2340 2460 cum

778 2503 934 2557 vellet
995 2503 1281 2571 prandere,
1312 2499 1705 2556 discumbebat.
1756 2499 1929 2568 Hujus
1978 2499 2057 2553 rei
2128 2512 2341 2552 mecum

774 2594 925 2650 testis
982 2596 1087 2648 erit
1136 2608 1299 2648 aurea
1343 2593 1570 2648 Joannis
1624 2592 1851 2663 lingua;
1898 2590 2031 2646 dicit
2083 2590 2231 2645 enim
2284 2589 2341 2644 in

776 2688 1052 2759 Evangelii
1098 2688 1449 2743 enarratione
1488 2687 1644 2758 quasi
1704 2688 2072 2757 interrogans,
2101 2704 2119 2736 ι
2156 2684 2267 2740 Cur
2297 2684 2342 2740 si

776 2780 978 2834 Pascha
1038 2780 1427 2845 come-dobant,
1490 2790 1675 2834 contra
1732 2778 1904 2847 legem
1944 2777 2346 2832 comedebant?

773 2874 1073 2942 Oportebat
1100 2873 1244 2926 enim
1277 2887 1373 2927 eos
1401 2885 1512 2925 non
1569 2870 1979 2925 discumbentes
2031 2869 2345 2925 comedere.

772 2968 841 3021 At
896 2981 1005 3019 non
1035 2965 1459 3021 discumbebant
1490 2963 1557 3019 ad
1592 2978 1742 3018 csum
1776 2961 2078 3025 Paschatis,
2108 2962 2201 3018 sed
2224 2972 2345 3033 post

783 3061 903 3129 t'jus
928 3071 1116 3112 esum:
1152 3056 1352 3111 deinde
1382 3057 1634 3110 sedentes
1666 3053 2050 3110 comedebant.
2088 3052 2217 3107 Post
2239 3067 2350 3107 cte-

2441 1957 2503 2010 τὸ
2525 1960 2721 2027 φαγεῖν
2744 1959 2944 2023 αὐτοὺς
2966 1958 3058 2011 τὸν
3080 1958 3272 2028 άμνῦν,
3298 1959 3540 2020 ἑστῶτας
3566 1958 3661 2010 καὶ
3692 1956 3834 2025 μετά
3864 1972 4018 2009 σπου-

2441 2047 2560 2117 δῆς,
2594 2048 2693 2101 καὶ
2720 2048 2892 2103 τᾶλλα
2924 2047 3212 2113 ποιοῦντας
3235 2046 3312 2111 ὡς
3340 2047 3397 2101 ἐν
3426 2049 3491 2117 τῇ
3529 2045 3833 2117 παραδόσει
3859 2042 4017 2097 αὐτοῦ

2442 2143 2776 2213 γέγραπται,
2794 2143 3073 2197 ἀνέκειντο
3095 2140 3363 2204 ἐσθίοντες
3378 2141 3472 2193 καὶ
3495 2138 3841 2198 δειπνοῦντες
3891 2136 4019 2189 ἄλλα

2445 2235 2723 2305 ἐδέσματα
2745 2251 2758 2265 ο
2787 2236 2879 2288 καὶ
2903 2234 3005 2288 οὐκ
3034 2233 3272 2287 ἐκώλυεν
3292 2231 3490 2295 αὐτοὺς
3514 2232 3544 2284 6
3568 2231 3731 2299 νόμος
3762 2228 3984 2283 καθίσαι
4004 2243 4018 2257 '

2442 2326 2506 2380 τὺ
2545 2328 2737 2397 Πάσχα
2763 2328 2871 2397 γάρ
2910 2326 3146 2388 ἑστῶτες
3179 2325 3420 2391 ἐτέλουν,
3454 2323 3530 2389 ώς
3578 2322 3795 2396 εἴρηται
3828 2321 4023 2376 πολλά·

2446 2436 2573 2484 κις·
2610 2419 2806 2473 τούτου
2852 2418 2911 2472 δὲ
2957 2419 3277 2487 γενομένου,
3330 2417 3610 2471 ἀνέκειντο
3658 2415 4022 2478 δειπνοῦντες.

2446 2510 2523 2565 0⁸5
2565 2511 2675 2582 γάρ
2731 2510 2966 2573 ἑστῶτες
2998 2511 3178 2573 πάσας
3230 2509 3330 2572 τάς
3379 2509 3521 2563 ἑπτά
3568 2509 3782 2579 ἡμέρας
3813 2508 4023 2578 ἤσθιον,

2447 2600 2562 2657 ἀλλ’
2587 2602 2621 2673 ἢ
2653 2602 2813 2671 μόνον
2839 2604 2896 2655 ἐν
2919 2604 2983 2672 τῇ
3011 2599 3203 2673 πρώτῃ
3226 2601 3441 2672 ἡμέρᾳ.⁸
3465 2596 3583 2654 εἶτα
3605 2599 3874 2670 ἐκάθηντο
3894 2597 4030 2668 τρώ-

2448 2708 2659 2760 γοντες.
2695 2690 3003 2745 Κάντεῦθεν
3028 2689 3328 2753 δείκνυται,
3366 2690 3450 2742 ὃτι
3483 2687 3620 2757 μετά
3650 2690 3709 2741 τὸ
3744 2688 3947 2756 φαγεῖν
3975 2688 4029 2739 τὸ

2452 2786 2664 2854 Πάσχα,
2696 2786 2724 2837 6
2752 2783 2944 2854 Σωτὴρ
2967 2784 3217 2836 ἀνέκειτο
3246 2783 3387 2852 μετά
3412 2782 3519 2834 τῶν
3550 2781 3813 2851 μαθητῶν
3839 2780 4030 2844 αὐτοῦ,

2449 2877 2739 2945 δειπνῆσαι
2770 2875 2959 2929 θέλων.
2995 2875 3103 2927 Καὶ
3150 2874 3310 2927 τοῦτο
3356 2874 3815 2943 συμμαρτυρήσει
3866 2889 3962 2941 μοι
3999 2874 4029 2941 ἡ

2451 2968 2633 3038 χρυσῆ
2655 2968 2747 3020 τοῦ
2775 2966 3026 3021 Ἰωάννου
3055 2965 3295 3033 γλῶττα.
3316 2965 3481 3032 Λέγει
3513 2966 3618 3035 γὰρ
3647 2967 3705 3017 ἐν
3734 2968 3805 3033 τῇ
3835 2964 4037 3033 ἐξηγήο

2456 3078 2537 3115 σει
2583 3060 2677 3114 τοῦ
2713 3059 3050 3129 Εὐαγγέλίου
3095 3059 3297 3113 ὡσανεὶ
3333 3058 3723 3128 ἐρωτώμενος’
3775 3076 3796 3109 ι
3839 3059 3943 3111 Διά
3989 3057 4035 3109 τί

774 3167 898 3204 nam
937 3164 1071 3205 vero
1099 3158 1315 3216 sumpto
1340 3161 1480 3216 pane
1510 3144 1813 3211 benedixit,
1843 3153 1899 3198 et
1950 3143 2124 3197 dixit:
2185 3143 2343 3195 Acci-

2453 3153 2499 3205 εί
2533 3153 2594 3205 τὸ
2649 3152 2841 3221 Πάσχα
2893 3152 3104 3220 ᾕσΊιον,
3153 3154 3486 3221 παρανόμως
3543 3150 3767 3219 ῆσθιονς
3813 3151 3878 3203 οὐ
3932 3150 4038 3219 γάρ

778 3246 909 3314 pite,
946 3242 1235 3307 eomeditc,
1295 3240 1400 3295 hoc
1438 3249 1523 3293 est
1543 3253 1746 3307 corpus
1798 3250 2001 3301 meum,
2053 3236 2158 3289 hoc
2185 3233 2348 3288 facite

775 3337 827 3389 in
883 3350 1056 3388 meam
1089 3331 1700 3388 commemorationem:
1750 3327 2004 3382 similiter
2033 3335 2089 3380 et
2121 3324 2350 3380 calicem

774 3436 1057 3496 postquam
1084 3425 1322 3478 coenavit
1348 3422 1557 3487 dicens,
1587 3418 1763 3473 Bibitc
1793 3432 1859 3472 ex
1916 3417 2021 3471 hoc
2069 3429 2287 3470 omnes.
2324 3431 2343 3464 ι

777 3521 833 3574 Si
858 3534 985 3589 ergo
1013 3529 1131 3587 post
1152 3498 1387 3578 uenam,
1411 3509 1806 3582 utevangelista
1821 3508 1974 3572 dicit,
2000 3506 2219 3561 tradidit
2247 3505 2353 3560 illis

776 3610 1209 3683 myster.um,ubi
1231 3618 1361 3662 tunc
1378 3613 1493 3660 erat
1524 3603 1913 3659 fermentatum
1934 3601 1956 3654 ‘l
1980 3614 2105 3653 nam
2138 3597 2348 3653 Pascha

773 3713 891 3757 erat
913 3704 1175 3772 etAzyma
1194 3716 1210 3767 ;
1229 3715 1348 3768 qua:
1368 3713 1489 3751 cum
1508 3696 1836 3766 inciperent,
1860 3691 2239 3747 fermentatum
2262 3705 2352 3744 us-

774 3810 879 3864 que
892 3796 955 3848 ad
976 3802 1183 3863 septem
1201 3794 1318 3847 dies
1334 3804 1442 3845 non
1458 3787 1851 3859 reperiebatur.
1867 3785 2022 3851 Quod
2040 3784 2145 3838 hoc
2164 3796 2350 3836 verum

774 3888 866 3949 ait,
889 3886 1014 3956 quid
1038 3885 1185 3938 dicat
1214 3883 1296 3937 lex
1315 3881 1599 3936 audiamus
1622 3896 1636 3934 :
1663 3897 1682 3930 ι
1710 3874 1931 3944 Septem
1952 3876 2145 3930 diebus
2164 3888 2350 3944 azyma

774 3979 1104 4035 comedetis:
1156 3976 1209 4029 in
1264 3975 1436 4045 primo
1484 3974 1574 4028 die
1630 3987 1739 4026 non
1785 3971 1890 4025 erit
1918 3970 2252 4025 fermentum
2286 3967 2340 4020 in

777 4072 1024 4125 domibus
1048 4068 1280 4123 vestris:
1329 4067 1661 4137 quicumque
1692 4062 1996 4118 comederit
2051 4062 2351 4116 fermenta-

779 4174 912 4226 tam,
952 4161 1147 4232 peribit
1180 4159 1357 4213 anima
1380 4158 1469 4212 illa
1517 4158 1584 4212 de
1643 4156 1828 4220 Israel,
1886 4170 1914 4209 a
1948 4153 2123 4223 primo
2146 4153 2232 4208 die
2261 4169 2353 4207 us-

778 4273 881 4325 que
902 4256 968 4308 ad
1001 4255 1143 4307 diem
1172 4253 1485 4323 septimum.
1542 4249 1663 4304 Dies
1692 4249 1866 4319 prima
1897 4248 2003 4303 erit
2044 4254 2234 4301 sancta
2268 4254 2351 4298 at-

781 4365 882 4417 que
934 4346 1211 4410 solemnis,
1275 4354 1331 4397 et
1373 4343 1488 4397 dies
1536 4343 1768 4411 septima
1825 4340 2012 4395 cadent
2046 4338 2349 4393 festivitate

779 4437 1297 4493 veucraliiliszniliil
1352 4435 1530 4505 operis
1576 4431 1789 4487 facietis
1844 4433 1899 4485 in
1960 4433 2059 4497 eis,
2108 4430 2352 4500 exceptis

2459 3245 2848 3313 ἀνακειμένους
2895 3244 3001 3296 ἔδει
3042 3245 3260 3312 φαγεῖν.
3297 3241 3441 3294 Ἀλλ’
3474 3242 3575 3294 οὐκ
3601 3242 3659 3293 ἐν
3700 3242 3781 3311 τῷ
3837 3244 4039 3296 ἐσθίειν

2458 3337 2520 3389 τὸ
2550 3336 2737 3405 Πάσχα
2768 3336 3063 3401 ἀνέκειντο,
3098 3336 3233 3389 ἀλλά
3274 3337 3414 3405 μετά
3443 3336 3503 3389 τὸ
3532 3338 3728 3404 φαγεῖν
3757 3336 3895 3387 αὑτδ
3936 3336 4042 3387 λοι-

2463 3429 2563 3481 πὸν
2591 3427 2914 3497 ἑστιώμενοι
2940 3426 3103 3499 ¹ἦσαν.
3138 3429 3294 3481 Meri
3319 3428 3375 3481 δὲ
3404 3427 3465 3480 τὸ
3500 3428 3821 3496 δειπνῆσαι,
3859 3427 4041 3481 λαδὼν

2458 3520 2552 3574 τον
2569 3522 2734 3591 ἄρτον
2759 3520 3018 3589 εὐλόγησε
3049 3522 3142 3574 καὶ
3174 3516 3293 3573 είπε
3320 3535 3335 3551 ·
3354 3520 3588 3587 Λάϐετε,
3614 3521 3827 3590 φάγετε
3850 3538 3863 3550 ·
3888 3520 4044 3574 τοῦτό

2463 3617 2565 3686 μού
2596 3617 2710 3668 ἐστι
2743 3616 2801 3666 “rb
2833 3615 3015 3684 σῶμα.
3046 3614 3219 3668 Τοῦτο
3262 3617 3464 3667 ποιεῖτε
3493 3617 3573 3678 είς
3603 3613 3705 3684 τὴν
3736 3614 3885 3685 ἐμὴν
3914 3615 4046 3668 ἀνά-

2464 3724 2682 3778 μνησιν.
2725 3706 2966 3776 Ὁμοίως
3005 3714 3100 3760 καὶ
3148 3707 3210 3760 τὸ
3247 3708 3511 3777 ποτήριον
3548 3708 3689 3777 μετά
3719 3707 3788 3760 τὸ
3823 3707 4044 3773 δειπνῆ-

2463 3819 2574 3864 σαι,
2603 3801 2778 3868 λέγων
2804 3817 2817 3829 θ
2850 3800 3008 3853 Πίετε
3054 3799 3113 3865 ἐξ
3146 3798 3311 3852 αὐτοῦ
3352 3799 3571 3861 πάντες.
3607 3816 3628 3850 ι
3669 3799 3734 3851 Εἰ
3781 3798 3881 3852 οἷον
3916 3802 4048 3869 μετά

2460 3890 2521 3944 τὸ
2549 3889 2871 3959 δειπνῆσαι,
2888 3889 2961 3951 ὥς
2978 3904 3143 3957 φησιν
3168 3890 3194 3941 6
3221 3886 3635 3957 εὐαγγελιστὴς,
3668 3890 3969 3958 παρέδωκε
3995 3892 4050 3940 τὸ

2464 3982 2785 4053 μυστήριον,
2834 3982 2937 4035 ποῦ
2997 3982 3114 4034 τότε
3152 3978 3420 4050 ἑνζυμονς
3471 3981 3566 4033 καὶ
3604 3979 3717 4051 γάρ
3750 3981 3819 4034 τὸ
3865 3984 4047 4050 Πάσχα

2461 4072 2551 4146 ἦν,
2577 4076 2671 4131 καὶ
2702 4075 2771 4130 τὰ
2826 4074 3067 4143 ’Λζυμα.
3099 4068 3201 4127 Ὧν
3249 4071 3621 4139 είσελθόντων,
3678 4073 3933 4145 ενζυμον
3963 4078 4050 4143 οὐχ

2460 4169 2747 4237 εὑρίσκετο
2776 4166 2880 4229 ἐως
2928 4167 3068 4220 ἑπτά
3106 4165 3341 4236 ἡμέρας.
3375 4164 3499 4217 Ὀτι
3526 4164 3583 4216 δὲ
3616 4164 3788 4218 τοῦτο
3830 4169 4050 4236 ἀληθὲς,

2461 4258 2784 4327 ἀκούσωμεν
2826 4257 2919 4312 τοῦ
2966 4259 3132 4328 νόμον
3180 4258 3233 4309 τί
3287 4274 3475 4327 φησιν.
3533 4274 3553 4308 ι
3603 4255 3793 4310 Ἑπτά
3848 4262 4053 4330 ἡμέρας

2462 4350 2642 4405 ἔδεσθε
2690 4349 2893 4421 ἄζυμα.
2942 4349 3075 4403 ’Λπδ
3104 4349 3159 4402 δὲ
3190 4349 3287 4417 τῆς
3340 4346 3562 4418 πρώτης
3612 4348 3879 4418 ἡμέρας,
3931 4351 4056 4417 ἁφα-

2463 4445 2623 4495 νιεῖτε
2653 4441 2833 4511 ζύμην
2860 4443 2923 4494 ἐκ
2964 4441 3073 4493 τῶν
3104 4441 3290 4494 οἰκιῶν
3330 4441 3506 4511 ὑμῶν.
3547 4441 3664 4503 Πᾶς
3710 4440 3778 4505 ὃς
3814 4441 3891 4495 ἂν
3922 4444 4056 4512 φάγῃ

782 4535 866 4587 liis
923 4547 1045 4602 quae
1108 4529 1175 4584 ad
1231 4527 1559 4582 vescendum
1601 4514 1915 4595 pertinent.
1971 4524 2039 4578 Et
2093 4525 2343 4577 observa-

2466 4534 2671 4603 ζύμην,
2705 4532 3215 4604 ἐξολοθρευθήσεται
3242 4534 3276 4604 ή
3315 4532 3462 4603 ψυχὴ
3491 4533 3675 4603 ἐκείνη
3701 4534 3769 4601 ἐξ
3817 4534 4057 4605 Ἰσραὴλ,

781 4627 907 4681 bitis
940 4625 1178 4693 Azyma:
1215 4621 1269 4674 in
1298 4620 1486 4674 eadem
1512 4619 1657 4671 enim
1683 4619 1797 4686 ipsa
1818 4616 1906 4671 die
1927 4616 2154 4670 educam
2202 4630 2362 4670 exer-

782 4718 953 4770 citum
1006 4715 1075 4767 de
1098 4723 1237 4766 terra
1292 4708 1531 4780 Aigypti,
1557 4719 1611 4762 et
1668 4708 1989 4763 custodietis
2015 4707 2158 4762 diem
2192 4707 2354 4761 istum

783 4810 837 4865 in
857 4805 1237 4876 generationes
1263 4812 1469 4857 vestras
1496 4802 1605 4855 ritu
1643 4812 1928 4870 perpetuo.
1951 4797 2134 4853 Primo
2166 4813 2354 4853 mense

783 4900 1185 4969 quartadecima
1217 4896 1300 4949 die
1340 4894 1543 4949 mensis
1596 4894 1663 4947 ad
1704 4907 1985 4961 vesperam
2039 4891 2351 4945 comedetis

781 4997 982 5063 Azyum
1017 5004 1189 5058 usque
1220 4990 1287 5041 ad
1336 4986 1645 5041 vicesimam
1673 4985 1901 5054 primam
1937 4984 2082 5037 diem
2106 4982 2353 5051 ejusdem

783 5083 985 5137 mensis
1031 5080 1098 5132 ad
1143 5090 1448 5146 vesperam.
1507 5074 1725 5143 Septem
1760 5072 1954 5127 diebus
2020 5072 2349 5125 fermentum

783 5189 890 5227 non
928 5170 1234 5223 invenietur
1264 5169 1315 5219 in
1337 5165 1589 5220 domibus
1623 5164 1855 5218 vestris:
1907 5164 2002 5233 qui
2046 5163 2350 5217 comederit

787 5266 1198 5329 fermentatum,
1222 5259 1610 5330 peribitanima
1632 5259 1749 5329 ejus
1771 5259 1836 5313 de
1866 5266 2011 5313 etetu
2037 5256 2223 5321 Israel,
2250 5267 2357 5309 iam

792 5358 859 5409 de
884 5353 1107 5409 advenis
1133 5368 1292 5420 quam
1319 5351 1385 5405 de
1411 5348 1678 5420 indigenis
1713 5360 1889 5403 terrae.
1920 5346 2093 5403 Omne
2116 5346 2353 5401 fermen-

787 5458 957 5503 tatum
989 5460 1096 5499 non
1129 5444 1455 5499 comedetis:
1486 5444 1541 5495 in
1574 5443 1788 5497 eunetis
1819 5441 2139 5496 habitaculis
2164 5441 2359 5495 vestris

788 5539 962 5592 edetis
999 5538 1199 5606 Azyma
1223 5535 1289 5590 “.
1326 5556 1342 5587 ι
1380 5536 1670 5600 Audivisti,
1701 5553 1726 5588 a
1761 5534 2033 5605 principio
2068 5534 2295 5589 Pascha:
2323 5548 2351 5587 a

787 5646 1010 5698 vespera
1028 5631 1433 5700 quartadecima
1446 5632 1531 5686 die
1550 5632 1750 5687 mensis
1770 5647 1936 5702 usque
1956 5633 2019 5688 ad
2041 5633 2356 5689 vicesimam

893 5808 936 5839 “
959 5807 1128 5863 Exod.
1156 5824 1249 5877 xu,
1284 5809 1349 5864 l5
1384 5824 1539 5880 seqq.

2467 4626 2575 4679 ἀπὸ
2611 4625 2713 4693 τῆς
2758 4624 2976 4695 ἡμέρας
3002 4626 3102 4693 τῆς
3150 4625 3375 4695 πρώτης
3422 4625 3529 4687 ἓως
3558 4625 3657 4693 τῆς
3687 4627 3934 4697 ἡμέρας
3976 4628 4058 4695 τῆς

2465 4719 2724 4789 ἑϐδόμης.
2756 4719 2865 4771 Καὶ
2892 4720 2925 4787 ή
2965 4718 3148 4789 ἡμέρα
3178 4720 3213 4788 η
3244 4718 3434 4789 πρώτη
3484 4718 3845 4790 κληθήσεται
3895 4723 4026 4791 ἁγία
4047 4736 4058 4749 ·

2464 4812 2558 4864 καὶ
2615 4812 2649 4880 ἠ
2707 4810 2891 4880 ἡμέρα
2954 4810 2988 4880 ἡ
3047 4810 3255 4879 ἑόδόμη
3314 4808 3487 4880 κλητὴ
3533 4809 3668 4877 ἀγια
3707 4809 3891 4867 ἔσται
3921 4814 4058 4882 ὑμῖν.

2464 4902 2577 4955 Πάν
2644 4901 2805 4973 ἔργον
2894 4900 3186 4971 λατρευτδν
3238 4903 3300 4956 οὺ
3358 4902 3612 4973 ποιήσετε
3675 4902 3737 4955 ἐν
3833 4906 4059 4965 uiui;-

2461 4995 2601 5065 πλὴν
2669 4997 2768 5048 ὅσα
2831 4994 3187 5065 ποιηθήσεται
3270 4993 3422 5066 πάσῃ
3483 4992 3658 5063 ψυχῇ,
3723 4994 3917 5050 τοῦτο
3981 4996 4060 5065 μέ-

2463 5103 2551 5137 νον
2586 5084 2949 5156 ποιηθὴσεται
3001 5086 3165 5155 ὑμῖνο
3203 5084 3296 5137 καί⁵
3332 5082 3630 5153 φυλάξεσθε
3675 5085 3788 5156 τὴν
3844 5088 4061 5153 ἐντολὴν

2463 5176 2690 5248 ταύτην.
2733 5178 2820 5230 Ἐν
2844 5179 2952 5246 γάρ
2981 5180 3045 5247 τῇ
3078 5177 3260 5248 ἡμέρᾳ
3287 5177 3458 5248 ταύτῃ
3488 5174 3663 5241 ἐξάξω
3692 5176 3807 5246 τὴν
3831 5178 4059 5246 δύναμιν

2464 5267 2617 5338 ὑμῶν
2653 5272 2715 5321 ἐκ
2743 5268 2845 5338 γῆς
2898 5269 3198 5335 Αίγύπτου.
3233 5268 3344 5321 Καὶ
3392 5266 3646 5337 ποιήσετε
3696 5268 3812 5335 τὴν
3849 5270 4059 5337 ἡμέραν

2463 5360 2661 5431 ταύτην
2684 5364 2761 5423 εἰς
2780 5362 2876 5425 τὰς
2904 5361 3095 5430 γενεάς
3119 5358 3293 5429 ὑμῶν,
3327 5357 3558 5427 νόμιμον
3578 5358 3842 5411 αἰώνιον.
3884 5361 4055 5427 Ἐναρ-
4132 5392 4133 5403 ι

2465 5456 2686 5525 χόμενοι
2713 5458 2779 5525 τῇ
2810 5453 3381 5526 τεσσαρεσκαιδεκάτῃ
3412 5451 3505 5504 τοῦ
3552 5450 3720 5522 μηνὸς
3778 5453 3888 5507 τοῦ
3921 5452 4055 5522 9:95,.

2465 5564 2581 5608 τον,
2615 5544 2707 5612 ἀφ’
2737 5546 2974 5614 ἑσπέρας
3021 5544 3201 5597 ἕδεσθε
3253 5543 3474 5613 ἄζυμα*
3511 5542 3618 5604 ἓως
3668 5542 3906 5614 ἡμέρας
3944 5542 4054 5613 μιᾶς

2469 5636 2561 5691 καὶ
2601 5636 2814 5700 είκάδος
2848 5635 2941 5689 τοῦ
2993 5634 3157 5705 μηνὸς
3200 5636 3301 5698 ἓως
3345 5634 3621 5704 ἑσπέρας·
3651 5634 3806 5688 ἑπτά
3852 5636 4049 5706 quia:
