4160 6424
147 374 265 438 1901
628 378 785 439 PRO
829 378 1043 441 CONC.
1073 379 1465 442 FLORENT.
1509 384 1667 448 CAP.
1713 386 1801 448 II.
1839 387 1935 446 DE
1976 384 2231 447 AZYMO
2274 382 2367 443 ET
2409 386 2947 452 FERMENTATO.
3237 390 3376 453 I202

138 491 276 558 ζύμη
303 489 401 558 οὐχ
427 490 783 560 εὑρεθήσεται
813 492 870 546 ὲν
903 494 1023 553 ταῖς
1053 495 1252 559 οἰκίαις
1289 496 1483 564 ὑμῶν·
1518 499 1625 561 πᾶς
1650 499 1707 561 δς
1736 506 1781 563 Α

1736 506 1782 563 Α
1815 502 2065 571 primam,
2102 519 2215 556 non
2250 502 2442 558 debere
2468 502 2698 558 inveniri
2726 502 3193 556 Γθτηιοιιιαιιιῐηίιιν
3214 504 3376 558 domo

133 581 200 634 ἂν
225 582 371 652 φάγῃ
409 581 682 650 ζυμωτὸν.
717 581 1231 655 ὲξολοθρευθήσεται
1265 589 1299 657 ἡ
1339 588 1485 658 ψυχὴ
1521 590 1700 659 εκείνη

1808 592 2079 657 alicujus?
2105 591 2361 645 Dominus
2387 608 2514 647 vero
2541 601 2833 661 postesum
2866 591 3164 658 Paschalis,
3205 600 3377 655 stans,

133 675 197 725 ὲκ
242 673 560 742 συναγωγῆς
593 674 725 727 υἱῶν
768 677 1005 746 Ἰσραήλ.
1043 679 1142 731 Ἐν
1185 696 1242 730 τε
1286 683 1398 741 τοῖς
1444 681 1701 750 γειώραις

1808 694 1869 739 ut
1899 699 2036 752 saepe
2059 683 2260 738 dictum
2280 694 2381 746 est,
2431 695 2485 738 et
2508 684 2740 754 peractis
2765 684 3019 738 omnibus
3077 684 3376 738 secundum

132 764 220 815 καὶ
244 764 526 831 αὐτόχθοσι
581 766 679 834 τῆς
708 768 834 836 γῆς,
889 769 998 820 πᾶν
1040 770 1289 838 ζυμωτὸν
1347 772 1447 823 οὐκ
1480 772 1659 825 ἐδεσθε
1683 789 1698 805 ο

1808 774 2004 842 legem,
2051 790 2174 827 cum
2202 783 2390 843 postea
2441 774 2825 835 discubuisset,
2868 772 3039 827 dixit:
3094 792 3111 825 ι
3150 774 3376 828 Deside-

130 854 190 904 ἐν
214 856 371 907 παντὶ
395 859 801 929 κατοικητηρίῳ
823 859 976 925 ὑμῶν
1000 860 1176 912 ἐδεσοε
1202 861 1406 928 ἄζυμα.
1444 879 1462 912 ι
1502 864 1702 914 Ἤκου-

1807 864 1884 916 rio
1945 864 2243 918 desideravi
2276 864 2380 917 hoc
2425 862 2631 917 Pascha
2689 864 3021 916 manducare
3092 864 3373 917 vobiscum

128 962 224 1007 σας
255 948 335 999 ὅτι
365 948 670 1017 ἀρχομένου
699 948 794 1003 τοῦ
833 952 1020 1021 Πάσχα
1052 952 1146 1021 ἀφ’
1172 954 1411 1021 ἑσπέρας
1452 956 1551 1022 τῆς
1582 972 1702 1007 τεσ-

1813 964 2100 1021 antequam
2132 954 2308 1024 patiar
2336 954 2417 1018 ul;
2452 972 2471 1005 ι
2506 961 2693 1023 postea
2718 968 2837 1006 cum
2874 953 3131 1021 apostolis
3163 967 3376 1007 concre-

130 1039 635 1109 σαρεσκαιδεκάτης
681 1040 897 1112 ἡμέρας
930 1042 1022 1094 τοῦ
1058 1045 1246 1113 μηνὸς,
1288 1044 1392 1105 ἓως
1421 1044 1518 1112 τῆς
1560 1048 1704 1097 εἰκο-

1806 1047 2174 1109 nabal,cmna
2233 1046 2380 1099 enim
2424 1054 2560 1098 erat.
2617 1046 2744 1099 Post
2798 1059 3009 1098 coenam
3062 1056 3241 1099 autem
3291 1058 3378 1096 ac-

127 1132 258 1198 στῆς
290 1130 537 1199 πρώτης,
568 1132 668 1184 οὐκ
708 1132 814 1185 ἔδει
853 1134 1142 1203 εὑρεθῆναι
1173 1134 1423 1203 ξυμωτὸν
1470 1137 1525 1187 ὲν
1555 1135 1703 1206 οἰκίᾳ.

1804 1149 1957 1208 cepto
1978 1154 2117 1208 pane
2131 1138 2427 1191 benedixit.
2452 1137 2603 1202 Quoi
2624 1153 2743 1191 cum
2765 1146 3111 1206 postcmnam
3132 1138 3374 1201 dixisset,

121 1220 268 1283 τινος
300 1220 497 1274 αὐτῶν.
539 1220 598 1273 Ὀ
623 1221 678 1275 δὲ
702 1223 921 1290 Κύριος,
956 1225 1092 1290 μετὰ
1115 1224 1174 1276 τὸ
1202 1226 1396 1292 φαγεῖν
1419 1224 1477 1277 τὸ
1509 1225 1701 1293 Πάσχα

1803 1250 2017 1289 omnem
2052 1233 2268 1287 sustulit
2310 1234 2655 1287 occasionem
2688 1234 2751 1286 iis
2781 1234 2871 1303 qui
2930 1242 3175 1302 qnmrunt
3217 1248 3377 1285 ocea-

115 1312 477 1381 ὀρθοστάδην,
513 1314 586 1374 ὠς
627 1315 840 1383 εἴρηται
870 1316 1148 1379 πολλάκις,
1184 1320 1278 1369 καὶ
1316 1318 1375 1369 τὸ
1410 1316 1585 1369 πάντα
1616 1333 1701 1369 τε·

1804 1328 1985 1381 sioues
2013 1345 2023 1379 :
2057 1327 2258 1395 quippe
2290 1343 2411 1379 cum
2454 1327 2499 1379 si
2531 1326 2580 1379 id
2610 1334 2735 1378 ante
2769 1342 2977 1379 cuinam
3030 1326 3372 1391 protulisset.

115 1404 274 1456 λέσαι
319 1406 458 1457 κατὰ
491 1407 580 1457 τὸν
633 1411 815 1475 νόμον,
856 1408 992 1476 μετᾶ
1036 1408 1208 1460 ταῦτα
1243 1409 1525 1460 ἀναπεσὼν
1572 1409 1696 1477 ἔφη,

1801 1418 2200 1488 quodammodo
2218 1421 2461 1472 umbram
2496 1417 2682 1471 auxilii
2719 1418 3027 1484 reliquisset
3061 1417 3232 1485 iisqui
3266 1417 3371 1467 liti-

119 1515 137 1546 ι
194 1496 493 1566 Ἐπιθυμίᾳ
522 1497 847 1566 ἐπεθύμησα
877 1499 1035 1552 τοῦτο
1060 1502 1115 1553 τὸ
1145 1500 1330 1570 Πάσχα
1352 1502 1550 1569 φαγεῖν
1580 1502 1700 1570 μεθ’

1804 1526 1932 1582 gare
1958 1520 2231 1577 exoptant,
2288 1510 2597 1563 dicentibus
2628 1515 2752 1562 ante
2771 1524 2984 1570 cmuam
3049 1509 3366 1576 mysterium

114 1590 277 1658 ὑμῶν
318 1592 423 1660 πρὸ
470 1591 561 1643 τοῦ
611 1610 677 1660 με
712 1593 905 1647 παθεῖν
932 1610 944 1623 ·
989 1614 1006 1645 ι
1040 1592 1156 1647 εἶτα
1207 1595 1538 1648 συνεδείπνει
1586 1597 1698 1658 τοῖς

1803 1604 2099 1671 peregisse,
2152 1603 2279 1654 dum
2336 1602 2661 1669 Azymorum
2733 1610 2949 1669 tempus
3044 1600 3371 1663 praeteriret.

108 1683 437 1747 ἀποστόλοις
464 1699 481 1716 ο
517 1684 729 1747 δεῖπνος
752 1685 860 1753 γάρ
894 1684 982 1757 ἦν.
1012 1688 1164 1740 Μετὰ
1205 1688 1260 1740 δὲ
1289 1687 1349 1739 τὸ
1389 1689 1694 1755 δειπνῆσαι,

1804 1692 2011 1746 Idcirco
2041 1690 2173 1743 nihil
2203 1692 2348 1749 novi,
2382 1690 2425 1743 si
2460 1689 2850 1743 fermentatum
2882 1703 3077 1758 panem
3122 1689 3372 1741 Christus

101 1775 296 1829 λαϐὼν
355 1780 443 1829 τὸν
503 1777 666 1843 ἄρτον
728 1778 1040 1847 εὐλόγησεν.
1096 1778 1278 1831 Εἰπὼν
1310 1780 1387 1840 δὲ,
1438 1781 1573 1848 μετὰ
1635 1779 1694 1831 τὸ

1805 1784 2147 1854 sumpsisset,
2204 1794 2257 1837 et
2318 1782 2371 1835 in
2435 1797 2499 1836 eo
2564 1782 2885 1851 mysterium
2923 1783 3243 1849 peregisset.
3271 1782 3374 1835 Sed

104 1869 424 1936 δειπνῆσαι,
475 1871 654 1922 πᾶσαν
700 1871 877 1922 ἀνεῖλε
926 1872 1192 1939 πρόφασιν
1243 1872 1351 1923 τῶν
1393 1874 1691 1941 προφάσεις
1729 1859 1747 1912 Ῐ

1734 1859 1767 1912 Β
1798 1887 1921 1946 post
1950 1892 2160 1930 (mnam
2192 1876 2329 1929 dixit
2355 1890 2370 1940 ;
2395 1890 2519 1928 nam
2560 1874 2835 1929 sublatum
2895 1873 3220 1927 fermentum
3258 1883 3377 1927 erat

99 1960 438 2028 ζητούντων.
483 1962 543 2013 El
592 1963 699 2031 γὰρ
754 1961 906 2030 ἔλεγε
951 1963 1055 2031 πρὸ
1103 1963 1197 2015 τοῦ
1246 1964 1555 2033 δειπνῆσαι,
1592 1981 1689 2015 κα-

1789 1968 2067 2023 Pasehatis
2096 1976 2360 2035 tempore,
2395 1982 2494 2020 nec
2530 1980 2700 2035 usque
2732 1965 3106 2035 reperiebatur
3134 1973 3252 2034 post
3273 1975 3378 2018 trr-

99 2050 333 2103 τέλιπεν
362 2052 427 2105 ἂν
454 2052 613 2105 σκιὰν
647 2053 898 2124 βοηθείας
928 2057 1035 2116 τοῖς
1080 2054 1421 2124 βουλομένοις
1465 2056 1686 2126 ἐρίζειν,

1791 2060 1913 2114 tiam
1943 2058 2130 2111 horam
2163 2057 2269 2111 diei
2305 2056 2469 2123 illius,
2497 2057 2546 2110 in
2568 2072 2674 2126 qua
2693 2072 2917 2125 vespere
2944 2056 3151 2111 Pascha
3183 2058 3377 2109 immo-

98 2145 364 2213 λέγουσιν
392 2148 473 2199 ὅτι
506 2148 610 2217 πρὸ
644 2149 736 2201 τοῦ
763 2149 978 2202 δείπνου
1028 2152 1247 2218 ἐποίησε
1280 2152 1339 2205 τὸ
1366 2155 1688 2221 μυστήριον,

1795 2152 2028 2206 labatur.
2066 2149 2222 2205 lluuc
2280 2165 2482 2204 morem
2542 2165 2712 2218 usque
2738 2150 2804 2203 ad
2854 2151 2991 2203 hanc
3021 2150 3162 2203 diem
3199 2148 3371 2203 Jndmi

92 2242 159 2293 ἐν
220 2243 288 2310 τῇ
344 2242 463 2311 ὥρᾳ
500 2243 598 2310 τῆς
651 2230 973 2311 ἀπαλλαγῆς
1023 2242 1118 2295 τοῦ
1178 2242 1409 2311 ἀζύμου.
1460 2243 1570 2294 Καὶ
1603 2242 1689 2293 διά

1790 2255 2033 2300 servant.
2112 2244 2265 2298 Unde
2299 2251 2477 2296 autem
2536 2243 2771 2311 sumpsit
2806 2242 3037 2311 panem?
3071 2242 3142 2295 Ex
3182 2258 3368 2296 mensa

93 2331 292 2395 τοῦτο,
325 2333 473 2385 οὐδὲν
509 2333 717 2397 καινὸν,
756 2334 804 2387 εἰ
853 2336 945 2387 καὶ
980 2334 1207 2404 ἔνζυμον
1238 2337 1400 2404 ἄρτον
1442 2334 1630 2388 ἐλαῦεν
1657 2336 1684 2387 ὁ

1786 2340 1873 2395 ubi
1897 2338 2277 2392 comedebant.
2302 2335 2442 2402 Quid
2462 2338 2821 2391 comedebant
2841 2337 2864 2388 ?
2884 2338 3098 2406 Azyma.
3131 2339 3368 2404 Accepto

88 2426 367 2493 Χριστὸς,
402 2426 494 2478 καὶ
543 2427 603 2478 τὸ
635 2428 934 2496 μυστήριον
961 2428 1308 2481 ἀπετέλεσεν.
1353 2428 1511 2480 Ἀλλὰ
1547 2427 1683 2496 μετὰ

1785 2446 1916 2485 vero
1941 2444 2078 2498 pane
2101 2429 2190 2496 qui
2233 2443 2291 2482 se
2339 2428 2541 2481 obtulit
2578 2428 2633 2480 in
2679 2442 2866 2481 mensa
2907 2428 3020 2489 illa,
3052 2428 3368 2498 mysterium

80 2520 155 2571 τὸ
195 2518 490 2587 δειπνῆσαι
526 2515 700 2574 εἶπεν.
743 2519 1082 2573 Ἀπελθοῦσα
1117 2521 1224 2591 γὰρ
1268 2515 1333 2590 ἦν
1365 2523 1396 2591 ἡ
1447 2520 1593 2589 ζύμη
1626 2522 1683 2572 ἐν

1785 2522 1962 2575 tradit.
1992 2520 2304 2585 Qualisnam
2340 2520 2542 2589 panis?
2574 2521 2835 2589 Azymus.
2886 2518 3002 2572 Non
3034 2520 3179 2571 enim
3204 2534 3371 2587 opor-

78 2613 157 2681 τῇ
199 2611 325 2682 ὥρᾳ
357 2612 450 2666 τοῦ
485 2613 700 2681 Πάσχα,
730 2614 825 2665 καὶ
851 2613 1087 2682 οὐδαμοῦ
1119 2614 1402 2680 εὑρίσκετο
1449 2614 1557 2667 άπὸ
1582 2613 1681 2682 τῆς

1783 2614 1925 2669 tehat
1970 2614 2133 2666 alium
2193 2612 2403 2676 adesse,
2462 2612 2720 2680 quoniam
2772 2611 2944 2679 legale
2990 2610 3200 2664 Pascha
3244 2625 3363 2676 per-

79 2703 299 2774 τρίτης
328 2702 477 2771 ὥρας
507 2704 606 2772 τῆς
633 2705 845 2775 ἡμέρας
869 2705 1084 2773 ἐκείνης
1117 2705 1238 2759 καθ’
1268 2706 1334 2775 ἣν
1360 2705 1493 2776 πρὸς
1519 2706 1677 2758 ἑσπέ-

1788 2707 2069 2778 agebatur,
2107 2713 2160 2758 et
2196 2708 2398 2774 Azyma
2437 2712 2615 2764 erant,
2651 2701 2779 2770 quia
2810 2702 3195 2770 incipientibus
3227 2702 3367 2771 Αιγ-

81 2808 208 2861 ραν
240 2794 306 2844 τδ
332 2794 519 2860 Πάσχα
550 2793 738 2846 ἐθύετο
754 2803 774 2824 ’⁸
805 2793 945 2846 οὕτω
983 2793 1088 2863 γὰρ
1116 2795 1209 2848 καὶ
1246 2795 1405 2865 μέχρι
1435 2796 1534 2863 τῆς
1580 2796 1677 2864 σή-

1788 2798 1915 2860 mis,
1932 2797 2439 2861 locum,secundum
2469 2795 2658 2865 legem,
2680 2794 3001 2847 fermentata
3018 2808 3122 2847 non
3147 2792 3370 2848 habent.

71 2901 272 2954 μερον
324 2884 372 2937 οἱ
422 2885 661 2938 Ἰουδαῖοι
712 2884 977 2939 ποιοῦσιν.
1035 2885 1235 2939 Ἐλαόε
1274 2885 1319 2937 δ’
1381 2886 1567 2956 ἄρτον,
1606 2887 1806 2955 πόΘεν;
1875 2888 1970 2939 Ἐκ
2028 2889 2127 2956 τῆς
2177 2884 2457 2956 τραπέζης
2525 2884 2609 2955 ἐφ’
2636 2877 2702 2946 ἦς
2726 2884 2937 2956 ἢσθιον.
2965 2884 3029 2935 Τί
3059 2884 3113 2936 δὲ
3145 2882 3371 2953 ἧτθιονς

75 2978 347 3047 ’Δζυμα.
382 2978 577 3032 Δαόὼν
605 2979 661 3032 δὲ
693 2979 784 3033 τὸν
831 2980 1216 3050 παρατυχόντα
1248 2980 1411 3050 ἄρτον
1467 2984 1532 3052 τῇ
1600 2984 1849 3054 τραπέζῃ
1912 2984 2114 3054 ἐκείνῃ,
2162 2982 2499 3052 παραδίδωσι
2563 2982 2624 3033 τὸ
2689 2982 3010 3049 μυστήριον.
3046 2980 3141 3041 Τίς
3180 2978 3234 3031 δὲ
3264 2974 3371 3047 ἧνς

70 3077 368 3143 νᾹξυμος.
406 3076 478 3128 Οὐ
505 3075 615 3146 γὰρ
650 3076 880 3145 ὠφειλεν
912 3079 1068 3143 ἄλλος
1102 3077 1263 3144 εἶναι,
1296 3082 1418 3132 ἐπεὶ
1475 3080 1537 3131 τὸ
1584 3081 1810 3150 νομικὸν
1838 3080 2069 3133 ἐτελεῖτο
2101 3081 2314 3148 Πάσχα,
2347 3080 2438 3131 καὶ
2468 3078 2535 3131 τά
2569 3076 2794 3147 Ἀζυμα
2820 3071 2981 3147 ἦσαν.
3028 3072 3374 3145 Ἀρξαμένων

60 3171 196 3241 γὰρ
229 3169 341 3223 τῶν
386 3170 653 3240 Ἀζύμων,
680 3171 778 3225 οὐκ
835 3170 1017 3240 ἔχουσι
1083 3170 1270 3242 χώραν
1329 3172 1398 3225 τά
1450 3176 1655 3243 ενζυμα
1691 3173 1832 3227 κατά
1858 3173 1949 3226 τὸν
1984 3174 2170 3243 νόμον.

861 3264 932 3317 Δ’.
1714 3272 1757 3329 c
2522 3263 2611 3319 IV.

165 3351 347 3404 ’Λλλὰ
374 3351 426 3403 τί
464 3369 627 3419 φασιν
656 3354 702 3404 οξ
732 3354 985 3408 τάναντία
1016 3355 1338 3426 φρονοῦντες
1363 3373 1376 3419 ;
1408 3356 1483 3408 Οὐ
1515 3355 1675 3409 τοῦτο

1847 3359 1916 3414 At
1976 3358 2104 3426 quid
2160 3356 2398 3410 aﬁ'erunt
2477 3357 2570 3425 qui
2624 3364 2810 3409 contra
2851 3352 3137 3409 sentiunt?
3172 3349 3289 3405 Non
3316 3350 3366 3403 id

50 3440 139 3514 ἦν
193 3444 272 3494 τὸ
314 3444 536 3512 νομικὸν
589 3445 779 3513 Πάσχα
807 3461 820 3475 ·
850 3448 1027 3499 πάντα
1076 3446 1304 3515 ὤφειλον
1358 3444 1497 3502 εῖναι
1534 3450 1674 3503 ὀπτὰ

1775 3457 1892 3503 erat
1924 3450 2094 3517 legale
2153 3446 2394 3511 Pasoha;
2434 3446 2617 3499 omnia
2652 3447 2924 3499 debebant
2954 3458 3074 3499 esse
3101 3458 3227 3497 assa
3262 3442 3368 3511 igni

56 3539 232 3604 πυρὶ
270 3528 363 3585 καὶ
393 3535 600 3603 ἄζυμα,
623 3538 678 3587 ὲν
706 3537 880 3606 τούτῳ
907 3538 986 3602 δὲ,
1017 3541 1110 3590 καὶ
1142 3539 1344 3607 ζωμὸς,
1374 3541 1467 3591 καὶ
1497 3541 1668 3607 ἄρτοι,

1773 3552 2050 3614 etazyma,
2079 3554 2243 3610 atque
2266 3542 2319 3593 iu
2343 3556 2407 3593 eo
2431 3540 2676 3609 suutjus,
2714 3540 2885 3607 panis,
2907 3538 3097 3600 catini,
3149 3538 3366 3589 vinum:

41 3629 168 3681 καὶ
208 3626 470 3695 τρυϐλία,
506 3627 597 3679 καὶ
653 3622 793 3690 οῐνος
819 3644 831 3657 ⁸
878 3628 1017 3681 ὥστε
1054 3630 1113 3681 οὐ
1167 3630 1323 3685 τοῦτο
1368 3626 1455 3699 ἦν.
1489 3631 1675 3683 Ταῦτα

1776 3637 1957 3704 itaque
2014 3650 2119 3687 non
2156 3634 2282 3687 illud
2330 3642 2465 3686 erat.
2509 3632 2645 3685 Cum
2707 3632 2824 3686 haec
2856 3631 3069 3693 dicunt,
3111 3629 3367 3683 videntur

42 3722 367 3787 λέγοντες,
420 3719 660 3772 ἐοίκασιν
718 3721 777 3771 ἓν
828 3721 921 3773 καὶ
958 3723 1123 3775 ταυτὸ
1170 3720 1306 3775 εἶναι
1362 3723 1550 3792 Πάσχα
1582 3725 1675 3777 καὶ

1776 3741 1945 3779 unum
1978 3725 2188 3780 etidem
2239 3724 2443 3777 Pascha
2490 3734 2546 3777 et
2597 3738 2773 3777 creua.
2826 3722 3055 3777 Sed‘non
3080 3731 3186 3787 est;
3244 3736 3366 3774 mm

36 3817 328 3867 δεῖπνον.
375 3812 519 3865 Ἀλλ’
546 3814 647 3865 οὐκ
677 3812 825 3866 εστιν
849 3830 863 3846 ο
893 3813 1020 3867 ἄλλο
1050 3816 1158 3884 γὰρ
1190 3816 1400 3885 Πάσχα,
1427 3818 1519 3868 καὶ
1543 3817 1673 3870 ἄλλο

1776 3818 1919 3871 aliud
1973 3829 2051 3871 est
2107 3816 2337 3881 Pascha,
2407 3815 2551 3869 aliud
2612 3829 2790 3875 creua,
2846 3823 2905 3866 ut
2980 3811 3196 3867 dictum
3263 3822 3366 3866 est.

34 3907 332 3968 δεῖτε-λος,
367 3904 443 3967 ὡς
494 3903 733 3975 εἴρηται.
780 3905 868 3958 Ἐν
901 3906 1011 3976 γὰρ
1059 3906 1137 3976 τῷ
1175 3907 1363 3977 Πάσχα
1413 3914 1504 3965 καὶ
1539 3910 1671 3978 ἡμῖν

1778 3908 1833 3962 In
1866 3908 2125 3962 Paschatc
2157 3908 2303 3962 enim
2342 3908 2508 3974 (quod
2562 3922 2590 3959 a
2626 3905 2785 3959 nobis
2826 3917 2967 3973 sepe
3032 3904 3145 3972 jam
3196 3917 3369 3970 expo-

27 4000 309 4067 εἴρηται
338 3996 612 4063 πολλάκις,
638 3998 685 4049 εί
708 4000 803 4049 καὶ
831 3998 985 4051 αὐτοὶ
1012 3998 1072 4052 οὐ
1098 4002 1356 4067 συνῆκαν,
1383 4002 1463 4054 ὅτι
1499 4003 1670 4055 πάντα

1776 3999 1937 4053 situm
1980 4007 2080 4061 est,
2114 4012 2435 4066 quanquam
2492 3995 2526 4049 ii
2559 4010 2667 4069 non
2730 3993 3123 4063 intellexerint)
3168 4002 3367 4048 cuncta

26 4087 328 4156 ὤφειλον
384 4083 521 4139 εἶναι
571 4089 711 4141 ὀπτὰ
751 4092 885 4159 πυρί
914 4107 927 4121 ’
976 4092 1005 4143 ὅ
1052 4092 1239 4163 ἤσθιον
1289 4095 1539 4157 ἑστῶτες.
1573 4095 1669 4147 Καὶ

1775 4090 2192 4158 0p0rtebatesse
2225 4104 2345 4140 assa
2368 4087 2509 4157 ig'ti;
2546 4087 2688 4155 quod
2708 4085 2916 4141 Pascha
2945 4095 3153 4139 stantes
3184 4100 3368 4139 come.

26 4181 210 4233 αὐτὸ
254 4179 514 4247 ἐποίησεν
543 4180 570 4231 δ
598 4181 850 4248 Χριστὸς,
879 4184 985 4253 πρὸ
1013 4184 1105 4236 τοῦ
1138 4186 1375 4250 δείπνου,
1411 4185 1528 4242 εἷτα
1554 4190 1669 4243 ἀνέ-

1775 4183 1995 4246 debant,
2024 4180 2167 4250 quod
2200 4189 2256 4234 et
2284 4180 2539 4234 Christus
2588 4180 2717 4233 fecit
2766 4188 2891 4232 ante
2955 4193 3202 4241 cmnam;
3246 4187 3369 4247 post

26 4286 260 4321 πεσεν
305 4268 361 4318 ἔν
407 4268 483 4336 τῷ
516 4269 737 4339 δείπνῳ,
779 4272 871 4324 καὶ
907 4274 1096 4343 ἤσθιον
1140 4277 1379 4346 ζωμοὺς,
1417 4282 1508 4331 καὶ
1540 4282 1669 4334 ἄλλα

1776 4275 1831 4327 in
1866 4287 2023 4327 omna
2051 4271 2348 4334 discubuit,
2373 4280 2428 4325 et
2490 4270 2848 4324 comederunt
2882 4269 2973 4334 jus
3000 4278 3053 4322 et
3083 4269 3187 4320 alia
3218 4285 3360 4337 qna:-

26 4362 156 4413 ὅσα.
198 4359 479 4428 ἤρεσκεν.
506 4358 630 4412 Ὀτι
652 4361 709 4413 δὲ
734 4360 796 4414 τὸ
827 4365 1052 4431 νομικὸν
1074 4367 1321 4421 ἐτέλεσεν
1342 4370 1368 4420 ὁ
1395 4371 1669 4442 Δεσπότης

1776 4378 1995 4432 Cunque
2059 4362 2240 4415 libuit.
2309 4360 2461 4425 Quod
2523 4370 2703 4414 autem
2754 4360 2922 4429 legale
2969 4359 3179 4413 Pascha
3243 4368 3358 4412 tum

26 4450 242 4521 ἡμῶν
291 4448 528 4517 Χριστὸς
581 4451 775 4521 Πάσχα
808 4455 953 4520 τότε,
1005 4456 1034 4508 ὁ
1074 4460 1474 4530 χρυσορῤἡμων
1528 4464 1669 4533 Χρυ-

1781 4452 2055 4523 peregerit
2086 4451 2341 4506 Christus
2382 4450 2647 4505 Dominus
2676 4461 2884 4513 noster,
2919 4466 3120 4503 aureus
3183 4449 3357 4502 Joan-

26 4545 365 4608 σόστομος
397 4543 735 4612 μαρτυρήσει
762 4546 939 4611 τοῦτο,
973 4550 1031 4602 ἐν
1060 4552 1125 4619 τῇ
1161 4552 1520 4624 προλεχθείσῃ
1547 4556 1669 4622 ὁμι-

1713 4610 1742 4624 λ
1777 4558 1874 4599 nes
1899 4544 1949 4597 id
1988 4542 2271 4595 testabitur
2303 4540 2354 4592 in
2384 4541 2608 4593 homilia
2637 4540 2911 4594 antedicta
2940 4542 2991 4593 iu
3069 4540 3356 4607 evangeli-

26 4637 158 4704 tz'q.
233 4632 333 4693 είς
380 4632 473 4684 τὸν
522 4610 913 4706 εὐαγγελιστὴν
958 4610 1271 4694 Ματίλατονο
1323 4610 1624 4716 λὶἑγειιιγάρ
1652 4664 1667 4679 ’

1721 4611 1747 4665 ⁵
1778 4647 1915 4690 stam
1939 4633 2247 4687 Matthaaum
2274 4648 2288 4695 ;
2323 4632 2454 4686 dicit
2475 4632 2657 4685 enim:
2689 4650 2706 4683 ι
2734 4631 2865 4685 Post
2896 4632 3083 4701 legalis
3112 4631 3364 4685 Pascha-

26 4748 31 4777 :
95 4722 321 4778 ΒΙετὰ
355 4722 410 4774 δὲ
446 4722 508 4775 τὸ
542 4727 737 4791 φαγεῖν
773 4728 832 4779 τὸ
890 4737 1115 4798 νομικὸν
1165 4733 1378 4802 Πάσχα,
1443 4736 1669 4803 παραδί-

1779 4730 1847 4782 tis
1902 4742 2056 4781 esum
2108 4726 2427 4796 mysterium
2486 4724 2669 4777 tradit.
2714 4744 2732 4774 ι
2799 4723 2854 4777 Id
2903 4735 2958 4777 et
2988 4725 3361 4777 Damascenus

26 4836 177 4870 ,ωσι
226 4814 314 4866 τὸ
373 4816 689 4886 μυστήριον.
727 4838 745 4870 ι
784 4821 954 4874 Τοῦτο
986 4822 1042 4875 δὲ
1095 4826 1188 4877 καὶ
1237 4828 1266 4878 ὁ
1315 4829 1669 4897 Δαμασκηνὸς

1776 4824 2015 4879 Joannes
2044 4822 2115 4875 24
2148 4822 2321 4890 capite
2358 4819 2678 4888 Theologiw,
2715 4819 2807 4887 qui
2846 4819 3061 4887 incipit,
3122 4834 3140 4869 ι
3179 4815 3361 4870 Battus

26 4908 387 4966 Ἰωάννης.
434 4908 492 4958 ὲν
538 4907 617 4975 τῷ
673 4911 899 4980 εἰκοστῷ
949 4916 1196 4985 τετάρτῳ
1253 4919 1530 4988 κεφαλαίῳ
1567 4921 1669 4973 τῶν

1780 4927 1833 4970 et
1869 4915 2092 4969 omnino
2125 4918 2320 4977 bonus,
2372 4926 2425 4967 et
2453 4927 2621 4982 super
2642 4910 2827 4965 omnia
2899 4910 3077 4963 bonus
3114 4907 3281 4973 Deus,
3335 4926 3352 4957 ι

26 4998 489 5068 θεολογικῶν,
522 4994 636 5072 οὗὴ
668 5004 828 5075 ἀρχὴ,
864 5024 883 5057 ι
925 5007 986 5060 ’0
1010 5009 1213 5076 ἀγαθὸς
1236 5013 1330 5064 καὶ
1365 5014 1669 5081 πανάγαθος

1784 5016 1907 5075 post
1961 5005 2063 5058 alia
2112 5003 2382 5072 quaedam,
2448 5003 2616 5057 dicit:
2679 5022 2697 5054 ι
2746 5002 2801 5055 lu
2868 5002 3149 5056 cmnaculo
3195 5000 3357 5070 igitur

34 5102 115 5156 αὶ
196 5094 583 5163 ὑπεράγαθος
612 5097 765 5161 Θεὸς.
808 5117 826 5150 ι
856 5100 995 5166 μετά
1032 5104 1264 5155 τινακαὶ
1304 5104 1439 5157 ἄλλα
1485 5106 1672 5172 φησὶν,

1779 5103 1982 5150 sanctae
2043 5105 2095 5148 et
2130 5093 2381 5163 gloriosae
2425 5092 2556 5146 Sion
2634 5095 2914 5162 antiquum
2964 5091 3173 5145 Pascha
3227 5107 3350 5145 cum

75 5193 211 5246 Ἐν
245 5184 347 5251 τῷ
370 5185 608 5255 ὑπερῴῳ
633 5189 815 5242 τοίνυν
840 5191 939 5258 τῆς
970 5193 1129 5259 ἁγίας
1150 5198 1242 5247 καὶ
1269 5196 1480 5260 ἐνδόξου
1510 5197 1666 5262 Σιὼν,

1782 5188 2142 5250 comedisset,
2171 5193 2225 5239 et
2255 5196 2409 5240 vetus
2437 5186 2847 5239 Testamentum
2902 5199 3066 5238 omne
3112 5184 3350 5251 comple-

26 5288 61 5340 ὸ
118 5274 419 5335 παλαιὸν
446 5277 634 5345 Πάσχα
668 5281 807 5347 μετὰ
831 5280 937 5334 τῶν
975 5284 1233 5353 μαθητῶν
1260 5286 1423 5338 αὑτοῦ
1456 5287 1667 5355 φαγὼν,

1774 5281 1959 5341 visset,
2028 5277 2417 5345 discipulorum
2467 5278 2629 5343 pedes
2691 5276 2883 5328 abluit.
2923 5293 2940 5325 ι
2987 5275 3155 5328 Audis
3194 5275 3340 5343 quod

32 5382 114 5431 αἱ
178 5368 530 5435 πληρώσας
560 5370 658 5440 τὴν
683 5372 921 5425 παλαιάν
957 5377 1136 5427 πᾶσαν
1164 5379 1458 5446 Διαθήκην,
1492 5381 1668 5431 νίπτεε

1774 5379 1927 5425 vetus
1976 5368 2180 5422 Pascha
2201 5367 2516 5422 comedebat
2550 5367 2802 5421 Christus
2827 5367 2848 5419 ?
2871 5366 3156 5431 Quomodo
3212 5367 3351 5419 dicis

26 5469 158 5527 οὺς
197 5457 411 5519 πόδας
436 5459 544 5511 τῶν
574 5460 851 5529 μαθητῶν.
892 5481 911 5514 ι
953 5465 1215 5530 Ἀκούεις,
1241 5468 1322 5519 ὅτι
1356 5468 1413 5520 τὸ
1442 5467 1669 5522 παλαιὸν

1783 5463 1834 5517 id
1860 5461 2154 5530 legitimum
2212 5461 2419 5515 Pascha
2468 5474 2577 5511 non
2625 5458 2780 5512 esse?
2826 5456 3023 5524 Ignoro
3082 5458 3227 5509 enim
3283 5472 3348 5509 au

26 5562 258 5625 'jaxa.
317 5546 523 5615 ιφαγεν
553 5552 581 5601 ὀ
612 5552 883 5622 Χριστός;
914 5556 1035 5618 Πῶς
1066 5557 1169 5627 φῂς
1214 5558 1294 5610 ὅτι
1328 5558 1387 5611 οὐ
1419 5558 1575 5611 τοῦτο
1606 5556 1669 5631 ἦν

1784 5552 2017 5606 sitaliud
2053 5552 2287 5621 priscum
2320 5550 2549 5613 Pascha,
2595 5558 2651 5603 et
2684 5550 2827 5602 aliud
2879 5548 3064 5617 legale.
3091 5544 3246 5612 Quod
3305 5548 3349 5602 si

26 5658 48 5707 5
100 5637 448 5712 νομικόν;
479 5639 592 5692 Οὐκ
623 5636 739 5695 οῐδα
788 5644 897 5715 γὰρ
931 5646 979 5698 εί
1014 5646 1140 5701 ἄλλο
1173 5648 1286 5701 ἐστὶ
1319 5649 1381 5701 τὸ
1421 5649 1668 5714 παλαιὸν,

1782 5651 1901 5720 quis
1918 5650 2059 5705 dicat
2076 5649 2242 5720 quod,
2262 5649 2361 5704 etsi
2381 5648 2587 5704 Pascha
2604 5660 2846 5719 paratum
2869 5648 2884 5703 Ι
2892 5650 2989 5717 uit,
3014 5665 3121 5704 non
3159 5664 3354 5703 secun-

78 5829 150 5859 υ
194 5822 384 5876 Luc.
420 5828 556 5883 χχιι,
595 5816 679 5873 l5.
