4160 6424
171 359 297 424 1235

670 357 827 418 PRO
873 354 1081 417 CONC.
1120 354 1496 416 FLOHENT.
1544 352 1705 417 CAP.
1747 354 1827 414 II.
1854 354 1965 417 DF.
1983 350 2236 417 AZYMO
2265 351 2360 415 ΕΤ
2404 350 2940 415 FERMENTATO.

3278 347 3413 409 1206

164 478 256 546 τῆς
290 475 379 531 διὰ
408 476 509 545 τῆς
544 473 811 545 Ἐρυθρᾶς
838 472 1115 541 θαλάσσης
1143 469 1465 534 διαϐάσεως,
1491 469 1603 523 ’καὶ
1632 466 1728 534 τῆς

1850 468 1971 521 'iam
1998 467 2306 531 revocabat,
2369 477 2421 518 et
2474 464 2542 518 ab
2594 462 2907 533 Egyptiaca
2962 457 3217 512 servitute
3275 458 3404 510 libe-

162 566 471 636 ἐλευθερίας
518 565 616 632 τῆς
659 565 717 617 ὲν
754 564 1014 632 Αἰγύπτῳ
1062 560 1239 614 αὐτῶν
1280 559 1544 619 δουλείας.
1582 556 1728 625 Λῦτη

162 659 215 712 δὲ
247 660 281 727 ή
312 658 431 711 θεία
456 659 548 713 καὶ
584 657 703 727 ἱερὰ
728 656 977 726 τράπεζα
1033 653 1255 723 μνήμην
1284 651 1406 718 ἄγει
1439 650 1532 703 τοῦ
1564 666 1735 717 σωτη-

169 750 276 818 ρίου
319 749 516 819 ἀμνοῦ,
566 750 659 802 τοῦ
695 747 824 801 Υίοῦ
882 746 976 799 τοῦ
1008 744 1165 809 Θεοῦ,
1220 744 1312 798 τοῦ
1355 745 1602 812 αἴροντος
1635 742 1735 810 τήν

161 842 432 911 ἁμαρτίαν
461 840 556 894 τοῦ
594 841 803 910 κόσμου
823 856 838 871 ο
875 838 934 901 ὃς
963 838 1272 891 διεϐίϐασεν
1302 839 1451 907 ήμᾶς
1503 837 1604 888 οὐκ
1639 834 1738 887 ἀπ’

162 934 439 1001 Αἰγύπτου
467 933 603 1003 πρὸς
634 932 734 1003 τὴν
766 932 1007 998 ἐπίγειον
1052 927 1429 998 Ἰερουσαλὴμ,
1480 926 1591 978 ἀλλ’
1628 923 1736 977 ἀπὸ

166 1024 259 1079 τοῦ
291 1026 521 1079 θανάτου
558 1024 695 1094 πρὸς
745 1024 842 1087 τὴν
872 1020 1039 1091 ζωὴν,
1091 1021 1184 1072 καὶ
1236 1018 1345 1072 ἀπὸ
1394 1018 1493 1086 τῆς
1528 1020 1629 1086 γῆς
1659 1019 1740 1079 είς

165 1116 255 1169 τὸν
279 1115 531 1185 οὐρανὸν,
565 1116 666 1181 τήν
696 1113 895 1182 ἄφεσιν
934 1111 1043 1165 τῶν
1077 1109 1365 1180 ἁμαρτιῶν
1394 1109 1549 1179 ήμῶν
1579 1126 1738 1179 χαρι-

165 1209 410 1278 ζόμενος.
446 1209 554 1262 Καὶ
597 1208 787 1261 τούτου
817 1209 1026 1277 μάρτυς
1083 1205 1111 1256 ό
1156 1205 1317 1267 αὐτὸς
1355 1203 1740 1274 Χρυσόστομος

164 1298 529 1370 ἐξηγούμενος
561 1297 719 1352 τοῦτο
765 1295 917 1362 αὐτὸ,
960 1299 1018 1349 ὲν
1047 1297 1115 1365 τῇ
1162 1296 1298 1365 αὐτῇ
1346 1293 1536 1362 ὁμιλίᾳ
1559 1308 1573 1323 ο
1606 1289 1741 1360 φησὶ

168 1392 299 1461 γὰρ,
345 1410 364 1443 ι
421 1393 533 1446 Οὐκ
586 1392 995 1460 ἐθορυϐήθησαν
1047 1389 1095 1441 oi
1150 1387 1408 1457 μαθηταὶ,
1452 1384 1739 1445 ἀκούοντες

167 1483 416 1551 λὲγοντος
473 1485 658 1545 αὑτοῦ,
690 1482 862 1536 Τοῦτό
910 1482 1029 1533 ἐστι
1063 1479 1123 1532 τὸ
1164 1478 1327 1548 σῶμά
1356 1493 1461 1546 μου
1486 1492 1501 1508 ο
1552 1474 1740 1541 ἐπειδὴ

169 1572 341 1625 πολλὰ
373 1577 466 1628 καὶ
497 1574 703 1643 μεγάλα
737 1587 864 1641 περι
890 1571 1079 1624 τούτου
1115 1568 1425 1639 ἔμπροσθεν
1456 1567 1638 1625 αὐτοῖς
1670 1559 1741 1632 ἦν

166 1664 484 1734 διαλεχθεὶς,
517 1666 699 1726 καθὼς
746 1666 803 1717 ὲν
851 1663 1130 1732 διαφόροις
1180 1660 1367 1722 τόποις
1416 1661 1444 1711 ὁ
1484 1657 1740 1724 Ἰωάννης

170 1757 342 1825 φησί·
377 1757 523 1821 λέγει
552 1756 607 1809 δὲ
642 1758 736 1825 τήν
781 1757 961 1809 αἰτίαν
995 1753 1090 1807 τοῦ
1146 1753 1374 1815 πάθους,
1413 1750 1521 1804 τῶν
1544 1735 1741 1818 ’ἁμαρ-

1840 559 2127 612 rationem.
2166 557 2288 611 Haec
2326 565 2505 610 autem
2538 555 2719 609 divina
2751 563 2805 608 et
2857 567 3008 607 sacra
3050 565 3236 603 mensa
3264 550 3409 602 salu-

1840 659 2008 703 tarem
2040 664 2239 717 agnum
2272 649 2321 701 in
2364 646 2686 702 memoriam
2725 655 2962 708 revocat,
2996 644 3087 712 qui
3124 642 3213 695 Dei
3249 640 3412 695 Filius

1839 750 1925 795 est
1960 748 2015 794 et
2048 739 2186 794 tollit
2218 749 2437 808 peccata
2475 737 2697 792 mundi:
2735 736 2824 804 qui
2860 753 2965 790 non
3005 737 3196 791 eduxit
3225 751 3327 789 nos
3348 738 3414 789 ab

1839 831 2068 902 Egypto
2098 832 2151 884 in
2185 840 2458 883 terrenam
2488 828 2814 890 Jerusalem,
2844 829 2939 882 sed
2996 844 3023 882 a
3052 836 3228 881 morte
3250 829 3314 881 ad
3337 829 3414 880 vi-

1842 931 1973 986 tam,
1996 922 2088 977 sed
2126 938 2155 976 a
2175 932 2315 976 terra
2345 922 2399 975 in
2428 920 2645 985 caelum,
2663 920 3038 975 remissionem
3057 920 3267 974 donans
3286 935 3416 988 pec-

1841 1025 2106 1070 catorum.
2134 1013 2308 1083 llujus
2333 1012 2408 1067 rei
2434 1014 2590 1067 testis
2634 1013 2773 1066 idem
2796 1012 3220 1083 Chrysostomus
3249 1027 3414 1065 enar-

1842 1122 1969 1161 rans
1996 1106 2253 1162 bocidem
2278 1108 2328 1160 iu
2352 1106 2539 1160 eadem
2565 1107 3211 1174 Iromilia;inquitenim:
3245 1126 3262 1157 ι
3293 1104 3412 1159 Non

1844 1198 2184 1253 conturbati'
2222 1206 2350 1253 sunt
2382 1198 2640 1267 discipuli
2672 1198 2952 1253 audientes
2977 1214 3122 1260 eum,
3150 1199 3241 1266 qui
3266 1198 3413 1252 dice-

1844 1292 1935 1345 bat
1963 1309 1977 1345 :
2010 1290 2122 1344 Hoc
2150 1298 2448 1360 estcorpus
2500 1306 2706 1355 meum,
2741 1309 2758 1340 ι
2823 1291 3079 1358 quoniam
3136 1291 3301 1344 multa
3360 1299 3415 1344 et

1846 1398 2039 1452 magna
2072 1384 2137 1437 de
2170 1382 2272 1437 hoc
2312 1392 2467 1436 antea
2502 1397 2623 1436 cum
2657 1382 2788 1452 ipsis
2817 1381 3170 1443 disseruerat,
3237 1392 3296 1435 ut
3359 1384 3414 1435 in

1850 1473 2084 1528 diversis
2122 1474 2257 1528 locis
2287 1473 2525 1528 Joannes
2552 1474 2657 1539 ait;
2685 1474 2818 1528 dicit
2842 1474 2986 1529 enim
3015 1492 3029 1526 :
3086 1494 3103 1526 ι
3146 1474 3420 1529 Passionis

1842 1579 2085 1629 causam,
2112 1574 2454 1632 peccatorum
2507 1578 2625 1618 esse
2648 1564 3056 1618 remissionem:
3100 1566 3416 1633 sanguinem

1842 1670 1972 1709 vero
2000 1654 2135 1708 Novi
2166 1655 2495 1711 Testamenti
2513 1667 2689 1719 vocat,
2711 1657 2861 1723 quasi
2886 1658 3026 1724 quod
3064 1654 3270 1710 Novum
3315 1654 3420 1710 Te-

1846 1756 2173 1801 stamentum
2210 1750 2507 1803 contineat.
2546 1748 2680 1802 Nam
2742 1750 3196 1817 quemadmodum
3253 1747 3419 1802 Vetus

165 1849 429 1916 τημάτων
453 1847 590 1900 εἶναι
618 1853 715 1914 τὴν
747 1849 960 1916 ἄφεσιν.
984 1842 1135 1915 Αἷμα
1162 1846 1217 1897 δὲ
1238 1843 1443 1910 Καινῆς
1462 1842 1736 1911 Διαθήκης

1850 1856 1970 1894 oves
2005 1841 2275 1896 etiitulos
2332 1842 2537 1905 habuit,
2572 1844 2729 1895 itaet
2754 1843 2856 1895 hoc
2931 1842 3138 1895 Domini
3191 1842 3414 1909 sangui-

170 1939 348 1999 καλεῖ,
373 1939 447 2001 ὡς
475 1939 572 2006 τὴν
591 1938 795 2007 Καινήν
824 1939 1100 2008 Διαθήκην
1124 1934 1367 2005 συνέχον.
1398 1933 1607 2002 Ὠσπερ
1638 1931 1743 2000 γὰρ

172 2034 209 2101 ἠ
264 2031 477 2084 Παλαιὰ
528 2030 775 2098 πρόϐατα
840 2033 933 2085 καὶ
984 2031 1215 2100 μόσχους
1263 2024 1430 2099 εἶχεν,
1482 2024 1746 2079 οὕτωκαὶ

171 2124 318 2194 αὕτη
346 2124 405 2177 τὸ
437 2118 573 2191 αἷμα
603 2124 661 2175 τὸ
692 2123 1041 2175 Δεσποτικόν.
1084 2123 1332 2175 Δείκνυσι
1363 2121 1419 2173 δὲ
1453 2120 1747 2172 κὰντείθεν

166 2218 254 2268 ῖτι
293 2214 477 2286 μέλλει
524 2212 924 2281 ἀποθνήσκειν·
952 2213 1030 2265 διδ
1085 2214 1178 2265 καὶ
1212 2211 1489 2279 Διαθήκης
1534 2212 1746 2281 μέμνη-

162 2326 280 2361 ται.
327 2306 756 2376 Ἀναμιμνήσκει
787 2306 841 2357 δὲ
870 2306 961 2357 καὶ
990 2306 1085 2373 τῆς
1126 2304 1388 2366 Παλαιᾶς,
1420 2303 1606 2371 ἐπειδὴ
1644 2305 1744 2355 κά-

166 2399 327 2469 κείνη
352 2399 418 2450 δι’
455 2397 686 2466 αἵματος
722 2398 1120 2463 ἐγκεκαίνιστο.
1150 2397 1258 2448 Καὶ
1290 2395 1451 2448 πάλιν
1477 2396 1624 2462 λέγει
1651 2394 1745 2446 τοῦ

169 2489 408 2541 θανάτου
441 2489 538 2558 τὴν
566 2488 769 2549 αἰτίαν,
810 2487 980 2555 Ὑπὲρ
1024 2486 1233 2538 πολλῶν
1275 2485 1636 2552 ἐκχυνόμενον
1669 2485 1744 2544 εἰς

165 2582 370 2648 ἔφεσιν
397 2579 699 2647 ἁμαρτιῶν.
726 2579 1072 2630 Τίδιδάσκων
1102 2578 1274 2644 έλεγε,
1313 2595 1331 2627 ι
1364 2576 1529 2629 Τοῦτο
1548 2579 1747 2628 ποιεῖτε

162 2677 251 2736 είς
302 2676 399 2742 τὴν
451 2672 586 2741 ὲμὴν
620 2671 925 2739 ἀνάμνησιν
965 2685 977 2700 ·
1011 2670 1259 2738 καθάπερ
1298 2670 1498 2732 ἐκεῖνο,
1558 2670 1746 2738 φησὶν,

163 2770 408 2819 ἐποιεῖτε
438 2768 516 2827 είς
557 2765 861 2834 ἀνάμνησιν
891 2765 999 2817 τῶν
1032 2767 1089 2816 ὲν
1136 2764 1394 2832 Αἰγύπτῳ
1429 2764 1746 2832 θαυμάτων,

166 2861 319 2913 οὕτω
361 2864 453 2913 καὶ
483 2858 639 2912 τοῦτο
671 2862 748 2919 εἰς
774 2860 874 2925 τὴν
918 2860 1081 2927 ἐμήν.
1123 2858 1331 2909 Ἐκεῖνο
1357 2858 1415 2909 τὸ
1456 2852 1598 2925 αἷμα
1631 2856 1748 2919 ἔξεο

165 2952 314 3021 χῦθη
355 2953 433 3014 είς
466 2951 743 3020 σωτηρίαν
772 2950 879 3001 τῶν
910 2951 1289 3018 πρωτοτόκων,
1319 2949 1474 3002 τοῦτο
1514 2951 1593 3011 εἰς
1619 2950 1749 3014 ἄφε-

162 3060 258 3093 σιν
281 3041 580 3110 ἁμαρτιῶν.
626 3060 642 3090 ι
670 3042 779 3093 Καὶ
805 3040 1053 3109 καθάπερ
1085 3041 1322 3109 Μωῦσῆς
1347 3056 1498 3108 φησι,
1526 3058 1544 3090 ι
1578 3038 1749 3090 Τοῦτο

169 3135 524 3204 μνημόσυνον
556 3133 683 3201 ὑμῖν
729 3131 969 3194 αἰώνιον,
1006 3131 1147 3184 οὕτω
1180 3133 1272 3185 καὶ
1314 3134 1381 3184 αὑ
1396 3132 1498 3195 τὸς,
1530 3132 1617 3192 Ei;
1652 3131 1746 3201 τὴν

165 3224 317 3295 ιμήν
350 3224 675 3293 ἀνάμνησιν,
711 3223 814 3285 ἕως
845 3222 909 3275 ἃν
951 3225 1382 3292 παραγένωμαι·
1422 3223 1609 3291 Πάσχα
1642 3223 1747 3291 γὰρ

168 3318 541 3387 παραδίδωμι,
561 3316 627 3369 δι’
644 3310 705 3367 οὗ
732 3317 909 3384 μέλλω
930 3319 1333 3385 πνευματικοὺς
1357 3317 1499 3384 ὑμᾶς
1518 3316 1715 3367 ποιεῖν.
1732 3332 1750 3364 ι

167 3409 452 3471 ’Ἠκουσας
474 3408 525 3461 τί
553 3408 712 3460 τοῦτο
753 3408 900 3477 δηλοί
931 3408 1012 3469 τὸ,
1060 3426 1078 3459 ι
1120 3408 1205 3476 ἐφ’
1255 3410 1446 3477 ἑτέραν
1475 3407 1751 3478 τράπεζαν

164 3502 690 3573 φμκωδεστάτηνμ
721 3501 846 3552 ’Ὁτι
868 3503 1049 3553 ἐκεῖνα
1101 3501 1471 3570 μὲν⁶σαρκικὰ
1522 3503 1614 3552 καὶ
1659 3500 1755 3565 τῆς

155 3593 448 3666 τραπέζης
466 3593 680 3661 ἐκείνης
702 3594 963 3661 ὑπῆρχον,
982 3592 1082 3645 ταῦ
1092 3610 1153 3645 τα
1169 3594 1224 3645 δὲ
1241 3596 1596 3663 πνευματικά·
1620 3597 1707 3650 ἐκε
1720 3601 1757 3650 ἰ·

160 3707 239 3741 να
291 3687 482 3757 ὁρατὰ,
519 3685 689 3740 ταῦτα
730 3686 935 3750 ἀόρατα
962 3688 1051 3738 καὶ
1086 3686 1327 3755 ἄχραντα
1356 3691 1628 3759 μυστήρια
1654 3710 1665 3720 ’
1704 3690 1754 3744 εἰ

156 3783 266 3833 καὶ
288 3779 474 3849 χερσὶν
496 3779 683 3849 ίερέων
697 3778 763 3831 δι’
785 3779 963 3847 ἄκραν
979 3780 1141 3833 αὑτοῦ
1167 3781 1476 3851 ἀγαθότητα
1501 3801 1756 3853 μεταχει-

158 3872 437 3945 [ίζονται.
471 3873 575 3924 Καὶ
600 3872 678 3925 ὅτι
718 3875 919 3936 ἐκεῖνα,
955 3874 1017 3925 οὐ
1055 3877 1351 3944 μυστήρια,
1399 3876 1532 3927 ἀλλὰ
1582 3878 1752 3937 τύπος

159 3966 341 4035 μόνον
363 3981 376 3993 '
399 3966 480 4018 ὅτι
495 3966 627 4035 ὅπερ
651 3965 947 4035 ὀφθαλμοῖς
963 3966 1242 4033 ὲϐλέπετο,
1266 3969 1441 4019 έκεῖνο
1474 3969 1631 4035 μόνον
1660 3963 1748 4036 ἧν.

152 4061 359 4112 Ταῦτα
388 4059 467 4125 δὲ,
503 4058 779 4127 μυστήρια
810 4061 901 4111 καὶ
922 4060 982 4110 οὐ
1012 4057 1199 4120 τύπος,
1233 4059 1347 4111 ἀλλ’
1374 4060 1509 4130 αὑτὴ
1538 4062 1569 4127 ή
1621 4060 1754 4129 ἁλή·

150 4149 313 4202 θεια.
370 4148 478 4221 Καὶ
511 4149 592 4200 ὅτι
648 4148 775 4201 ἄλλο
806 4148 867 4197 τὸ
898 4143 1034 4211 εἶδος
1067 4148 1123 4201 τὸ
1153 4149 1371 4217 ὁρατὸν,
1399 4153 1493 4202 καὶ
1529 4148 1654 4204 ἄλλο
1689 4150 1749 4203 τὸ

150 4240 465 4307 νοούμενον
532 4240 590 4291 ὲν
650 4240 854 4301 αὐτοῖς.
900 4240 987 4291 Ἐν
1048 4238 1157 4309 γὰρ
1214 4240 1290 4310 τῷ
1346 4241 1526 4310 ὁρατῷ
1576 4241 1746 4311 ἄρτῳ,

155 4326 570 4402 ἐμπεριέχεται
601 4333 660 4383 τὸ
710 4331 911 4401 ἀληθὲς
944 4332 1039 4384 τοῦ
1076 4334 1280 4401 Κυρίου
1324 4334 1511 4403 σῶμα,
1549 4334 1606 4386 τὸ
1656 4336 1748 4387 καὶ

150 4423 428 4489 ἀγγέλοις
452 4424 633 4480 αὐτοῖς
658 4424 1020 4492 περίϐλεπτόν
1040 4442 1097 4477 τε
1118 4426 1212 4476 καὶ
1241 4426 1438 4493 τίμιον.
1468 4428 1566 4479 Διὰ
1591 4425 1747 4479 τοῦτο

1849 1948 1994 1986 nem.
2030 1932 2166 1988 Hinc
2196 1934 2354 1989 etiam
2372 1934 2516 2004 quod
2552 1936 2951 1989 moriturnsest
2979 1935 3259 2003 patefacit,
3298 1933 3421 1987 ideo

1849 2034 1903 2078 et
1934 2026 2267 2081 Testamenti
2298 2027 2579 2093 meminit;
2608 2028 2889 2097 antiquum
2910 2028 3071 2081 etiam
3128 2029 3180 2080 in
3215 2042 3421 2081 mcmo~

1852 2120 1981 2173 riam
2034 2130 2271 2183 revocat,
2305 2121 2429 2189 quia
2458 2128 2513 2174 et
2564 2120 2616 2174 id
2666 2137 2760 2188 per
2794 2122 3116 2192 sanguinem
3190 2122 3420 2174 innova-

1853 2225 1964 2268 tum
2032 2227 2131 2269 ρει.
2176 2236 2193 2267 ι
2250 2214 2314 2269 Et
2384 2231 2574 2269 rursus
2641 2229 2857 2269 causam
2930 2216 3121 2270 mortis
3174 2216 3418 2284 exponit,

1856 2307 2035 2372 «Quod
2072 2323 2165 2376 pro
2221 2307 2402 2360 multis
2427 2305 2741 2360 eﬂ‘undetur
2774 2306 2827 2358 in
2860 2306 3235 2358 remissionem
3292 2320 3416 2375 pec-

1852 2406 2114 2463 catorum,
2151 2418 2169 2447 ι
2208 2399 2348 2466 quod
2388 2399 2586 2452 docens
2616 2398 2867 2452 dicebat:
2922 2416 2939 2447 ι
2974 2396 3085 2451 Hoc
3138 2396 3297 2452 facite
3365 2398 3419 2451 in

1854 2505 2027 2542 meam
2061 2490 2681 2543 commemorationem:
2721 2499 2777 2544 ut
2814 2491 2942 2543 illud
3006 2491 3056 2542 in
3094 2505 3426 2543 commemo-

1852 2582 2112 2634 rationem
2142 2581 2358 2652 {Egypti
2385 2582 2769 2637 miraculorum
2799 2583 2981 2642 ﬁebat.
3008 2584 3086 2636 sic
3114 2590 3169 2636 et
3226 2584 3326 2636 hoc
3365 2583 3423 2637 in

1852 2688 2048 2734 meam.
2087 2675 2131 2728 is
2171 2675 2391 2743 sanguis
2422 2674 2473 2727 in
2510 2675 2993 2745 primogenitorum
3048 2675 3277 2729 salutem
3338 2674 3423 2728 ef-

1850 2765 2123 2828 fususrst,
2156 2766 2242 2818 hic
2273 2768 2326 2819 in
2360 2768 2736 2820 remissionem
2769 2776 3138 2835 peccatorum.
3177 2786 3194 2819 ι
3230 2766 3329 2822 Ac'
3368 2776 3427 2821 ut

1852 2855 2061 2926 Moyses
2090 2857 2240 2914 dicit.
2275 2876 2292 2907 ι
2332 2856 2444 2911 Hoc
2474 2858 2577 2910 erit
2617 2858 2771 2912 vobis
2798 2857 2851 2911 in
2879 2858 3198 2912 memoriam
3225 2859 3428 2926 sempi-

1853 2954 2058 2999 ternam
2088 2964 2101 2998 :
2144 2963 2161 2993 ›
2192 2946 2268 2998 sic
2302 2954 2356 2999 ct
2385 2947 2518 3013 ipse,
2558 2946 2611 2999 In
2654 2962 2826 3001 meam
2860 2948 3425 3002 commemorationem

1849 3037 2023 3091 donec
2056 3038 2289 3100 veniam;
2367 3036 2572 3091 Pascha
2604 3040 2749 3093 enim
2777 3042 2951 3104 trado,
2990 3057 3091 3109 per_
3138 3042 3282 3109 quod
3331 3056 3427 3095 vos

1851 3132 2158 3200 Spiritpalcs
2195 3131 2437 3184 facturus
2496 3149 2637 3188 sum.
2681 3154 2698 3184 ι
2740 3134 2912 3189 Audis
2957 3136 3087 3203 quid
3118 3124 3221 3190 hoc
3260 3137 3427 3207 signi-

1863 3223 2004 3284 licat,
2038 3243 2055 3274 ι
2087 3224 2151 3277 ad
2186 3224 2344 3278 aliam
2372 3240 2611 3278 mensam
2633 3225 3218 3295 formidabilissimam;
3256 3247 3274 3279 ι
3301 3230 3431 3298 quia

1857 3328 2048 3367 carnea
2090 3315 2175 3367 illa
2220 3316 2362 3369 illius
2415 3332 2615 3369 mensae
2672 3328 2853 3381 erant,
2913 3319 3026 3373 huic
3075 3320 3426 3388 spiritualia;

1859 3408 1947 3461 illa
1971 3409 2224 3471 visibilia,
2251 3410 2365 3464 haec
2392 3412 2679 3466 invisibilia
2709 3421 2763 3466 et
2796 3416 3124 3469 intemerata
3149 3418 3427 3487 mysteria,

1858 3520 2165 3573 quanquam
2192 3506 2535 3559 sacerdotum
2575 3509 2828 3562 manibus
2897 3520 3117 3577 propter
3161 3526 3432 3567 summam

1859 3597 1977 3663 ejus
2004 3597 2302 3649 bonitatem
2330 3606 2654 3654 tractentur.
2690 3598 2756 3651 Et
2789 3601 2912 3668 quia
2945 3601 3031 3653 illa
3083 3617 3192 3655 non
3227 3612 3430 3672 myste-

1860 3690 1957 3753 ria,
1995 3690 2088 3743 scd
2154 3692 2337 3758 figura:
2379 3700 2586 3746 tantum
2616 3709 2629 3757 ;
2663 3693 2787 3762 quia
2820 3695 2870 3746 id
2901 3703 3020 3748 erat
3048 3703 3256 3748 tantum
3285 3696 3429 3763 quod

1858 3780 2031 3836 oculis
2068 3782 2411 3837 cernebatur.
2446 3782 2570 3837 Haec
2605 3800 2735 3839 vero
2772 3787 3049 3854 mysteria,
3080 3802 3187 3839 non
3240 3786 3429 3856 ﬁgura,

1858 3878 1950 3932 sed
1975 3877 2089 3949 ipsa
2124 3881 2341 3935 veritas.
2389 3874 2593 3947 thuia
2617 3876 2759 3930 aliud
2795 3886 2879 3930 est
2911 3876 3141 3931 visibilis
3194 3878 3430 3945 species,

1856 3973 2001 4027 aliud
2032 3972 2174 4042 quod
2204 3987 2299 4041 per
2354 3986 2473 4025 eam
2524 3969 2861 4036 intelligitur.
2938 3967 3068 4022 Nam
3127 3970 3182 4022 in
3233 3970 3431 4023 visibili

1856 4081 2052 4134 panem
2076 4080 2265 4119 verum
2293 4064 2495 4119 Christi
2526 4078 2723 4132 corpus
2747 4064 3078 4127 continetur,
3126 4063 3272 4131 quod
3332 4079 3433 4118 an-

1854 4157 1954 4226 geli
2003 4166 2213 4211 tantum
2261 4157 2448 4211 vident
2479 4164 2534 4208 et
2568 4165 2915 4220 venerantur,
2971 4154 3178 4210 idcirco
3230 4154 3427 4208 formi-

1854 4248 2184 4302 dabilissima
2222 4257 2276 4301 et
2305 4248 2405 4301 alia
2437 4263 2625 4301 mensa
2663 4246 2901 4312 dicitur;
2935 4260 3047 4298 non
3074 4245 3199 4312 quia
3244 4260 3433 4315 azyma

1854 4340 1935 4392 vel
1955 4338 2282 4393 fermentata
2307 4338 2437 4399 sint,
2469 4332 2596 4393 tunc
2619 4340 2761 4391 enim
2785 4338 3032 4392 Christus
3054 4336 3216 4391 Jesus
3239 4338 3307 4391 de
3325 4337 3434 4391 fer-

1855 4434 2094 4479 mentato
2115 4425 2399 4495 velazymo
2428 4440 2533 4478 non
2560 4427 2786 4478 curabat
2808 4443 2823 4490 ;
2849 4427 2942 4479 sed
2968 4424 3290 4493 simpliciter
3316 4437 3436 4477 tan-

154 4514 593 4583 φρικωδεστατη
624 4514 861 4581 λέγεται,
898 4516 989 4568 καὶ
1027 4517 1187 4585 ἑτέρα
1223 4518 1473 4586 τράπεζα
1502 4533 1516 4547 ·
1554 4520 1646 4571 καὶ
1680 4521 1738 4571 οὐ

1852 4530 1963 4573 tum
1984 4521 2051 4573 de
2072 4534 2230 4589 pane,
2259 4532 2314 4573 ut
2337 4535 2495 4573 suum
2516 4520 2828 4588 mysterium
2852 4518 3110 4572 traderet.
3142 4517 3430 4585 Percipite,

144 4606 265 4660 διὰ
302 4607 369 4659 τὰ
437 4607 628 4675 ἄζυμα
661 4608 691 4675 ἢ
721 4607 931 4674 Ενζυμα
966 4609 1233 4676 ὑπάρχειν
1259 4627 1272 4641 ·
1304 4610 1422 4661 οὐδὲ
1451 4610 1558 4680 γὰρ
1591 4628 1745 4680 φρον-

1853 4614 2073 4677 fratres,
2112 4612 2393 4680 perciplte,
2421 4618 2477 4664 at
2514 4625 2795 4679 nunquam
2828 4612 3076 4678 poteritis
3111 4610 3217 4663 nisi
3246 4610 3423 4679 etipsi

143 4700 260 4758 τὶς
317 4692 384 4766 ἦν
446 4696 623 4763 Ἰησοῦ
663 4697 741 4768 τῷ
785 4698 1006 4766 Χριστῷ
1061 4699 1181 4751 τότε
1227 4701 1349 4768 περὶ
1406 4701 1659 4766 ζυμωτοῦ
1716 4702 1745 4769 ἢ

1853 4704 2215 4758 credideritis.
2285 4719 2303 4752 ι
2344 4701 2400 4754 Si
2476 4716 2585 4753 non
2650 4701 3017 4761 credideritis,
3083 4700 3285 4769 inquit,
3320 4714 3429 4753 non

135 4785 489 4856 ἀζυμώτου,
566 4788 704 4843 ἀλλὰ
758 4791 887 4858 περὶ
943 4792 1108 4859 ἄρτου
1167 4791 1328 4859 μόνον
1388 4793 1611 4855 ἁπλῶςο
1668 4794 1745 4847 ἵνα

1854 4790 2190 4861 intelligetis,
2229 4809 2247 4842 ι
2296 4790 2421 4859 quia
2455 4798 2509 4843 et
2533 4804 2634 4843 nos
2656 4804 2779 4843 cum
2838 4789 3193 4853 credidimus,
3265 4790 3432 4842 intel-

133 4878 474 4951 παραδώσῃ
500 4880 664 4933 αὐτοῦ
691 4881 750 4934 τὸ
786 4884 1105 4952 μυστήριον.
1148 4884 1745 4953 Ἐννοήσατε,ἀδελφοὶ,

1857 4884 2125 4937 leximus:
2158 4882 2499 4950 dicimusque
2527 4882 2641 4934 haec
2671 4897 2791 4949 quae
2835 4897 2931 4936 vos
2964 4882 3157 4935 videtis
3197 4892 3251 4934 et
3275 4883 3433 4936 audi-

130 4970 491 5038 ἐννοήσατε.
544 4970 683 5023 Ἀλλ’
730 4971 830 5023 οὐκ
882 4972 947 5024 ἄν
1004 4990 1131 5025 ποτε
1182 4973 1523 5043 δυνηθείητε,
1563 4978 1628 5029 ἂν
1679 4979 1745 5049 μὴ

1857 4976 1964 5040 tis;
2014 4990 2119 5029 non
2150 4976 2292 5028 enim
2323 4989 2384 5026 cx
2444 4972 2715 5036 doctrina,
2760 4975 2855 5027 sed
2918 4988 2987 5028 ex
3039 4973 3146 5027 ﬁde
3199 4976 3432 5028 dicimus

132 5062 272 5116 καὶ
307 5061 463 5113 αὐτοὶ
482 5060 809 5129 πιστεύσητε
838 5077 853 5093 ο
892 5079 909 5112 ι
951 5062 1074 5114 Ἐὰν
1095 5064 1167 5131 μὴ
1197 5064 1542 5133 πιστεύσητε,
1570 5068 1745 5135 φησὶν,

1854 5083 2193 5135 quaecunque
2224 5066 2479 5119 dicimus.
2534 5063 2603 5118 Ut
2649 5075 2829 5120 autem
2895 5069 3260 5132 cognoscatis,
3323 5084 3430 5122 non

124 5151 286 5209 οὐδ’
319 5151 379 5203 οὐ
419 5152 491 5221 μὴ
518 5156 736 5221 συνῆτε.
783 5170 800 5203 ι
846 5154 956 5205 Καὶ
991 5153 1100 5224 γὰρ
1124 5157 1215 5206 καὶ
1242 5157 1400 5223 ἡμεῖς
1428 5158 1745 5210 πιστεύσαν-

1859 5167 2025 5213 totam
2095 5158 2266 5225 legem
2292 5165 2533 5211 veterem
2565 5172 2663 5211 suo
2688 5158 2922 5212 adventu
2977 5157 3254 5213 Christum
3312 5175 3432 5214 sus—

122 5260 290 5305 τες,
322 5243 665 5317 ὲνοήσαμεν,
697 5245 792 5296 καὶ
848 5244 1082 5313 λέγομεν
1120 5244 1291 5298 ταῦτα
1342 5247 1484 5317 ἆπερ
1530 5247 1745 5317 βλέπετε

1860 5252 2079 5314 tulisse;
2142 5250 2235 5303 sed
2284 5250 2387 5303 alia
2448 5249 2516 5303 ad
2580 5251 2769 5305 mitius
2828 5251 3161 5314 traduxisse,
3194 5253 3300 5305 alia
3334 5254 3427 5305 ab-

124 5334 274 5389 κειὶ
306 5333 552 5386 ἀκούετε.
589 5334 661 5386 Οὐ
695 5334 803 5403 γὰρ
838 5337 900 5387 ὲκ
939 5336 1258 5406 μαθήσεως,
1282 5337 1398 5390 ἀλλ’
1425 5340 1489 5390 ἐκ
1522 5339 1745 5401 πίστεως

1861 5340 2113 5403 scidisse,
2146 5341 2250 5394 alia
2288 5342 2609 5396 immutasse
2640 5343 2697 5396 in
2728 5343 2888 5395 aliam
2925 5344 3177 5409 formant,
3211 5355 3265 5397 et
3326 5345 3429 5397 hoc

126 5426 412 5492 λέγομεν
439 5426 539 5478 ὅσα
582 5425 645 5495 δὴ
678 5428 770 5479 καὶ
807 5427 1061 5498 λέγομεν.
1097 5429 1218 5482 Ἵνα
1261 5432 1317 5483 δὲ
1366 5430 1542 5499 γνῶτε
1594 5431 1667 5493 ὡς
1696 5435 1745 5483 οῖ

1869 5434 2255 5501 adjungamus.

126 5515 365 5570 στάντα
403 5515 467 5567 τὰ
495 5514 587 5568 τοῦ
621 5516 854 5569 παλαιοῦ
907 5518 1071 5588 νόμου
1108 5521 1455 5574 κατέπαυσεν
1493 5522 1521 5574 ὁ
1551 5520 1756 5588 Κύριος
1801 5522 1990 5588 ἐλθὼν,
2020 5525 2135 5578 ἀλλ’
2166 5527 2301 5580 ἄλλα
2336 5528 2434 5598 μὲν
2475 5527 2782 5596 ήμέρωσεν,
2838 5527 2969 5580 ἄλλα
3032 5528 3089 5579 δὲ
3155 5527 3427 5598 ηὔξησεν,

132 5613 319 5671 an:
362 5611 408 5664 δ’
441 5609 714 5679 ἀπέκοψεν
739 5648 757 5678 ,
788 5610 926 5666 ἄλλα
955 5615 1001 5667 δ’
1040 5615 1362 5687 ἐμόρφωσεν
1388 5655 1405 5681 ,
1448 5618 1541 5671 καὶ
1582 5619 1752 5672 ταῦτα
1785 5621 2131 5693 προσθῶμεν.

926 5710 1002 5766 Ε’.
2618 5718 2677 5772 ν.

251 5800 511 5873 Τέσσαρα
560 5803 667 5878 γάρ
721 5822 840 5863 τινα
876 5807 1152 5879 περιεῖχεν
1203 5808 1231 5859 ό
1290 5806 1518 5873 παλαιὸς
1568 5808 1745 5879 νόμος,

1931 5811 2065 5866 Nam
2119 5820 2351 5881 quatuor
2380 5813 2742 5884 quwdamlcx
2800 5814 3020 5885 antiqua
3084 5807 3421 5880 continebat,
