  <div class='ocr_page' id='page_1' title='image "/cluster/home/n/w/nwhite01/storage/ocr_20150623/159/nnc1.0046980628/614.png"; bbox 0 0 4160 6424; ppageno 0'>
   <div class='ocr_carea' id='block_1_1' title="bbox 165 388 301 455">
    <p class='ocr_par' dir='ltr' id='par_1_1' title="bbox 165 388 301 455">
     <span class='ocr_line' id='line_1_1' title="bbox 165 388 301 455; baseline -0.015 -1"><span class='ocrx_word' id='word_1_1' title='bbox 165 388 301 455; x_wconf 74' lang='lat'><strong>1209</strong></span> 
     </span>
    </p>
   </div>
   <div class='ocr_carea' id='block_1_2' title="bbox 155 597 1728 681">
    <p class='ocr_par' dir='ltr' id='par_1_2' title="bbox 155 597 1728 681">
     <span class='ocr_line' id='line_1_2' title="bbox 155 597 1728 681; baseline 0.02 -35"><span class='ocrx_word' id='word_1_2' title='bbox 155 597 455 668; x_wconf 79' lang='grc' dir='ltr'>διαρρήδην</span> <span class='ocrx_word' id='word_1_3' title='bbox 502 600 620 673; x_wconf 78' lang='grc' dir='ltr'>βοᾷ.</span> <span class='ocrx_word' id='word_1_4' title='bbox 665 603 825 658; x_wconf 83' lang='grc' dir='ltr'>Ἀλλὰ</span> <span class='ocrx_word' id='word_1_5' title='bbox 860 608 1016 663; x_wconf 82' lang='grc' dir='ltr'>τοῦτο</span> <span class='ocrx_word' id='word_1_6' title='bbox 1054 613 1153 681; x_wconf 77' lang='grc' dir='ltr'><strong>μὲν</strong></span> <span class='ocrx_word' id='word_1_7' title='bbox 1197 615 1298 670; x_wconf 87' lang='grc' dir='ltr'><strong>οὐκ</strong></span> <span class='ocrx_word' id='word_1_8' title='bbox 1331 614 1507 675; x_wconf 80' lang='grc' dir='ltr'>εἶπον.</span> <span class='ocrx_word' id='word_1_9' title='bbox 1543 597 1642 677; x_wconf 63' lang='grc' dir='ltr'><strong>Διά</strong></span> <span class='ocrx_word' id='word_1_10' title='bbox 1673 597 1728 678; x_wconf 78' lang='grc' dir='ltr'>τί</span> 
     </span>
    </p>
   </div>
   <div class='ocr_carea' id='block_1_3' title="bbox 153 687 1724 787">
    <p class='ocr_par' dir='ltr' id='par_1_3' title="bbox 153 687 1724 787">
     <span class='ocr_line' id='line_1_3' title="bbox 153 687 1724 787; baseline 0.02 -49"><span class='ocrx_word' id='word_1_11' title='bbox 153 687 250 756; x_wconf 86' lang='grc' dir='ltr'><strong>δέ;</strong></span> <span class='ocrx_word' id='word_1_12' title='bbox 282 691 426 743; x_wconf 85' lang='grc' dir='ltr'><strong>Διότι</strong></span> <span class='ocrx_word' id='word_1_13' title='bbox 457 693 557 746; x_wconf 85' lang='grc' dir='ltr'><strong>οὐκ</strong></span> <span class='ocrx_word' id='word_1_14' title='bbox 589 689 738 766; x_wconf 73' lang='grc' dir='ltr'><strong>εἶχον</strong></span> <span class='ocrx_word' id='word_1_15' title='bbox 761 700 955 754; x_wconf 78' lang='grc' dir='ltr'>εἰπεῖν.</span> <span class='ocrx_word' id='word_1_16' title='bbox 988 703 1048 755; x_wconf 86' lang='lat' dir='ltr'><strong>El</strong></span> <span class='ocrx_word' id='word_1_17' title='bbox 1077 703 1169 757; x_wconf 80' lang='grc' dir='ltr'>οὖν</span> <span class='ocrx_word' id='word_1_18' title='bbox 1204 709 1450 780; x_wconf 79' lang='grc' dir='ltr'><strong>ἀπείρων</strong></span> <span class='ocrx_word' id='word_1_19' title='bbox 1484 730 1724 787; x_wconf 81' lang='grc' dir='ltr'>προσερ-</span> 
     </span>
    </p>
   </div>
   <div class='ocr_carea' id='block_1_4' title="bbox 157 782 1728 878">
    <p class='ocr_par' dir='ltr' id='par_1_4' title="bbox 157 782 1728 878">
     <span class='ocr_line' id='line_1_4' title="bbox 157 782 1728 878; baseline 0.019 -45"><span class='ocrx_word' id='word_1_20' title='bbox 157 782 402 850; x_wconf 71' lang='grc' dir='ltr'>χομένων</span> <span class='ocrx_word' id='word_1_21' title='bbox 435 783 925 858; x_wconf 65' lang='grc' dir='ltr'>ψευδομαρτύρων,</span> <span class='ocrx_word' id='word_1_22' title='bbox 958 797 1015 849; x_wconf 78' lang='grc' dir='ltr'><strong>ἐν</strong></span> <span class='ocrx_word' id='word_1_23' title='bbox 1046 796 1226 862; x_wconf 78' lang='grc' dir='ltr'>ἄλλοις</span> <span class='ocrx_word' id='word_1_24' title='bbox 1253 801 1353 869; x_wconf 83' lang='grc' dir='ltr'>μὲν</span> <span class='ocrx_word' id='word_1_25' title='bbox 1390 782 1728 878; x_wconf 75' lang='grc' dir='ltr'>μαρτυρούν-</span> 
     </span>
    </p>
   </div>
   <div class='ocr_carea' id='block_1_5' title="bbox 152 878 1725 967">
    <p class='ocr_par' dir='ltr' id='par_1_5' title="bbox 152 878 1725 967">
     <span class='ocr_line' id='line_1_5' title="bbox 152 878 1725 967; baseline 0.022 -45"><span class='ocrx_word' id='word_1_26' title='bbox 152 889 283 967; x_wconf 59' lang='grc' dir='ltr'><strong>Ιτων,</strong></span> <span class='ocrx_word' id='word_1_27' title='bbox 328 878 420 928; x_wconf 78' lang='grc' dir='ltr'><strong>καὶ</strong></span> <span class='ocrx_word' id='word_1_28' title='bbox 468 879 640 931; x_wconf 85' lang='grc' dir='ltr'>ταῦτα</span> <span class='ocrx_word' id='word_1_29' title='bbox 676 881 950 950; x_wconf 77' lang='grc' dir='ltr'>ψευδέσιν,</span> <span class='ocrx_word' id='word_1_30' title='bbox 989 882 1073 940; x_wconf 82' lang='grc' dir='ltr'>ὧν</span> <span class='ocrx_word' id='word_1_31' title='bbox 1105 889 1192 958; x_wconf 79' lang='grc' dir='ltr'><strong>ίση</strong></span> <span class='ocrx_word' id='word_1_32' title='bbox 1225 894 1257 961; x_wconf 84' lang='grc' dir='ltr'><strong>ἡ</strong></span> <span class='ocrx_word' id='word_1_33' title='bbox 1302 901 1574 967; x_wconf 90' lang='grc' dir='ltr'>μαρτυρία</span> <span class='ocrx_word' id='word_1_34' title='bbox 1625 903 1725 956; x_wconf 80' lang='grc' dir='ltr'>οὐκ</span> 
     </span>
    </p>
   </div>
   <div class='ocr_carea' id='block_1_6' title="bbox 149 959 1726 1063">
    <p class='ocr_par' dir='ltr' id='par_1_6' title="bbox 149 959 1726 1063">
     <span class='ocr_line' id='line_1_6' title="bbox 149 959 1726 1063; baseline 0.02 -50"><span class='ocrx_word' id='word_1_35' title='bbox 149 959 238 1030; x_wconf 78' lang='grc' dir='ltr'>ἦν,</span> <span class='ocrx_word' id='word_1_36' title='bbox 272 964 359 1017; x_wconf 74' lang='grc' dir='ltr'>διὰ</span> <span class='ocrx_word' id='word_1_37' title='bbox 398 968 451 1020; x_wconf 90' lang='grc' dir='ltr'><strong>τί</strong></span> <span class='ocrx_word' id='word_1_38' title='bbox 498 971 653 1024; x_wconf 84' lang='grc' dir='ltr'>τοῦτο</span> <span class='ocrx_word' id='word_1_39' title='bbox 688 975 789 1027; x_wconf 88' lang='grc' dir='ltr'><strong>οὐκ</strong></span> <span class='ocrx_word' id='word_1_40' title='bbox 827 973 980 1030; x_wconf 74' lang='grc' dir='ltr'>εἶπον</span> <span class='ocrx_word' id='word_1_41' title='bbox 1033 980 1065 1048; x_wconf 78' lang='grc' dir='ltr'>ἦ</span> <span class='ocrx_word' id='word_1_42' title='bbox 1121 959 1541 1056; x_wconf 63' lang='grc' dir='ltr'>ἔμαρτιὸρῆσαν,</span> <span class='ocrx_word' id='word_1_43' title='bbox 1587 994 1726 1063; x_wconf 76' lang='grc' dir='ltr'>ὅπερ</span> 
     </span>
    </p>
   </div>
   <div class='ocr_carea' id='block_1_7' title="bbox 150 1055 1728 1144">
    <p class='ocr_par' dir='ltr' id='par_1_7' title="bbox 150 1055 1728 1144">
     <span class='ocr_line' id='line_1_7' title="bbox 150 1055 1728 1144; baseline 0.019 -38"><span class='ocrx_word' id='word_1_44' title='bbox 150 1055 540 1123; x_wconf 71' lang='grc' dir='ltr'>ἀναμφιϐόλως</span> <span class='ocrx_word' id='word_1_45' title='bbox 579 1062 810 1117; x_wconf 77' lang='grc' dir='ltr'>θάνατον</span> <span class='ocrx_word' id='word_1_46' title='bbox 860 1067 1075 1123; x_wconf 82' lang='grc' dir='ltr'>ἀπειλεῖ</span> <span class='ocrx_word' id='word_1_47' title='bbox 1101 1075 1213 1135; x_wconf 83' lang='grc' dir='ltr'>τοῖς</span> <span class='ocrx_word' id='word_1_48' title='bbox 1264 1077 1607 1144; x_wconf 76' lang='grc' dir='ltr'>παραδάταις</span> <span class='ocrx_word' id='word_1_49' title='bbox 1641 1055 1728 1135; x_wconf 71' lang='grc' dir='ltr'><strong>αίσ</strong></span> 
     </span>
    </p>
   </div>
   <div class='ocr_carea' id='block_1_8' title="bbox 151 1149 1723 1231">
    <p class='ocr_par' dir='ltr' id='par_1_8' title="bbox 151 1149 1723 1231">
     <span class='ocr_line' id='line_1_8' title="bbox 151 1149 1723 1231; baseline 0.019 -34"><span class='ocrx_word' id='word_1_50' title='bbox 151 1149 471 1218; x_wconf 81' lang='grc' dir='ltr'>σχρότατον.</span> <span class='ocrx_word' id='word_1_51' title='bbox 497 1153 773 1222; x_wconf 78' lang='grc' dir='ltr'>Θαυμάζω</span> <span class='ocrx_word' id='word_1_52' title='bbox 797 1153 889 1210; x_wconf 77' lang='grc' dir='ltr'><strong>οὖν</strong></span> <span class='ocrx_word' id='word_1_53' title='bbox 918 1160 984 1212; x_wconf 80' lang='grc' dir='ltr'><strong>τὰ</strong></span> <span class='ocrx_word' id='word_1_54' title='bbox 1008 1162 1255 1227; x_wconf 82' lang='grc' dir='ltr'>πλεῖστα,</span> <span class='ocrx_word' id='word_1_55' title='bbox 1276 1167 1392 1231; x_wconf 84' lang='grc' dir='ltr'><strong>πῶς</strong></span> <span class='ocrx_word' id='word_1_56' title='bbox 1413 1172 1459 1223; x_wconf 76' lang='grc' dir='ltr'>οἱ</span> <span class='ocrx_word' id='word_1_57' title='bbox 1477 1172 1723 1227; x_wconf 87' lang='grc' dir='ltr'>Ἰουδαῖοι</span> 
     </span>
    </p>
   </div>
   <div class='ocr_carea' id='block_1_9' title="bbox 145 1238 1724 1325">
    <p class='ocr_par' dir='ltr' id='par_1_9' title="bbox 145 1238 1724 1325">
     <span class='ocr_line' id='line_1_9' title="bbox 145 1238 1724 1325; baseline 0.02 -37"><span class='ocrx_word' id='word_1_58' title='bbox 145 1238 481 1305; x_wconf 74' lang='grc' dir='ltr'>ἐρευνῶντες</span> <span class='ocrx_word' id='word_1_59' title='bbox 529 1245 710 1298; x_wconf 79' lang='grc' dir='ltr'><strong>αἰτίαν</strong></span> <span class='ocrx_word' id='word_1_60' title='bbox 737 1249 834 1318; x_wconf 76' lang='grc' dir='ltr'><strong>οὖχ</strong></span> <span class='ocrx_word' id='word_1_61' title='bbox 873 1246 1050 1321; x_wconf 75' lang='grc' dir='ltr'>εὗρον,</span> <span class='ocrx_word' id='word_1_62' title='bbox 1081 1256 1189 1310; x_wconf 77' lang='grc' dir='ltr'>οὐδ’</span> <span class='ocrx_word' id='word_1_63' title='bbox 1223 1261 1250 1310; x_wconf 86' lang='grc' dir='ltr'><strong><em>ὁ</em></strong></span> <span class='ocrx_word' id='word_1_64' title='bbox 1292 1258 1514 1325; x_wconf 80' lang='grc' dir='ltr'>Ἰούδας,</span> <span class='ocrx_word' id='word_1_65' title='bbox 1553 1266 1724 1319; x_wconf 76' lang='grc' dir='ltr'>πολλὰ</span> 
     </span>
    </p>
   </div>
   <div class='ocr_carea' id='block_1_10' title="bbox 144 1333 1722 1425">
    <p class='ocr_par' dir='ltr' id='par_1_10' title="bbox 144 1333 1722 1425">
     <span class='ocr_line' id='line_1_10' title="bbox 144 1333 1722 1425; baseline 0.02 -45"><span class='ocrx_word' id='word_1_66' title='bbox 144 1333 443 1398; x_wconf 77' lang='grc' dir='ltr'><strong>καμόντες,</strong></span> <span class='ocrx_word' id='word_1_67' title='bbox 481 1337 572 1388; x_wconf 77' lang='grc' dir='ltr'><strong>καὶ</strong></span> <span class='ocrx_word' id='word_1_68' title='bbox 602 1337 697 1392; x_wconf 84' lang='grc' dir='ltr'><strong>νῦν</strong></span> <span class='ocrx_word' id='word_1_69' title='bbox 726 1342 774 1393; x_wconf 93' lang='grc' dir='ltr'><strong>οί</strong></span> <span class='ocrx_word' id='word_1_70' title='bbox 807 1344 1066 1416; x_wconf 78' lang='grc' dir='ltr'><strong>ἡμέτεροι</strong></span> <span class='ocrx_word' id='word_1_71' title='bbox 1091 1348 1308 1418; x_wconf 69' lang='grc' dir='ltr'>ἀδελφοὶ</span> <span class='ocrx_word' id='word_1_72' title='bbox 1345 1357 1722 1425; x_wconf 81' lang='grc' dir='ltr'>προχειρίζου·</span> 
     </span>
    </p>
   </div>
   <div class='ocr_carea' id='block_1_11' title="bbox 146 1425 1720 1514">
    <p class='ocr_par' dir='ltr' id='par_1_11' title="bbox 146 1425 1720 1514">
     <span class='ocr_line' id='line_1_11' title="bbox 146 1425 1720 1514; baseline 0.019 -41"><span class='ocrx_word' id='word_1_73' title='bbox 146 1439 232 1474; x_wconf 92' lang='grc' dir='ltr'>σιν</span> <span class='ocrx_word' id='word_1_74' title='bbox 259 1425 443 1478; x_wconf 77' lang='grc' dir='ltr'>αἰτίαν</span> <span class='ocrx_word' id='word_1_75' title='bbox 482 1430 575 1482; x_wconf 80' lang='grc' dir='ltr'>καὶ</span> <span class='ocrx_word' id='word_1_76' title='bbox 619 1433 894 1499; x_wconf 80' lang='grc' dir='ltr'>πρόφασιν</span> <span class='ocrx_word' id='word_1_77' title='bbox 921 1437 1272 1511; x_wconf 82' lang='grc' dir='ltr'><strong>δικαιοτάτην</strong></span> <span class='ocrx_word' id='word_1_78' title='bbox 1315 1445 1488 1514; x_wconf 69' lang='grc' dir='ltr'>Ἰούδᾳ</span> <span class='ocrx_word' id='word_1_79' title='bbox 1535 1466 1594 1500; x_wconf 85' lang='grc' dir='ltr'>τε</span> <span class='ocrx_word' id='word_1_80' title='bbox 1627 1451 1720 1503; x_wconf 69' lang='grc' dir='ltr'>καὶ</span> 
     </span>
    </p>
   </div>
   <div class='ocr_carea' id='block_1_12' title="bbox 140 1516 1720 1608">
    <p class='ocr_par' dir='ltr' id='par_1_12' title="bbox 140 1516 1720 1608">
     <span class='ocr_line' id='line_1_12' title="bbox 140 1516 1720 1608; baseline 0.018 -43"><span class='ocrx_word' id='word_1_81' title='bbox 140 1516 260 1608; x_wconf 63' lang='grc' dir='ltr'>τοῖς</span> <span class='ocrx_word' id='word_1_82' title='bbox 308 1516 605 1608; x_wconf 75' lang='grc' dir='ltr'>Ἰουδαίοις.</span> <span class='ocrx_word' id='word_1_83' title='bbox 651 1522 880 1579; x_wconf 84' lang='grc' dir='ltr'><strong>Ἐκεῖνοι</strong></span> <span class='ocrx_word' id='word_1_84' title='bbox 916 1524 1154 1600; x_wconf 83' lang='grc' dir='ltr'><strong>μὲνγὰρ</strong></span> <span class='ocrx_word' id='word_1_85' title='bbox 1180 1532 1525 1603; x_wconf 78' lang='grc' dir='ltr'><strong>ἐρωτώμενοι</strong></span> <span class='ocrx_word' id='word_1_86' title='bbox 1571 1543 1720 1608; x_wconf 79' lang='grc' dir='ltr'>παρὰ</span> 
     </span>
    </p>
   </div>
   <div class='ocr_carea' id='block_1_13' title="bbox 140 1603 1717 1697">
    <p class='ocr_par' dir='ltr' id='par_1_13' title="bbox 140 1603 1717 1697">
     <span class='ocr_line' id='line_1_13' title="bbox 140 1603 1717 1697; baseline 0.02 -45"><span class='ocrx_word' id='word_1_87' title='bbox 140 1603 237 1654; x_wconf 81' lang='grc' dir='ltr'><strong>τοῦ</strong></span> <span class='ocrx_word' id='word_1_88' title='bbox 262 1605 517 1670; x_wconf 79' lang='grc' dir='ltr'><strong>Πιλάτου,</strong></span> <span class='ocrx_word' id='word_1_89' title='bbox 550 1610 668 1664; x_wconf 90' lang='grc' dir='ltr'>τίνα</span> <span class='ocrx_word' id='word_1_90' title='bbox 689 1614 916 1685; x_wconf 81' lang='grc' dir='ltr'>φέρουσι</span> <span class='ocrx_word' id='word_1_91' title='bbox 980 1621 1123 1673; x_wconf 78' lang='grc' dir='ltr'>κατὰ</span> <span class='ocrx_word' id='word_1_92' title='bbox 1157 1622 1251 1674; x_wconf 81' lang='grc' dir='ltr'><strong>τοῦ</strong></span> <span class='ocrx_word' id='word_1_93' title='bbox 1282 1625 1492 1682; x_wconf 72' lang='grc' dir='ltr'>δῑκαίου</span> <span class='ocrx_word' id='word_1_94' title='bbox 1520 1630 1717 1697; x_wconf 75' lang='grc' dir='ltr'>αἰτίαν,</span> 
     </span>
    </p>
   </div>
   <div class='ocr_carea' id='block_1_14' title="bbox 138 1693 1721 1776">
    <p class='ocr_par' dir='ltr' id='par_1_14' title="bbox 138 1693 1721 1776">
     <span class='ocr_line' id='line_1_14' title="bbox 138 1693 1721 1776; baseline 0.018 -29"><span class='ocrx_word' id='word_1_95' title='bbox 138 1693 274 1747; x_wconf 79' lang='grc' dir='ltr'>ἄλλο</span> <span class='ocrx_word' id='word_1_96' title='bbox 299 1697 473 1750; x_wconf 72' lang='grc' dir='ltr'>εἰπεῖν</span> <span class='ocrx_word' id='word_1_97' title='bbox 500 1702 602 1754; x_wconf 76' lang='grc' dir='ltr'><strong>οὐκ</strong></span> <span class='ocrx_word' id='word_1_98' title='bbox 649 1699 818 1773; x_wconf 76' lang='grc' dir='ltr'>εἶχον,</span> <span class='ocrx_word' id='word_1_99' title='bbox 851 1708 882 1774; x_wconf 81' lang='grc' dir='ltr'><strong>ἢ</strong></span> <span class='ocrx_word' id='word_1_100' title='bbox 920 1709 1001 1761; x_wconf 81' lang='grc' dir='ltr'><strong>ὄτι</strong></span> <span class='ocrx_word' id='word_1_101' title='bbox 1057 1712 1191 1764; x_wconf 75' lang='grc' dir='ltr'>Θεὸν</span> <span class='ocrx_word' id='word_1_102' title='bbox 1237 1715 1426 1769; x_wconf 72' lang='grc' dir='ltr'>ἑαυτὸν</span> <span class='ocrx_word' id='word_1_103' title='bbox 1465 1720 1557 1772; x_wconf 70' lang='grc' dir='ltr'><strong>καὶ</strong></span> <span class='ocrx_word' id='word_1_104' title='bbox 1593 1693 1721 1776; x_wconf 84' lang='grc' dir='ltr'>Υίδν</span> 
     </span>
    </p>
   </div>
   <div class='ocr_carea' id='block_1_15' title="bbox 139 1782 1719 1881">
    <p class='ocr_par' dir='ltr' id='par_1_15' title="bbox 139 1782 1719 1881">
     <span class='ocr_line' id='line_1_15' title="bbox 139 1782 1719 1881; baseline 0.02 -47"><span class='ocrx_word' id='word_1_105' title='bbox 139 1782 283 1839; x_wconf 85' lang='grc' dir='ltr'><strong>Θεοῦ</strong></span> <span class='ocrx_word' id='word_1_106' title='bbox 320 1787 615 1856; x_wconf 75' lang='grc' dir='ltr'><strong>ὀνομάζει·</strong></span> <span class='ocrx_word' id='word_1_107' title='bbox 650 1797 745 1848; x_wconf 73' lang='grc' dir='ltr'><strong>καὶ</strong></span> <span class='ocrx_word' id='word_1_108' title='bbox 776 1797 985 1850; x_wconf 77' lang='grc' dir='ltr'>πολλῶν</span> <span class='ocrx_word' id='word_1_109' title='bbox 1031 1802 1122 1854; x_wconf 77' lang='grc' dir='ltr'><strong>ἐπὶ</strong></span> <span class='ocrx_word' id='word_1_110' title='bbox 1155 1805 1309 1858; x_wconf 74' lang='grc' dir='ltr'>τοῦτο</span> <span class='ocrx_word' id='word_1_111' title='bbox 1343 1808 1719 1881; x_wconf 71' lang='grc' dir='ltr'>ψευδομαρτύ-</span> 
     </span>
    </p>
   </div>
   <div class='ocr_carea' id='block_1_16' title="bbox 138 1869 1792 1958">
    <p class='ocr_par' dir='ltr' id='par_1_16' title="bbox 138 1869 1792 1958">
     <span class='ocr_line' id='line_1_16' title="bbox 138 1869 1792 1958; baseline 0.022 -35"><span class='ocrx_word' id='word_1_112' title='bbox 138 1892 255 1941; x_wconf 86' lang='grc' dir='ltr'><strong>ρων</strong></span> <span class='ocrx_word' id='word_1_113' title='bbox 299 1877 582 1946; x_wconf 78' lang='grc' dir='ltr'><strong>ἐλθόντων,</strong></span> <span class='ocrx_word' id='word_1_114' title='bbox 633 1886 729 1955; x_wconf 84' lang='grc' dir='ltr'><strong>οὐχ</strong></span> <span class='ocrx_word' id='word_1_115' title='bbox 771 1887 930 1958; x_wconf 80' lang='grc' dir='ltr'>εὖρον</span> <span class='ocrx_word' id='word_1_116' title='bbox 973 1894 1149 1945; x_wconf 85' lang='grc' dir='ltr'>είπεῐν</span> <span class='ocrx_word' id='word_1_117' title='bbox 1175 1911 1194 1930; x_wconf 75' lang='grc' dir='ltr'><strong><em>ο</em></strong></span> <span class='ocrx_word' id='word_1_118' title='bbox 1235 1898 1328 1950; x_wconf 78' lang='grc' dir='ltr'><strong>νῦν</strong></span> <span class='ocrx_word' id='word_1_119' title='bbox 1434 1869 1717 1957; x_wconf 42' lang='grc' dir='ltr'>οὖτοι-πα·</span> <span class='ocrx_word' id='word_1_120' title='bbox 1754 1869 1792 1927; x_wconf 75' lang='grc' dir='ltr'><strong><em>Β</em></strong></span> 
     </span>
    </p>
   </div>
   <div class='ocr_carea' id='block_1_17' title="bbox 139 1966 1716 2059">
    <p class='ocr_par' dir='ltr' id='par_1_17' title="bbox 139 1966 1716 2059">
     <span class='ocr_line' id='line_1_17' title="bbox 139 1966 1716 2059; baseline 0.023 -42"><span class='ocrx_word' id='word_1_121' title='bbox 139 1966 392 2039; x_wconf 81' lang='grc' dir='ltr'>ρασάτην</span> <span class='ocrx_word' id='word_1_122' title='bbox 417 1973 697 2043; x_wconf 77' lang='grc' dir='ltr'>προδήὶως</span> <span class='ocrx_word' id='word_1_123' title='bbox 723 1981 933 2034; x_wconf 80' lang='grc' dir='ltr'>ποιοῦσι</span> <span class='ocrx_word' id='word_1_124' title='bbox 961 1985 1054 2036; x_wconf 77' lang='grc' dir='ltr'>τὸν</span> <span class='ocrx_word' id='word_1_125' title='bbox 1080 1985 1312 2055; x_wconf 77' lang='grc' dir='ltr'>Χριστόν</span> <span class='ocrx_word' id='word_1_126' title='bbox 1340 2008 1353 2021; x_wconf 75' lang='grc' dir='ltr'><strong>ο</strong></span> <span class='ocrx_word' id='word_1_127' title='bbox 1381 1995 1470 2046; x_wconf 75' lang='grc' dir='ltr'><strong>καὶ</strong></span> <span class='ocrx_word' id='word_1_128' title='bbox 1493 1995 1716 2059; x_wconf 77' lang='grc' dir='ltr'><strong>δικαίως</strong></span> 
     </span>
    </p>
   </div>
   <div class='ocr_carea' id='block_1_18' title="bbox 136 2061 1717 2154">
    <p class='ocr_par' dir='ltr' id='par_1_18' title="bbox 136 2061 1717 2154">
     <span class='ocr_line' id='line_1_18' title="bbox 136 2061 1717 2154; baseline 0.02 -41"><span class='ocrx_word' id='word_1_129' title='bbox 136 2061 312 2116; x_wconf 83' lang='grc' dir='ltr'>αὐτὸν</span> <span class='ocrx_word' id='word_1_130' title='bbox 341 2068 742 2136; x_wconf 82' lang='grc' dir='ltr'>κατακριθέντα</span> <span class='ocrx_word' id='word_1_131' title='bbox 774 2076 924 2142; x_wconf 84' lang='grc' dir='ltr'>παρὰ</span> <span class='ocrx_word' id='word_1_132' title='bbox 947 2079 1056 2132; x_wconf 83' lang='grc' dir='ltr'>τῶν</span> <span class='ocrx_word' id='word_1_133' title='bbox 1101 2080 1389 2148; x_wconf 76' lang='grc' dir='ltr'>Ἰουδαίων,</span> <span class='ocrx_word' id='word_1_134' title='bbox 1417 2088 1638 2154; x_wconf 84' lang='grc' dir='ltr'>ἄκοντές</span> <span class='ocrx_word' id='word_1_135' title='bbox 1661 2109 1717 2145; x_wconf 85' lang='grc' dir='ltr'>τε</span> 
     </span>
    </p>
   </div>
   <div class='ocr_carea' id='block_1_19' title="bbox 135 2156 1713 2236">
    <p class='ocr_par' dir='ltr' id='par_1_19' title="bbox 135 2156 1713 2236">
     <span class='ocr_line' id='line_1_19' title="bbox 135 2156 1713 2236; baseline 0.02 -32"><span class='ocrx_word' id='word_1_136' title='bbox 135 2157 238 2207; x_wconf 74' lang='grc' dir='ltr'><strong>καὶ</strong></span> <span class='ocrx_word' id='word_1_137' title='bbox 285 2157 360 2224; x_wconf 82' lang='grc' dir='ltr'>μὴ</span> <span class='ocrx_word' id='word_1_138' title='bbox 396 2156 729 2226; x_wconf 83' lang='grc' dir='ltr'>βουλόμενοι,</span> <span class='ocrx_word' id='word_1_139' title='bbox 777 2166 1212 2234; x_wconf 77' lang='grc' dir='ltr'>μάλαγενναίως</span> <span class='ocrx_word' id='word_1_140' title='bbox 1241 2175 1713 2236; x_wconf 77' lang='grc' dir='ltr'><strong>ἀποδεικνύουσιν.</strong></span> 
     </span>
    </p>
   </div>
   <div class='ocr_carea' id='block_1_20' title="bbox 137 2246 1716 2328">
    <p class='ocr_par' dir='ltr' id='par_1_20' title="bbox 137 2246 1716 2328">
     <span class='ocr_line' id='line_1_20' title="bbox 137 2246 1716 2328; baseline 0.019 -31"><span class='ocrx_word' id='word_1_141' title='bbox 137 2246 355 2309; x_wconf 86' lang='grc' dir='ltr'>Ὄντως</span> <span class='ocrx_word' id='word_1_142' title='bbox 389 2251 588 2321; x_wconf 78' lang='grc' dir='ltr'>θρήνου</span> <span class='ocrx_word' id='word_1_143' title='bbox 622 2259 761 2308; x_wconf 78' lang='grc' dir='ltr'><strong>εἰσὶν</strong></span> <span class='ocrx_word' id='word_1_144' title='bbox 796 2258 934 2324; x_wconf 79' lang='grc' dir='ltr'>ἄξιοι</span> <span class='ocrx_word' id='word_1_145' title='bbox 977 2265 1067 2315; x_wconf 72' lang='grc' dir='ltr'><strong>καὶ</strong></span> <span class='ocrx_word' id='word_1_146' title='bbox 1102 2264 1284 2328; x_wconf 77' lang='grc' dir='ltr'><strong>ἐλέους</strong></span> <span class='ocrx_word' id='word_1_147' title='bbox 1315 2269 1362 2318; x_wconf 87' lang='grc' dir='ltr'>οί</span> <span class='ocrx_word' id='word_1_148' title='bbox 1395 2271 1460 2322; x_wconf 67' lang='grc' dir='ltr'>τὰ</span> <span class='ocrx_word' id='word_1_149' title='bbox 1492 2274 1716 2327; x_wconf 74' lang='grc' dir='ltr'>τοιαῦτα</span> 
     </span>
    </p>
   </div>
   <div class='ocr_carea' id='block_1_21' title="bbox 132 2344 1717 2432">
    <p class='ocr_par' dir='ltr' id='par_1_21' title="bbox 132 2344 1717 2432">
     <span class='ocr_line' id='line_1_21' title="bbox 132 2344 1717 2432; baseline 0.018 -38"><span class='ocrx_word' id='word_1_150' title='bbox 132 2344 469 2409; x_wconf 72' lang='grc' dir='ltr'>φάσκοντες.</span> <span class='ocrx_word' id='word_1_151' title='bbox 517 2350 659 2402; x_wconf 83' lang='grc' dir='ltr'>Ἀλλ’</span> <span class='ocrx_word' id='word_1_152' title='bbox 695 2354 742 2404; x_wconf 85' lang='grc' dir='ltr'>εἰ</span> <span class='ocrx_word' id='word_1_153' title='bbox 785 2357 876 2407; x_wconf 79' lang='grc' dir='ltr'>καὶ</span> <span class='ocrx_word' id='word_1_154' title='bbox 919 2359 1060 2412; x_wconf 85' lang='grc' dir='ltr'>κατὰ</span> <span class='ocrx_word' id='word_1_155' title='bbox 1090 2360 1180 2412; x_wconf 68' lang='grc' dir='ltr'><strong>τὸν</strong></span> <span class='ocrx_word' id='word_1_156' title='bbox 1211 2363 1478 2432; x_wconf 76' lang='grc' dir='ltr'>ὑμέτερον</span> <span class='ocrx_word' id='word_1_157' title='bbox 1516 2372 1717 2422; x_wconf 74' lang='grc' dir='ltr'>σκοπὸν</span> 
     </span>
    </p>
   </div>
   <div class='ocr_carea' id='block_1_22' title="bbox 133 2435 1716 2524">
    <p class='ocr_par' dir='ltr' id='par_1_22' title="bbox 133 2435 1716 2524">
     <span class='ocr_line' id='line_1_22' title="bbox 133 2435 1716 2524; baseline 0.018 -39"><span class='ocrx_word' id='word_1_158' title='bbox 133 2437 376 2504; x_wconf 79' lang='grc' dir='ltr'>ἔνζυμος</span> <span class='ocrx_word' id='word_1_159' title='bbox 407 2435 496 2509; x_wconf 81' lang='grc' dir='ltr'>ἦν,</span> <span class='ocrx_word' id='word_1_160' title='bbox 558 2444 667 2495; x_wconf 79' lang='grc' dir='ltr'>οὐδ’</span> <span class='ocrx_word' id='word_1_161' title='bbox 691 2444 834 2498; x_wconf 76' lang='grc' dir='ltr'>οὕτω</span> <span class='ocrx_word' id='word_1_162' title='bbox 865 2448 1091 2513; x_wconf 80' lang='grc' dir='ltr'>δικαίως</span> <span class='ocrx_word' id='word_1_163' title='bbox 1138 2452 1310 2521; x_wconf 80' lang='grc' dir='ltr'><strong>ἔχοιτε</strong></span> <span class='ocrx_word' id='word_1_164' title='bbox 1360 2457 1424 2508; x_wconf 89' lang='grc' dir='ltr'>ἂν</span> <span class='ocrx_word' id='word_1_165' title='bbox 1463 2460 1716 2524; x_wconf 72' lang='grc' dir='ltr'><strong>ἐγκαλεῖν</strong></span> 
     </span>
    </p>
   </div>
   <div class='ocr_carea' id='block_1_23' title="bbox 131 2530 1712 2618">
    <p class='ocr_par' dir='ltr' id='par_1_23' title="bbox 131 2530 1712 2618">
     <span class='ocr_line' id='line_1_23' title="bbox 131 2530 1712 2618; baseline 0.016 -41"><span class='ocrx_word' id='word_1_166' title='bbox 131 2531 201 2597; x_wconf 81' lang='grc' dir='ltr'><strong>τῇ</strong></span> <span class='ocrx_word' id='word_1_167' title='bbox 273 2530 554 2602; x_wconf 77' lang='grc' dir='ltr'>Ῥωμαϊκῇ</span> <span class='ocrx_word' id='word_1_168' title='bbox 623 2536 953 2611; x_wconf 71' lang='grc' dir='ltr'>Ἐκκλησία,</span> <span class='ocrx_word' id='word_1_169' title='bbox 1012 2542 1098 2594; x_wconf 68' lang='grc' dir='ltr'>διὰ</span> <span class='ocrx_word' id='word_1_170' title='bbox 1193 2546 1251 2598; x_wconf 84' lang='grc' dir='ltr'><strong>τὸ</strong></span> <span class='ocrx_word' id='word_1_171' title='bbox 1303 2548 1490 2618; x_wconf 71' lang='grc' dir='ltr'>ἄζυμα</span> <span class='ocrx_word' id='word_1_172' title='bbox 1546 2553 1712 2613; x_wconf 76' lang='grc' dir='ltr'>θύειν,</span> 
     </span>
    </p>
   </div>
   <div class='ocr_carea' id='block_1_24' title="bbox 133 2623 1718 2705">
    <p class='ocr_par' dir='ltr' id='par_1_24' title="bbox 133 2623 1718 2705">
     <span class='ocr_line' id='line_1_24' title="bbox 133 2623 1718 2705; baseline 0.018 -32"><span class='ocrx_word' id='word_1_173' title='bbox 133 2623 332 2694; x_wconf 74' lang='grc' dir='ltr'>ἇσπερ</span> <span class='ocrx_word' id='word_1_174' title='bbox 373 2627 490 2678; x_wconf 76' lang='grc' dir='ltr'><strong>οὐδὲ</strong></span> <span class='ocrx_word' id='word_1_175' title='bbox 520 2629 702 2698; x_wconf 76' lang='grc' dir='ltr'>ἐκείνη</span> <span class='ocrx_word' id='word_1_176' title='bbox 745 2634 1020 2702; x_wconf 81' lang='grc' dir='ltr'>μέμφεται</span> <span class='ocrx_word' id='word_1_177' title='bbox 1057 2638 1156 2705; x_wconf 81' lang='grc' dir='ltr'><strong>τὴν</strong></span> <span class='ocrx_word' id='word_1_178' title='bbox 1188 2640 1512 2705; x_wconf 73' lang='grc' dir='ltr'><strong>ἀνατολικὴν</strong></span> <span class='ocrx_word' id='word_1_179' title='bbox 1544 2647 1627 2698; x_wconf 68' lang='grc' dir='ltr'><strong>διὰ</strong></span> <span class='ocrx_word' id='word_1_180' title='bbox 1658 2649 1718 2700; x_wconf 72' lang='grc' dir='ltr'>τὸ</span> 
     </span>
    </p>
   </div>
   <div class='ocr_carea' id='block_1_25' title="bbox 133 2717 1721 2803">
    <p class='ocr_par' dir='ltr' id='par_1_25' title="bbox 133 2717 1721 2803">
     <span class='ocr_line' id='line_1_25' title="bbox 133 2717 1721 2803; baseline 0.013 -36"><span class='ocrx_word' id='word_1_181' title='bbox 133 2717 351 2786; x_wconf 81' lang='grc' dir='ltr'>ἔνζυμα</span> <span class='ocrx_word' id='word_1_182' title='bbox 398 2719 568 2774; x_wconf 79' lang='grc' dir='ltr'>θύειν.</span> <span class='ocrx_word' id='word_1_183' title='bbox 610 2723 802 2776; x_wconf 80' lang='grc' dir='ltr'>Καίτοι</span> <span class='ocrx_word' id='word_1_184' title='bbox 831 2743 893 2792; x_wconf 86' lang='grc' dir='ltr'><strong>γε</strong></span> <span class='ocrx_word' id='word_1_185' title='bbox 938 2730 1150 2802; x_wconf 81' lang='grc' dir='ltr'>κεφαλὴ</span> <span class='ocrx_word' id='word_1_186' title='bbox 1180 2729 1312 2785; x_wconf 73' lang='grc' dir='ltr'>οὖσα</span> <span class='ocrx_word' id='word_1_187' title='bbox 1343 2735 1441 2803; x_wconf 87' lang='grc' dir='ltr'>τῆς</span> <span class='ocrx_word' id='word_1_188' title='bbox 1492 2739 1721 2799; x_wconf 55' lang='grc' dir='ltr'><strong>Ἐκκλῃο</strong></span> 
     </span>
    </p>
   </div>
   <div class='ocr_carea' id='block_1_26' title="bbox 135 2809 1718 2902">
    <p class='ocr_par' dir='ltr' id='par_1_26' title="bbox 135 2809 1718 2902">
     <span class='ocr_line' id='line_1_26' title="bbox 135 2809 1718 2902; baseline 0.016 -43"><span class='ocrx_word' id='word_1_189' title='bbox 135 2809 288 2871; x_wconf 79' lang='grc' dir='ltr'>σίας,</span> <span class='ocrx_word' id='word_1_190' title='bbox 349 2811 580 2880; x_wconf 73' lang='grc' dir='ltr'>ἠδύνατο</span> <span class='ocrx_word' id='word_1_191' title='bbox 635 2817 885 2884; x_wconf 77' lang='grc' dir='ltr'><strong>ἐγκαλεῖν</strong></span> <span class='ocrx_word' id='word_1_192' title='bbox 930 2823 1022 2872; x_wconf 76' lang='grc' dir='ltr'>καὶ</span> <span class='ocrx_word' id='word_1_193' title='bbox 1073 2827 1426 2896; x_wconf 75' lang='grc' dir='ltr'>κατακρίνειν</span> <span class='ocrx_word' id='word_1_194' title='bbox 1482 2830 1608 2894; x_wconf 81' lang='grc' dir='ltr'>τοὺς</span> <span class='ocrx_word' id='word_1_195' title='bbox 1644 2832 1718 2902; x_wconf 83' lang='grc' dir='ltr'>μὴ</span> 
     </span>
    </p>
   </div>
   <div class='ocr_carea' id='block_1_27' title="bbox 132 2903 1718 2992">
    <p class='ocr_par' dir='ltr' id='par_1_27' title="bbox 132 2903 1718 2992">
     <span class='ocr_line' id='line_1_27' title="bbox 132 2903 1718 2992; baseline 0.015 -39"><span class='ocrx_word' id='word_1_196' title='bbox 132 2903 432 2969; x_wconf 80' lang='grc' dir='ltr'>ποιοῦντας</span> <span class='ocrx_word' id='word_1_197' title='bbox 485 2908 561 2970; x_wconf 82' lang='grc' dir='ltr'><strong>ὡς</strong></span> <span class='ocrx_word' id='word_1_198' title='bbox 606 2911 787 2981; x_wconf 78' lang='grc' dir='ltr'><strong>ἐκείνη</strong></span> <span class='ocrx_word' id='word_1_199' title='bbox 839 2916 1013 2967; x_wconf 84' lang='grc' dir='ltr'>ποιεῖ·</span> <span class='ocrx_word' id='word_1_200' title='bbox 1062 2917 1248 2989; x_wconf 79' lang='grc' dir='ltr'>ἐπειδὴ</span> <span class='ocrx_word' id='word_1_201' title='bbox 1299 2920 1533 2987; x_wconf 76' lang='grc' dir='ltr'>βεϐαίως</span> <span class='ocrx_word' id='word_1_202' title='bbox 1583 2924 1718 2992; x_wconf 79' lang='grc' dir='ltr'>αὐτὴ</span> 
     </span>
    </p>
   </div>
   <div class='ocr_carea' id='block_1_28' title="bbox 133 2991 1718 3080">
    <p class='ocr_par' dir='ltr' id='par_1_28' title="bbox 133 2991 1718 3080">
     <span class='ocr_line' id='line_1_28' title="bbox 133 2991 1718 3080; baseline 0.014 -35"><span class='ocrx_word' id='word_1_203' title='bbox 133 2991 283 3047; x_wconf 72' lang='grc' dir='ltr'>οἶδεν</span> <span class='ocrx_word' id='word_1_204' title='bbox 316 2997 524 3064; x_wconf 73' lang='grc' dir='ltr'>ἄζυμον</span> <span class='ocrx_word' id='word_1_205' title='bbox 557 3001 722 3069; x_wconf 82' lang='grc' dir='ltr'>άρτον</span> <span class='ocrx_word' id='word_1_206' title='bbox 752 3005 1184 3074; x_wconf 77' lang='grc' dir='ltr'>ἱερουργήσαντα</span> <span class='ocrx_word' id='word_1_207' title='bbox 1219 3012 1312 3062; x_wconf 80' lang='grc' dir='ltr'><strong>τὸν</strong></span> <span class='ocrx_word' id='word_1_208' title='bbox 1342 3013 1597 3080; x_wconf 68' lang='grc' dir='ltr'>Χριστὸν,</span> <span class='ocrx_word' id='word_1_209' title='bbox 1631 2991 1718 3068; x_wconf 82' lang='grc' dir='ltr'>ὅτε</span> 
     </span>
    </p>
   </div>
   <div class='ocr_carea' id='block_1_29' title="bbox 133 3089 1718 3172">
    <p class='ocr_par' dir='ltr' id='par_1_29' title="bbox 133 3089 1718 3172">
     <span class='ocr_line' id='line_1_29' title="bbox 133 3089 1718 3172; baseline 0.015 -35"><span class='ocrx_word' id='word_1_210' title='bbox 133 3089 198 3138; x_wconf 84' lang='grc' dir='ltr'><strong>ὲν</strong></span> <span class='ocrx_word' id='word_1_211' title='bbox 228 3089 305 3156; x_wconf 83' lang='grc' dir='ltr'><strong>τῷ</strong></span> <span class='ocrx_word' id='word_1_212' title='bbox 351 3089 585 3161; x_wconf 80' lang='grc' dir='ltr'>ὑπερῴῳ</span> <span class='ocrx_word' id='word_1_213' title='bbox 617 3095 954 3149; x_wconf 82' lang='grc' dir='ltr'><strong>συνεδείπνει</strong></span> <span class='ocrx_word' id='word_1_214' title='bbox 994 3101 1106 3162; x_wconf 87' lang='grc' dir='ltr'>τοῖς</span> <span class='ocrx_word' id='word_1_215' title='bbox 1148 3102 1419 3172; x_wconf 87' lang='grc' dir='ltr'>μαθηταῖς</span> <span class='ocrx_word' id='word_1_216' title='bbox 1443 3122 1458 3137; x_wconf 78' lang='grc'><em>’</em></span> <span class='ocrx_word' id='word_1_217' title='bbox 1507 3108 1598 3158; x_wconf 74' lang='grc' dir='ltr'><strong>καὶ</strong></span> <span class='ocrx_word' id='word_1_218' title='bbox 1630 3107 1718 3160; x_wconf 82' lang='grc' dir='ltr'><strong>οὖ-</strong></span> 
     </span>
    </p>
   </div>
   <div class='ocr_carea' id='block_1_30' title="bbox 652 395 1720 508">
    <p class='ocr_par' dir='ltr' id='par_1_30' title="bbox 652 395 1677 477">
     <span class='ocr_line' id='line_1_30' title="bbox 652 395 1677 477; baseline 0.018 -21"><span class='ocrx_word' id='word_1_219' title='bbox 652 395 802 458; x_wconf 83' lang='lat' dir='ltr'><strong>PRO</strong></span> <span class='ocrx_word' id='word_1_220' title='bbox 840 399 1047 464; x_wconf 86' lang='lat' dir='ltr'><strong>CONC.</strong></span> <span class='ocrx_word' id='word_1_221' title='bbox 1090 407 1449 471; x_wconf 84' lang='lat' dir='ltr'><strong>FLORENT</strong></span> <span class='ocrx_word' id='word_1_222' title='bbox 1515 412 1677 477; x_wconf 74' lang='lat' dir='ltr'><strong>CAP.</strong></span> 
     </span>
    </p>
   </div>
   <div class='ocr_carea' id='block_1_31' title="bbox 1822 395 2950 508">
    <p class='ocr_par' dir='ltr' id='par_1_31' title="bbox 1847 422 2950 508">
     <span class='ocr_line' id='line_1_31' title="bbox 1847 422 2950 508; baseline 0.026 -29"><span class='ocrx_word' id='word_1_223' title='bbox 1847 422 1941 482; x_wconf 89' lang='lat' dir='ltr'><strong>DE</strong></span> <span class='ocrx_word' id='word_1_224' title='bbox 1985 429 2238 492; x_wconf 75' lang='lat' dir='ltr'><strong>AZYMO</strong></span> <span class='ocrx_word' id='word_1_225' title='bbox 2275 430 2371 495; x_wconf 88' lang='grc' dir='ltr'><strong>ΕΤ</strong></span> <span class='ocrx_word' id='word_1_226' title='bbox 2411 440 2950 508; x_wconf 80' lang='lat' dir='ltr'><strong>FERMENTATO.</strong></span> 
     </span>
    </p>
   </div>
   <div class='ocr_carea' id='block_1_32' title="bbox 161 507 1972 605">
    <p class='ocr_par' dir='ltr' id='par_1_32' title="bbox 161 507 1972 605">
     <span class='ocr_line' id='line_1_32' title="bbox 161 507 1972 605; baseline 0.014 -48"><span class='ocrx_word' id='word_1_227' title='bbox 161 507 436 605; x_wconf 41' lang='lat' dir='ltr'><strong>paigjudv</strong></span> <span class='ocrx_word' id='word_1_228' title='bbox 466 508 690 605; x_wconf 35' lang='lat' dir='ltr'><strong>opepe;</strong></span> <span class='ocrx_word' id='word_1_229' title='bbox 727 513 1190 605; x_wconf 47' lang='lat' dir='ltr'><strong>sEo‘mOpeuOﬁvat</strong></span> <span class='ocrx_word' id='word_1_230' title='bbox 1237 525 1295 589; x_wconf 69' lang='grc' dir='ltr'><strong>ἐξ</strong></span> <span class='ocrx_word' id='word_1_231' title='bbox 1346 528 1478 581; x_wconf 84' lang='grc' dir='ltr'><strong>υίῶν</strong></span> <span class='ocrx_word' id='word_1_232' title='bbox 1520 530 1734 605; x_wconf 82' lang='grc' dir='ltr'>Ἰσραὴλ</span> <span class='ocrx_word' id='word_1_233' title='bbox 1765 540 1809 596; x_wconf 79' lang='grc' dir='ltr'><strong>Λ</strong></span> <span class='ocrx_word' id='word_1_234' title='bbox 1840 544 1972 597; x_wconf 64' lang='lat' dir='ltr'><strong>clam</strong></span> 
     </span>
    </p>
   </div>
   <div class='ocr_carea' id='block_1_33' title="bbox 3262 458 3406 524">
    <p class='ocr_par' dir='ltr' id='par_1_33' title="bbox 3262 458 3406 524">
     <span class='ocr_line' id='line_1_33' title="bbox 3262 458 3406 524; baseline 0 -4"><span class='ocrx_word' id='word_1_235' title='bbox 3262 458 3406 524; x_wconf 67' lang='lat'><strong>1910</strong></span> 
     </span>
    </p>
   </div>
   <div class='ocr_carea' id='block_1_34' title="bbox 1981 551 3396 635">
    <p class='ocr_par' dir='ltr' id='par_1_34' title="bbox 1981 551 3396 635">
     <span class='ocr_line' id='line_1_34' title="bbox 1981 551 3396 635; baseline 0.021 -35"><span class='ocrx_word' id='word_1_236' title='bbox 1981 557 2057 602; x_wconf 90' lang='lat' dir='ltr'><strong>at.</strong></span> <span class='ocrx_word' id='word_1_237' title='bbox 2096 551 2163 606; x_wconf 87' lang='lat' dir='ltr'><strong>At</strong></span> <span class='ocrx_word' id='word_1_238' title='bbox 2192 553 2524 624; x_wconf 88' lang='lat' dir='ltr'><strong>hocquidem</strong></span> <span class='ocrx_word' id='word_1_239' title='bbox 2557 578 2663 616; x_wconf 93' lang='lat' dir='ltr'><strong>non</strong></span> <span class='ocrx_word' id='word_1_240' title='bbox 2688 563 2964 622; x_wconf 85' lang='lat' dir='ltr'><strong>dixerunt.</strong></span> <span class='ocrx_word' id='word_1_241' title='bbox 3024 567 3266 635; x_wconf 85' lang='lat' dir='ltr'><strong>Quanam</strong></span> <span class='ocrx_word' id='word_1_242' title='bbox 3328 577 3396 633; x_wconf 88' lang='lat' dir='ltr'><strong>de</strong></span> 
     </span>
    </p>
   </div>
   <div class='ocr_carea' id='block_1_35' title="bbox 1830 641 3393 731">
    <p class='ocr_par' dir='ltr' id='par_1_35' title="bbox 1830 641 3393 731">
     <span class='ocr_line' id='line_1_35' title="bbox 1830 641 3393 731; baseline 0.02 -41"><span class='ocrx_word' id='word_1_243' title='bbox 1830 641 2031 694; x_wconf 80' lang='lat' dir='ltr'><strong>causa?</strong></span> <span class='ocrx_word' id='word_1_244' title='bbox 2083 643 2218 710; x_wconf 82' lang='lat' dir='ltr'><strong>Quia</strong></span> <span class='ocrx_word' id='word_1_245' title='bbox 2252 647 2434 704; x_wconf 83' lang='lat' dir='ltr'><strong>dicere</strong></span> <span class='ocrx_word' id='word_1_246' title='bbox 2464 667 2567 704; x_wconf 90' lang='lat' dir='ltr'><strong>non</strong></span> <span class='ocrx_word' id='word_1_247' title='bbox 2599 665 2916 722; x_wconf 88' lang='lat' dir='ltr'><strong>potuerunt.</strong></span> <span class='ocrx_word' id='word_1_248' title='bbox 2951 659 3005 714; x_wconf 91' lang='lat' dir='ltr'><strong>Si</strong></span> <span class='ocrx_word' id='word_1_249' title='bbox 3067 663 3227 731; x_wconf 88' lang='lat' dir='ltr'><strong>igitur</strong></span> <span class='ocrx_word' id='word_1_250' title='bbox 3273 681 3393 722; x_wconf 89' lang='lat' dir='ltr'><strong>eum</strong></span> 
     </span>
    </p>
   </div>
   <div class='ocr_carea' id='block_1_36' title="bbox 1830 731 3394 810">
    <p class='ocr_par' dir='ltr' id='par_1_36' title="bbox 1830 731 3394 810">
     <span class='ocr_line' id='line_1_36' title="bbox 1830 731 3394 810; baseline 0.019 -29"><span class='ocrx_word' id='word_1_251' title='bbox 1830 731 1982 783; x_wconf 89' lang='lat' dir='ltr'><strong>multi</strong></span> <span class='ocrx_word' id='word_1_252' title='bbox 2018 732 2136 788; x_wconf 80' lang='lat' dir='ltr'><strong>falsi</strong></span> <span class='ocrx_word' id='word_1_253' title='bbox 2171 747 2336 792; x_wconf 89' lang='lat' dir='ltr'><strong>testes</strong></span> <span class='ocrx_word' id='word_1_254' title='bbox 2380 743 2739 799; x_wconf 76' lang='lat' dir='ltr'><strong>accessissem</strong></span> <span class='ocrx_word' id='word_1_255' title='bbox 2779 747 2846 802; x_wconf 88' lang='lat' dir='ltr'><strong>de</strong></span> <span class='ocrx_word' id='word_1_256' title='bbox 2899 748 3018 802; x_wconf 88' lang='lat' dir='ltr'><strong>aliis</strong></span> <span class='ocrx_word' id='word_1_257' title='bbox 3068 751 3394 810; x_wconf 83' lang='lat' dir='ltr'><strong>criminibus</strong></span> 
     </span>
    </p>
   </div>
   <div class='ocr_carea' id='block_1_37' title="bbox 1832 823 3398 908">
    <p class='ocr_par' dir='ltr' id='par_1_37' title="bbox 1832 823 3398 908">
     <span class='ocr_line' id='line_1_37' title="bbox 1832 823 3398 908; baseline 0.015 -32"><span class='ocrx_word' id='word_1_258' title='bbox 1832 823 2198 888; x_wconf 73' lang='lat' dir='ltr'><strong>testiﬁcantes,</strong></span> <span class='ocrx_word' id='word_1_259' title='bbox 2261 839 2312 882; x_wconf 90' lang='lat' dir='ltr'><strong>et</strong></span> <span class='ocrx_word' id='word_1_260' title='bbox 2367 842 2627 899; x_wconf 71' lang='lat' dir='ltr'><strong>przeterea</strong></span> <span class='ocrx_word' id='word_1_261' title='bbox 2660 835 2829 902; x_wconf 78' lang='lat' dir='ltr'><strong>falsis,</strong></span> <span class='ocrx_word' id='word_1_262' title='bbox 2865 854 3097 908; x_wconf 92' lang='lat' dir='ltr'><strong>quorum</strong></span> <span class='ocrx_word' id='word_1_263' title='bbox 3154 845 3398 900; x_wconf 78' lang='lat' dir='ltr'><strong>testimo-</strong></span> 
     </span>
    </p>
   </div>
   <div class='ocr_carea' id='block_1_38' title="bbox 1829 915 3392 1002">
    <p class='ocr_par' dir='ltr' id='par_1_38' title="bbox 1829 915 3392 1002">
     <span class='ocr_line' id='line_1_38' title="bbox 1829 915 3392 1002; baseline 0.015 -36"><span class='ocrx_word' id='word_1_264' title='bbox 1829 915 1978 969; x_wconf 90' lang='lat' dir='ltr'><strong>nium</strong></span> <span class='ocrx_word' id='word_1_265' title='bbox 2035 934 2142 970; x_wconf 89' lang='lat' dir='ltr'><strong>non</strong></span> <span class='ocrx_word' id='word_1_266' title='bbox 2185 932 2302 974; x_wconf 89' lang='lat' dir='ltr'><strong>erat</strong></span> <span class='ocrx_word' id='word_1_267' title='bbox 2331 925 2688 990; x_wconf 83' lang='lat' dir='ltr'><strong>conveniens,</strong></span> <span class='ocrx_word' id='word_1_268' title='bbox 2739 942 2836 981; x_wconf 92' lang='lat' dir='ltr'><strong>cur</strong></span> <span class='ocrx_word' id='word_1_269' title='bbox 2881 931 2932 983; x_wconf 90' lang='lat' dir='ltr'><strong>id</strong></span> <span class='ocrx_word' id='word_1_270' title='bbox 2983 947 3089 984; x_wconf 91' lang='lat' dir='ltr'><strong>non</strong></span> <span class='ocrx_word' id='word_1_271' title='bbox 3115 931 3392 1002; x_wconf 85' lang='lat' dir='ltr'><strong>dixerunt,</strong></span> 
     </span>
    </p>
   </div>
   <div class='ocr_carea' id='block_1_39' title="bbox 1828 1007 3395 1092">
    <p class='ocr_par' dir='ltr' id='par_1_39' title="bbox 1828 1007 3395 1092">
     <span class='ocr_line' id='line_1_39' title="bbox 1828 1007 3395 1092; baseline 0.012 -32"><span class='ocrx_word' id='word_1_272' title='bbox 1828 1007 1911 1062; x_wconf 81' lang='lat' dir='ltr'><strong>vel</strong></span> <span class='ocrx_word' id='word_1_273' title='bbox 1979 1010 2356 1066; x_wconf 86' lang='lat' dir='ltr'><strong>testimonium</strong></span> <span class='ocrx_word' id='word_1_274' title='bbox 2416 1031 2518 1068; x_wconf 85' lang='lat' dir='ltr'><strong>non</strong></span> <span class='ocrx_word' id='word_1_275' title='bbox 2581 1019 2851 1092; x_wconf 80' lang='lat' dir='ltr'><strong>tulerunt,</strong></span> <span class='ocrx_word' id='word_1_276' title='bbox 2891 1023 3035 1090; x_wconf 93' lang='lat' dir='ltr'><strong>quod</strong></span> <span class='ocrx_word' id='word_1_277' title='bbox 3087 1024 3204 1078; x_wconf 86' lang='lat' dir='ltr'><strong>sine</strong></span> <span class='ocrx_word' id='word_1_278' title='bbox 3231 1025 3395 1079; x_wconf 91' lang='lat' dir='ltr'><strong>dubio</strong></span> 
     </span>
    </p>
   </div>
   <div class='ocr_carea' id='block_1_40' title="bbox 1829 1100 3397 1184">
    <p class='ocr_par' dir='ltr' id='par_1_40' title="bbox 1829 1100 3397 1184">
     <span class='ocr_line' id='line_1_40' title="bbox 1829 1100 3397 1184; baseline 0.014 -34"><span class='ocrx_word' id='word_1_279' title='bbox 1829 1100 2194 1167; x_wconf 75' lang='lat' dir='ltr'><strong>turpissimam</strong></span> <span class='ocrx_word' id='word_1_280' title='bbox 2228 1105 2465 1159; x_wconf 91' lang='lat' dir='ltr'><strong>minatur</strong></span> <span class='ocrx_word' id='word_1_281' title='bbox 2501 1119 2729 1163; x_wconf 89' lang='lat' dir='ltr'><strong>mortem</strong></span> <span class='ocrx_word' id='word_1_282' title='bbox 2762 1111 2826 1164; x_wconf 93' lang='lat' dir='ltr'><strong>iis</strong></span> <span class='ocrx_word' id='word_1_283' title='bbox 2847 1112 2940 1179; x_wconf 91' lang='lat' dir='ltr'><strong>qui</strong></span> <span class='ocrx_word' id='word_1_284' title='bbox 2985 1116 3397 1184; x_wconf 83' lang='lat' dir='ltr'><strong>transgrediun-</strong></span> 
     </span>
    </p>
   </div>
   <div class='ocr_carea' id='block_1_41' title="bbox 1829 1192 3394 1269">
    <p class='ocr_par' dir='ltr' id='par_1_41' title="bbox 1829 1192 3394 1269">
     <span class='ocr_line' id='line_1_41' title="bbox 1829 1192 3394 1269; baseline 0.012 -28"><span class='ocrx_word' id='word_1_285' title='bbox 1829 1192 1955 1244; x_wconf 81' lang='lat' dir='ltr'><strong>tur?</strong></span> <span class='ocrx_word' id='word_1_286' title='bbox 1982 1193 2234 1248; x_wconf 82' lang='lat' dir='ltr'><strong>Admiror</strong></span> <span class='ocrx_word' id='word_1_287' title='bbox 2259 1197 2419 1266; x_wconf 88' lang='lat' dir='ltr'><strong>igitur</strong></span> <span class='ocrx_word' id='word_1_288' title='bbox 2437 1200 2729 1255; x_wconf 87' lang='lat' dir='ltr'><strong>admodum</strong></span> <span class='ocrx_word' id='word_1_289' title='bbox 2766 1204 3037 1269; x_wconf 89' lang='lat' dir='ltr'><strong>quomodo</strong></span> <span class='ocrx_word' id='word_1_290' title='bbox 3065 1205 3234 1260; x_wconf 64' lang='lat' dir='ltr'><strong>Judaei</strong></span> <span class='ocrx_word' id='word_1_291' title='bbox 3267 1224 3394 1262; x_wconf 89' lang='lat' dir='ltr'><strong>cau-</strong></span> 
     </span>
    </p>
   </div>
   <div class='ocr_carea' id='block_1_42' title="bbox 1826 1285 3394 1368">
    <p class='ocr_par' dir='ltr' id='par_1_42' title="bbox 1826 1285 3394 1368">
     <span class='ocr_line' id='line_1_42' title="bbox 1826 1285 3394 1368; baseline 0.012 -32"><span class='ocrx_word' id='word_1_292' title='bbox 1826 1300 1940 1368; x_wconf 67' lang='lat' dir='ltr'><strong>sam</strong></span> <span class='ocrx_word' id='word_1_293' title='bbox 1981 1285 2172 1340; x_wconf 89' lang='lat' dir='ltr'><strong>sedulo</strong></span> <span class='ocrx_word' id='word_1_294' title='bbox 2193 1301 2532 1358; x_wconf 75' lang='lat' dir='ltr'><strong>quaerentes,</strong></span> <span class='ocrx_word' id='word_1_295' title='bbox 2573 1309 2680 1346; x_wconf 89' lang='lat' dir='ltr'><strong>non</strong></span> <span class='ocrx_word' id='word_1_296' title='bbox 2712 1294 3055 1361; x_wconf 84' lang='lat' dir='ltr'><strong>invenerunt,</strong></span> <span class='ocrx_word' id='word_1_297' title='bbox 3105 1314 3224 1352; x_wconf 89' lang='lat' dir='ltr'><strong>cum</strong></span> <span class='ocrx_word' id='word_1_298' title='bbox 3256 1301 3394 1354; x_wconf 85' lang='lat' dir='ltr'><strong>mul—</strong></span> 
     </span>
    </p>
   </div>
   <div class='ocr_carea' id='block_1_43' title="bbox 1828 1377 3391 1449">
    <p class='ocr_par' dir='ltr' id='par_1_43' title="bbox 1828 1377 3391 1449">
     <span class='ocr_line' id='line_1_43' title="bbox 1828 1377 3391 1449; baseline 0.012 -21"><span class='ocrx_word' id='word_1_299' title='bbox 1828 1385 1938 1428; x_wconf 89' lang='lat' dir='ltr'><strong>tum</strong></span> <span class='ocrx_word' id='word_1_300' title='bbox 1990 1377 2354 1444; x_wconf 86' lang='lat' dir='ltr'><strong>insudassent,</strong></span> <span class='ocrx_word' id='word_1_301' title='bbox 2399 1399 2572 1449; x_wconf 82' lang='lat' dir='ltr'><strong>neque</strong></span> <span class='ocrx_word' id='word_1_302' title='bbox 2627 1384 2815 1440; x_wconf 79' lang='lat' dir='ltr'><strong>Judas.</strong></span> <span class='ocrx_word' id='word_1_303' title='bbox 2880 1388 2944 1440; x_wconf 85' lang='lat' dir='ltr'><strong>Et</strong></span> <span class='ocrx_word' id='word_1_304' title='bbox 2990 1405 3136 1443; x_wconf 91' lang='lat' dir='ltr'><strong>nunc</strong></span> <span class='ocrx_word' id='word_1_305' title='bbox 3194 1390 3391 1446; x_wconf 75' lang='lat' dir='ltr'><strong>fratres</strong></span> 
     </span>
    </p>
   </div>
   <div class='ocr_carea' id='block_1_44' title="bbox 1825 1467 3393 1544">
    <p class='ocr_par' dir='ltr' id='par_1_44' title="bbox 1825 1467 3393 1544">
     <span class='ocr_line' id='line_1_44' title="bbox 1825 1467 3393 1544; baseline 0.011 -26"><span class='ocrx_word' id='word_1_306' title='bbox 1825 1467 1994 1520; x_wconf 87' lang='lat' dir='ltr'><strong>nostri</strong></span> <span class='ocrx_word' id='word_1_307' title='bbox 2019 1483 2236 1522; x_wconf 85' lang='lat' dir='ltr'><strong>causam</strong></span> <span class='ocrx_word' id='word_1_308' title='bbox 2269 1482 2320 1524; x_wconf 89' lang='lat' dir='ltr'><strong>et</strong></span> <span class='ocrx_word' id='word_1_309' title='bbox 2353 1482 2670 1539; x_wconf 65' lang='lat' dir='ltr'><strong>praetextum</strong></span> <span class='ocrx_word' id='word_1_310' title='bbox 2695 1477 3062 1544; x_wconf 75' lang='lat' dir='ltr'><strong>justissimum</strong></span> <span class='ocrx_word' id='word_1_311' title='bbox 3085 1479 3237 1535; x_wconf 75' lang='lat' dir='ltr'><strong>Juda:</strong></span> <span class='ocrx_word' id='word_1_312' title='bbox 3265 1482 3393 1535; x_wconf 82' lang='lat' dir='ltr'><strong>sub-</strong></span> 
     </span>
    </p>
   </div>
   <div class='ocr_carea' id='block_1_45' title="bbox 1826 1557 3392 1629">
    <p class='ocr_par' dir='ltr' id='par_1_45' title="bbox 1826 1557 3392 1629">
     <span class='ocr_line' id='line_1_45' title="bbox 1826 1557 3392 1629; baseline 0.012 -19"><span class='ocrx_word' id='word_1_313' title='bbox 1826 1557 2156 1621; x_wconf 83' lang='lat' dir='ltr'><strong>ministrant,</strong></span> <span class='ocrx_word' id='word_1_314' title='bbox 2209 1563 2367 1615; x_wconf 79' lang='lat' dir='ltr'><strong>simul</strong></span> <span class='ocrx_word' id='word_1_315' title='bbox 2424 1579 2487 1618; x_wconf 93' lang='lat' dir='ltr'><strong>ac</strong></span> <span class='ocrx_word' id='word_1_316' title='bbox 2539 1565 2757 1621; x_wconf 71' lang='lat' dir='ltr'><strong>Judteis.</strong></span> <span class='ocrx_word' id='word_1_317' title='bbox 2826 1570 3037 1624; x_wconf 89' lang='lat' dir='ltr'><strong>Etenim</strong></span> <span class='ocrx_word' id='word_1_318' title='bbox 3092 1572 3123 1624; x_wconf 91' lang='lat' dir='ltr'><strong>ii</strong></span> <span class='ocrx_word' id='word_1_319' title='bbox 3155 1589 3181 1623; x_wconf 73' lang='grc' dir='ltr'>ιι</span> <span class='ocrx_word' id='word_1_320' title='bbox 3218 1572 3392 1629; x_wconf 84' lang='lat' dir='ltr'><strong>Pilato</strong></span> 
     </span>
    </p>
   </div>
   <div class='ocr_carea' id='block_1_46' title="bbox 1825 1649 3389 1729">
    <p class='ocr_par' dir='ltr' id='par_1_46' title="bbox 1825 1649 3389 1729">
     <span class='ocr_line' id='line_1_46' title="bbox 1825 1649 3389 1729; baseline 0.012 -29"><span class='ocrx_word' id='word_1_321' title='bbox 1825 1649 2140 1720; x_wconf 81' lang='lat' dir='ltr'><strong>interrogati</strong></span> <span class='ocrx_word' id='word_1_322' title='bbox 2173 1669 2332 1722; x_wconf 91' lang='lat' dir='ltr'><strong>quam</strong></span> <span class='ocrx_word' id='word_1_323' title='bbox 2397 1671 2621 1711; x_wconf 83' lang='lat' dir='ltr'><strong>causam</strong></span> <span class='ocrx_word' id='word_1_324' title='bbox 2675 1674 2799 1726; x_wconf 86' lang='lat' dir='ltr'><strong>erga</strong></span> <span class='ocrx_word' id='word_1_325' title='bbox 2855 1661 3061 1729; x_wconf 88' lang='lat' dir='ltr'><strong>justum</strong></span> <span class='ocrx_word' id='word_1_326' title='bbox 3116 1664 3389 1720; x_wconf 85' lang='lat' dir='ltr'><strong>hominem</strong></span> 
     </span>
    </p>
   </div>
   <div class='ocr_carea' id='block_1_47' title="bbox 1824 1741 3391 1823">
    <p class='ocr_par' dir='ltr' id='par_1_47' title="bbox 1824 1741 3391 1823">
     <span class='ocr_line' id='line_1_47' title="bbox 1824 1741 3391 1823; baseline 0.011 -31"><span class='ocrx_word' id='word_1_327' title='bbox 1824 1741 2101 1807; x_wconf 71' lang='lat' dir='ltr'><strong>afferrent,</strong></span> <span class='ocrx_word' id='word_1_328' title='bbox 2172 1743 2316 1798; x_wconf 86' lang='lat' dir='ltr'><strong>aliud</strong></span> <span class='ocrx_word' id='word_1_329' title='bbox 2363 1745 2544 1801; x_wconf 81' lang='lat' dir='ltr'><strong>dicere</strong></span> <span class='ocrx_word' id='word_1_330' title='bbox 2596 1763 2705 1802; x_wconf 90' lang='lat' dir='ltr'><strong>non</strong></span> <span class='ocrx_word' id='word_1_331' title='bbox 2733 1760 3029 1818; x_wconf 88' lang='lat' dir='ltr'><strong>potuerunt</strong></span> <span class='ocrx_word' id='word_1_332' title='bbox 3059 1769 3217 1821; x_wconf 87' lang='lat' dir='ltr'><strong>quam</strong></span> <span class='ocrx_word' id='word_1_333' title='bbox 3247 1756 3391 1823; x_wconf 88' lang='lat' dir='ltr'><strong>quod</strong></span> 
     </span>
    </p>
   </div>
   <div class='ocr_carea' id='block_1_48' title="bbox 1823 1830 3390 1913">
    <p class='ocr_par' dir='ltr' id='par_1_48' title="bbox 1823 1830 3390 1913">
     <span class='ocr_line' id='line_1_48' title="bbox 1823 1830 3390 1913; baseline 0.011 -31"><span class='ocrx_word' id='word_1_334' title='bbox 1823 1830 1989 1886; x_wconf 87' lang='lat' dir='ltr'><strong>Deum</strong></span> <span class='ocrx_word' id='word_1_335' title='bbox 2037 1833 2273 1903; x_wconf 88' lang='lat' dir='ltr'><strong>seipsum</strong></span> <span class='ocrx_word' id='word_1_336' title='bbox 2319 1847 2373 1889; x_wconf 90' lang='lat' dir='ltr'><strong>et</strong></span> <span class='ocrx_word' id='word_1_337' title='bbox 2400 1837 2490 1890; x_wconf 92' lang='lat' dir='ltr'><strong>Dei</strong></span> <span class='ocrx_word' id='word_1_338' title='bbox 2541 1839 2738 1892; x_wconf 89' lang='lat' dir='ltr'><strong>Filium</strong></span> <span class='ocrx_word' id='word_1_339' title='bbox 2797 1843 3117 1910; x_wconf 87' lang='lat' dir='ltr'><strong>appellaret,</strong></span> <span class='ocrx_word' id='word_1_340' title='bbox 3157 1859 3390 1913; x_wconf 83' lang='lat' dir='ltr'><strong>cumque</strong></span> 
     </span>
    </p>
   </div>
   <div class='ocr_carea' id='block_1_49' title="bbox 1821 1925 3390 2000">
    <p class='ocr_par' dir='ltr' id='par_1_49' title="bbox 1821 1925 3390 2000">
     <span class='ocr_line' id='line_1_49' title="bbox 1821 1925 3390 2000; baseline 0.008 -22"><span class='ocrx_word' id='word_1_341' title='bbox 1821 1925 1886 1978; x_wconf 85' lang='lat' dir='ltr'><strong>ad</strong></span> <span class='ocrx_word' id='word_1_342' title='bbox 1920 1925 2023 1979; x_wconf 91' lang='lat' dir='ltr'><strong>hoc</strong></span> <span class='ocrx_word' id='word_1_343' title='bbox 2057 1927 2457 1981; x_wconf 87' lang='lat' dir='ltr'><strong>testiﬁcandum’</strong></span> <span class='ocrx_word' id='word_1_344' title='bbox 2480 1930 2631 1983; x_wconf 90' lang='lat' dir='ltr'><strong>multi</strong></span> <span class='ocrx_word' id='word_1_345' title='bbox 2670 1931 2782 1986; x_wconf 80' lang='lat' dir='ltr'><strong>falsi</strong></span> <span class='ocrx_word' id='word_1_346' title='bbox 2822 1942 2987 1988; x_wconf 86' lang='lat' dir='ltr'><strong>testes</strong></span> <span class='ocrx_word' id='word_1_347' title='bbox 3011 1935 3390 2000; x_wconf 84' lang='lat' dir='ltr'><strong>accessissent,</strong></span> 
     </span>
    </p>
   </div>
   <div class='ocr_carea' id='block_1_50' title="bbox 1821 2017 3390 2094">
    <p class='ocr_par' dir='ltr' id='par_1_50' title="bbox 1821 2017 3390 2094">
     <span class='ocr_line' id='line_1_50' title="bbox 1821 2017 3390 2094; baseline 0.007 -23"><span class='ocrx_word' id='word_1_348' title='bbox 1821 2017 1872 2072; x_wconf 93' lang='lat' dir='ltr'><strong>id</strong></span> <span class='ocrx_word' id='word_1_349' title='bbox 1906 2035 2009 2072; x_wconf 87' lang='lat' dir='ltr'><strong>non</strong></span> <span class='ocrx_word' id='word_1_350' title='bbox 2049 2019 2390 2074; x_wconf 83' lang='lat' dir='ltr'><strong>invenerunt.</strong></span> <span class='ocrx_word' id='word_1_351' title='bbox 2450 2021 2554 2090; x_wconf 70' lang='lat' dir='ltr'><strong>Ipsi</strong></span> <span class='ocrx_word' id='word_1_352' title='bbox 2589 2038 2716 2076; x_wconf 81' lang='lat' dir='ltr'><strong>vero</strong></span> <span class='ocrx_word' id='word_1_353' title='bbox 2762 2039 2906 2078; x_wconf 89' lang='lat' dir='ltr'><strong>nunc</strong></span> <span class='ocrx_word' id='word_1_354' title='bbox 2959 2035 3390 2094; x_wconf 87' lang='lat' dir='ltr'><strong>trangressorem</strong></span> 
     </span>
    </p>
   </div>
   <div class='ocr_carea' id='block_1_51' title="bbox 1818 2107 3376 2187">
    <p class='ocr_par' dir='ltr' id='par_1_51' title="bbox 1818 2107 3376 2187">
     <span class='ocr_line' id='line_1_51' title="bbox 1818 2107 3376 2187; baseline 0.009 -26"><span class='ocrx_word' id='word_1_355' title='bbox 1818 2107 2093 2162; x_wconf 88' lang='lat' dir='ltr'><strong>Christum</strong></span> <span class='ocrx_word' id='word_1_356' title='bbox 2136 2121 2324 2179; x_wconf 89' lang='lat' dir='ltr'><strong>aperte</strong></span> <span class='ocrx_word' id='word_1_357' title='bbox 2399 2112 2626 2176; x_wconf 90' lang='lat' dir='ltr'><strong>faciunt,</strong></span> <span class='ocrx_word' id='word_1_358' title='bbox 2667 2115 2899 2184; x_wconf 75' lang='lat' dir='ltr'><strong>jureque‘</strong></span> <span class='ocrx_word' id='word_1_359' title='bbox 2959 2119 3140 2187; x_wconf 89' lang='lat' dir='ltr'><strong>ipsum</strong></span> <span class='ocrx_word' id='word_1_360' title='bbox 3196 2135 3226 2173; x_wconf 88' lang='lat' dir='ltr'><strong>a</strong></span> <span class='ocrx_word' id='word_1_361' title='bbox 3275 2119 3376 2175; x_wconf 78' lang='lat' dir='ltr'><strong>Ju-</strong></span> 
     </span>
    </p>
   </div>
   <div class='ocr_carea' id='block_1_52' title="bbox 1750 2200 3390 2280">
    <p class='ocr_par' dir='ltr' id='par_1_52' title="bbox 1750 2200 3390 2280">
     <span class='ocr_line' id='line_1_52' title="bbox 1750 2200 3390 2280; baseline 0.005 -25"><span class='ocrx_word' id='word_1_362' title='bbox 1750 2252 1751 2255; x_wconf 44' lang='grc' dir='ltr'><strong>η</strong></span> <span class='ocrx_word' id='word_1_363' title='bbox 1819 2200 1950 2254; x_wconf 70' lang='lat' dir='ltr'><strong>dzeis</strong></span> <span class='ocrx_word' id='word_1_364' title='bbox 1971 2202 2306 2268; x_wconf 89' lang='lat' dir='ltr'><strong>damnatum,</strong></span> <span class='ocrx_word' id='word_1_365' title='bbox 2330 2205 2573 2260; x_wconf 85' lang='lat' dir='ltr'><strong>volentes</strong></span> <span class='ocrx_word' id='word_1_366' title='bbox 2607 2207 2852 2262; x_wconf 89' lang='lat' dir='ltr'><strong>nolentes</strong></span> <span class='ocrx_word' id='word_1_367' title='bbox 2887 2212 3101 2278; x_wconf 75' lang='lat' dir='ltr'><strong>egregie</strong></span> <span class='ocrx_word' id='word_1_368' title='bbox 3134 2225 3390 2280; x_wconf 82' lang='lat' dir='ltr'><strong>compro-</strong></span> 
     </span>
    </p>
   </div>
   <div class='ocr_carea' id='block_1_53' title="bbox 1818 2292 3387 2370">
    <p class='ocr_par' dir='ltr' id='par_1_53' title="bbox 1818 2292 3387 2370">
     <span class='ocr_line' id='line_1_53' title="bbox 1818 2292 3387 2370; baseline 0.005 -24"><span class='ocrx_word' id='word_1_369' title='bbox 1818 2292 1972 2346; x_wconf 83' lang='lat' dir='ltr'><strong>bant.</strong></span> <span class='ocrx_word' id='word_1_370' title='bbox 2013 2293 2076 2345; x_wconf 86' lang='lat' dir='ltr'><strong>lli</strong></span> <span class='ocrx_word' id='word_1_371' title='bbox 2109 2295 2367 2362; x_wconf 88' lang='lat' dir='ltr'><strong>profecto</strong></span> <span class='ocrx_word' id='word_1_372' title='bbox 2393 2295 2521 2348; x_wconf 84' lang='lat' dir='ltr'><strong>ﬁetu</strong></span> <span class='ocrx_word' id='word_1_373' title='bbox 2565 2307 2618 2353; x_wconf 85' lang='lat' dir='ltr'><strong>et</strong></span> <span class='ocrx_word' id='word_1_374' title='bbox 2652 2298 3024 2351; x_wconf 87' lang='lat' dir='ltr'><strong>misericordia</strong></span> <span class='ocrx_word' id='word_1_375' title='bbox 3064 2300 3208 2370; x_wconf 80' lang='lat' dir='ltr'><strong>digni</strong></span> <span class='ocrx_word' id='word_1_376' title='bbox 3238 2309 3387 2361; x_wconf 87' lang='lat' dir='ltr'><strong>sunt,</strong></span> 
     </span>
    </p>
   </div>
   <div class='ocr_carea' id='block_1_54' title="bbox 1818 2386 3389 2454">
    <p class='ocr_par' dir='ltr' id='par_1_54' title="bbox 1818 2386 3389 2454">
     <span class='ocr_line' id='line_1_54' title="bbox 1818 2386 3389 2454; baseline 0.005 -16"><span class='ocrx_word' id='word_1_377' title='bbox 1818 2386 1908 2454; x_wconf 89' lang='lat' dir='ltr'><strong>qui</strong></span> <span class='ocrx_word' id='word_1_378' title='bbox 1964 2387 2078 2438; x_wconf 67' lang='lat' dir='ltr'><strong>hmc</strong></span> <span class='ocrx_word' id='word_1_379' title='bbox 2109 2388 2318 2439; x_wconf 89' lang='lat' dir='ltr'><strong>dicunt.</strong></span> <span class='ocrx_word' id='word_1_380' title='bbox 2385 2388 2650 2442; x_wconf 63' lang='lat' dir='ltr'><strong>Praeterea</strong></span> <span class='ocrx_word' id='word_1_381' title='bbox 2723 2390 2767 2442; x_wconf 85' lang='lat' dir='ltr'><strong>si</strong></span> <span class='ocrx_word' id='word_1_382' title='bbox 2805 2392 3104 2445; x_wconf 86' lang='lat' dir='ltr'><strong>secundum</strong></span> <span class='ocrx_word' id='word_1_383' title='bbox 3151 2400 3389 2446; x_wconf 82' lang='lat' dir='ltr'><strong>vestram</strong></span> 
     </span>
    </p>
   </div>
   <div class='ocr_carea' id='block_1_55' title="bbox 1819 2472 3388 2552">
    <p class='ocr_par' dir='ltr' id='par_1_55' title="bbox 1819 2472 3388 2552">
     <span class='ocr_line' id='line_1_55' title="bbox 1819 2472 3388 2552; baseline 0.004 -21"><span class='ocrx_word' id='word_1_384' title='bbox 1819 2478 2176 2532; x_wconf 83' lang='lat' dir='ltr'><strong>intentionem</strong></span> <span class='ocrx_word' id='word_1_385' title='bbox 2209 2480 2563 2535; x_wconf 86' lang='lat' dir='ltr'><strong>fermentatus</strong></span> <span class='ocrx_word' id='word_1_386' title='bbox 2587 2492 2722 2547; x_wconf 86' lang='lat' dir='ltr'><strong>erat,</strong></span> <span class='ocrx_word' id='word_1_387' title='bbox 2757 2499 2934 2552; x_wconf 86' lang='lat' dir='ltr'><strong>neque</strong></span> <span class='ocrx_word' id='word_1_388' title='bbox 2969 2484 3048 2537; x_wconf 90' lang='lat' dir='ltr'><strong>sic</strong></span> <span class='ocrx_word' id='word_1_389' title='bbox 3078 2484 3198 2551; x_wconf 88' lang='lat' dir='ltr'><strong>jure</strong></span> <span class='ocrx_word' id='word_1_390' title='bbox 3233 2472 3388 2551; x_wconf 82' lang='lat' dir='ltr'><strong>pote-</strong></span> 
     </span>
    </p>
   </div>
   <div class='ocr_carea' id='block_1_56' title="bbox 1821 2571 3386 2647">
    <p class='ocr_par' dir='ltr' id='par_1_56' title="bbox 1821 2571 3386 2647">
     <span class='ocr_line' id='line_1_56' title="bbox 1821 2571 3386 2647; baseline 0.005 -25"><span class='ocrx_word' id='word_1_391' title='bbox 1821 2571 1917 2623; x_wconf 89' lang='lat' dir='ltr'><strong>stis</strong></span> <span class='ocrx_word' id='word_1_392' title='bbox 1937 2571 2233 2625; x_wconf 81' lang='lat' dir='ltr'><strong>Romanam</strong></span> <span class='ocrx_word' id='word_1_393' title='bbox 2265 2573 2578 2627; x_wconf 89' lang='lat' dir='ltr'><strong>insimulare</strong></span> <span class='ocrx_word' id='word_1_394' title='bbox 2600 2575 2918 2635; x_wconf 84' lang='lat' dir='ltr'><strong>Ecclcsiam,</strong></span> <span class='ocrx_word' id='word_1_395' title='bbox 2939 2578 3081 2645; x_wconf 87' lang='lat' dir='ltr'><strong>quod</strong></span> <span class='ocrx_word' id='word_1_396' title='bbox 3118 2578 3169 2629; x_wconf 92' lang='lat' dir='ltr'><strong>in</strong></span> <span class='ocrx_word' id='word_1_397' title='bbox 3194 2591 3386 2647; x_wconf 81' lang='lat' dir='ltr'><strong>azymo</strong></span> 
     </span>
    </p>
   </div>
   <div class='ocr_carea' id='block_1_57' title="bbox 1822 2662 3389 2732">
    <p class='ocr_par' dir='ltr' id='par_1_57' title="bbox 1822 2662 3389 2732">
     <span class='ocr_line' id='line_1_57' title="bbox 1822 2662 3389 2732; baseline 0.006 -19"><span class='ocrx_word' id='word_1_398' title='bbox 1822 2662 2122 2728; x_wconf 79' lang='lat' dir='ltr'><strong>sarriticat;</strong></span> <span class='ocrx_word' id='word_1_399' title='bbox 2177 2664 2629 2732; x_wconf 84' lang='lat' dir='ltr'><strong>quemadmodum</strong></span> <span class='ocrx_word' id='word_1_400' title='bbox 2679 2675 2731 2718; x_wconf 91' lang='lat' dir='ltr'><strong>et</strong></span> <span class='ocrx_word' id='word_1_401' title='bbox 2781 2683 2840 2718; x_wconf 82' lang='lat' dir='ltr'><strong>ea</strong></span> <span class='ocrx_word' id='word_1_402' title='bbox 2891 2666 3220 2721; x_wconf 89' lang='lat' dir='ltr'><strong>Orientalem</strong></span> <span class='ocrx_word' id='word_1_403' title='bbox 3277 2683 3389 2723; x_wconf 88' lang='lat' dir='ltr'><strong>non</strong></span> 
     </span>
    </p>
   </div>
   <div class='ocr_carea' id='block_1_58' title="bbox 1821 2755 3385 2828">
    <p class='ocr_par' dir='ltr' id='par_1_58' title="bbox 1821 2755 3385 2828">
     <span class='ocr_line' id='line_1_58' title="bbox 1821 2755 3385 2828; baseline 0.004 -23"><span class='ocrx_word' id='word_1_404' title='bbox 1821 2756 2187 2822; x_wconf 81' lang='lat' dir='ltr'><strong>reprehendit,</strong></span> <span class='ocrx_word' id='word_1_405' title='bbox 2219 2757 2263 2810; x_wconf 91' lang='lat' dir='ltr'><strong>si</strong></span> <span class='ocrx_word' id='word_1_406' title='bbox 2307 2757 2358 2809; x_wconf 88' lang='lat' dir='ltr'><strong>in</strong></span> <span class='ocrx_word' id='word_1_407' title='bbox 2396 2755 2719 2811; x_wconf 76' lang='lat' dir='ltr'><strong>fermentata</strong></span> <span class='ocrx_word' id='word_1_408' title='bbox 2748 2758 3043 2813; x_wconf 83' lang='lat' dir='ltr'><strong>sacriﬁcat.</strong></span> <span class='ocrx_word' id='word_1_409' title='bbox 3071 2760 3234 2828; x_wconf 86' lang='lat' dir='ltr'><strong>Atqui</strong></span> <span class='ocrx_word' id='word_1_410' title='bbox 3263 2775 3385 2814; x_wconf 88' lang='lat' dir='ltr'><strong>cum</strong></span> 
     </span>
    </p>
   </div>
   <div class='ocr_carea' id='block_1_59' title="bbox 1821 2847 3380 2920">
    <p class='ocr_par' dir='ltr' id='par_1_59' title="bbox 1821 2847 3380 2920">
     <span class='ocr_line' id='line_1_59' title="bbox 1821 2847 3380 2920; baseline 0.004 -21"><span class='ocrx_word' id='word_1_411' title='bbox 1821 2857 1984 2915; x_wconf 86' lang='lat' dir='ltr'><strong>caput</strong></span> <span class='ocrx_word' id='word_1_412' title='bbox 2034 2847 2291 2902; x_wconf 65' lang='lat' dir='ltr'><strong>Ecclesiae</strong></span> <span class='ocrx_word' id='word_1_413' title='bbox 2325 2849 2420 2912; x_wconf 89' lang='lat' dir='ltr'><strong>sit,</strong></span> <span class='ocrx_word' id='word_1_414' title='bbox 2457 2850 2706 2904; x_wconf 85' lang='lat' dir='ltr'><strong>incusare</strong></span> <span class='ocrx_word' id='word_1_415' title='bbox 2742 2860 2999 2920; x_wconf 35' lang='lat' dir='ltr'><strong>poteratp</strong></span> <span class='ocrx_word' id='word_1_416' title='bbox 3026 2862 3078 2904; x_wconf 87' lang='lat' dir='ltr'><strong>et</strong></span> <span class='ocrx_word' id='word_1_417' title='bbox 3118 2853 3380 2906; x_wconf 81' lang='lat' dir='ltr'><strong>damnare</strong></span> 
     </span>
    </p>
   </div>
   <div class='ocr_carea' id='block_1_60' title="bbox 1821 2938 3387 3012">
    <p class='ocr_par' dir='ltr' id='par_1_60' title="bbox 1821 2938 3387 3012">
     <span class='ocr_line' id='line_1_60' title="bbox 1821 2938 3387 3012; baseline 0.006 -24"><span class='ocrx_word' id='word_1_418' title='bbox 1821 2938 1909 3005; x_wconf 90' lang='lat' dir='ltr'><strong>qui</strong></span> <span class='ocrx_word' id='word_1_419' title='bbox 1943 2953 2062 2991; x_wconf 88' lang='lat' dir='ltr'><strong>eam</strong></span> <span class='ocrx_word' id='word_1_420' title='bbox 2112 2954 2218 2991; x_wconf 92' lang='lat' dir='ltr'><strong>non</strong></span> <span class='ocrx_word' id='word_1_421' title='bbox 2253 2949 2556 3007; x_wconf 91' lang='lat' dir='ltr'><strong>sequuntur</strong></span> <span class='ocrx_word' id='word_1_422' title='bbox 2589 2958 2601 2992; x_wconf 94' lang='lat'>:</span> <span class='ocrx_word' id='word_1_423' title='bbox 2637 2957 2762 2995; x_wconf 88' lang='lat' dir='ltr'><strong>nam</strong></span> <span class='ocrx_word' id='word_1_424' title='bbox 2816 2944 2932 3012; x_wconf 89' lang='lat' dir='ltr'><strong>ipsa</strong></span> <span class='ocrx_word' id='word_1_425' title='bbox 2973 2944 3200 2997; x_wconf 88' lang='lat' dir='ltr'><strong>ﬁrmiter</strong></span> <span class='ocrx_word' id='word_1_426' title='bbox 3236 2943 3387 2997; x_wconf 85' lang='lat' dir='ltr'><strong>novit</strong></span> 
     </span>
    </p>
   </div>
   <div class='ocr_carea' id='block_1_61' title="bbox 1823 3027 3385 3098">
    <p class='ocr_par' dir='ltr' id='par_1_61' title="bbox 1823 3027 3385 3098">
     <span class='ocr_line' id='line_1_61' title="bbox 1823 3027 3385 3098; baseline 0.006 -20"><span class='ocrx_word' id='word_1_427' title='bbox 1823 3027 1873 3078; x_wconf 92' lang='lat' dir='ltr'><strong>in</strong></span> <span class='ocrx_word' id='word_1_428' title='bbox 1898 3042 2088 3098; x_wconf 83' lang='lat' dir='ltr'><strong>azytno</strong></span> <span class='ocrx_word' id='word_1_429' title='bbox 2123 3027 2400 3082; x_wconf 84' lang='lat' dir='ltr'><strong>Christum</strong></span> <span class='ocrx_word' id='word_1_430' title='bbox 2431 3029 2790 3096; x_wconf 82' lang='lat' dir='ltr'><strong>sacriﬁcasse,</strong></span> <span class='ocrx_word' id='word_1_431' title='bbox 2829 3048 2950 3084; x_wconf 78' lang='lat' dir='ltr'><strong>ium</strong></span> <span class='ocrx_word' id='word_1_432' title='bbox 3000 3034 3053 3085; x_wconf 90' lang='lat' dir='ltr'><strong>in</strong></span> <span class='ocrx_word' id='word_1_433' title='bbox 3103 3033 3385 3087; x_wconf 71' lang='lat' dir='ltr'><strong>cmuaculo</strong></span> 
     </span>
    </p>
   </div>
   <div class='ocr_carea' id='block_1_62' title="bbox 1824 3122 3382 3190">
    <p class='ocr_par' dir='ltr' id='par_1_62' title="bbox 1824 3122 3382 3190">
     <span class='ocr_line' id='line_1_62' title="bbox 1824 3122 3382 3190; baseline 0.006 -18"><span class='ocrx_word' id='word_1_434' title='bbox 1824 3135 1930 3172; x_wconf 87' lang='lat' dir='ltr'><strong>una</strong></span> <span class='ocrx_word' id='word_1_435' title='bbox 1965 3137 2082 3172; x_wconf 76' lang='lat' dir='ltr'><strong>rum</strong></span> <span class='ocrx_word' id='word_1_436' title='bbox 2117 3122 2230 3174; x_wconf 90' lang='lat' dir='ltr'><strong>suis</strong></span> <span class='ocrx_word' id='word_1_437' title='bbox 2272 3122 2551 3190; x_wconf 83' lang='lat' dir='ltr'><strong>discipulis</strong></span> <span class='ocrx_word' id='word_1_438' title='bbox 2602 3125 2836 3178; x_wconf 68' lang='lat' dir='ltr'><strong>cantavit</strong></span> <span class='ocrx_word' id='word_1_439' title='bbox 2865 3165 2879 3189; x_wconf 89' lang='lat'><strong>,</strong></span> <span class='ocrx_word' id='word_1_440' title='bbox 2917 3135 2970 3178; x_wconf 90' lang='lat' dir='ltr'><strong>et</strong></span> <span class='ocrx_word' id='word_1_441' title='bbox 3003 3126 3255 3178; x_wconf 84' lang='lat' dir='ltr'><strong>similiter</strong></span> <span class='ocrx_word' id='word_1_442' title='bbox 3286 3141 3382 3181; x_wconf 86' lang='lat' dir='ltr'><strong>eos</strong></span> 
     </span>
    </p>
   </div>
   <div class='ocr_carea' id='block_1_63' title="bbox 131 3185 1720 3282">
    <p class='ocr_par' dir='ltr' id='par_1_63' title="bbox 131 3185 1710 3259">
     <span class='ocr_line' id='line_1_63' title="bbox 131 3185 1710 3259; baseline 0.012 -30"><span class='ocrx_word' id='word_1_443' title='bbox 131 3197 253 3240; x_wconf 73' lang='grc' dir='ltr'><strong>τως</strong></span> <span class='ocrx_word' id='word_1_444' title='bbox 305 3185 481 3233; x_wconf 83' lang='grc' dir='ltr'><strong>ποιεῖν</strong></span> <span class='ocrx_word' id='word_1_445' title='bbox 537 3186 734 3244; x_wconf 77' lang='grc' dir='ltr'>αὐτοὺς</span> <span class='ocrx_word' id='word_1_446' title='bbox 788 3189 870 3250; x_wconf 77' lang='grc' dir='ltr'><strong>εἰς</strong></span> <span class='ocrx_word' id='word_1_447' title='bbox 925 3193 1148 3259; x_wconf 86' lang='grc' dir='ltr'>μνήμην</span> <span class='ocrx_word' id='word_1_448' title='bbox 1189 3193 1351 3246; x_wconf 75' lang='grc' dir='ltr'>αὐτοῦ</span> <span class='ocrx_word' id='word_1_449' title='bbox 1403 3197 1710 3256; x_wconf 78' lang='grc' dir='ltr'>ἐκέλευσε-ι,</span> 
     </span>
    </p>
   </div>
   <div class='ocr_carea' id='block_1_64' title="bbox 1822 3185 3390 3282">
    <p class='ocr_par' dir='ltr' id='par_1_64' title="bbox 1822 3212 3390 3282">
     <span class='ocr_line' id='line_1_64' title="bbox 1822 3212 3390 3282; baseline 0.006 -19"><span class='ocrx_word' id='word_1_450' title='bbox 1822 3212 1871 3263; x_wconf 93' lang='lat' dir='ltr'><strong>in</strong></span> <span class='ocrx_word' id='word_1_451' title='bbox 1901 3226 2053 3265; x_wconf 83' lang='lat' dir='ltr'><strong>suam</strong></span> <span class='ocrx_word' id='word_1_452' title='bbox 2088 3215 2660 3267; x_wconf 84' lang='lat' dir='ltr'><strong>commemorationem</strong></span> <span class='ocrx_word' id='word_1_453' title='bbox 2687 3215 2851 3282; x_wconf 90' lang='lat' dir='ltr'><strong>jussit</strong></span> <span class='ocrx_word' id='word_1_454' title='bbox 2881 3215 3077 3271; x_wconf 87' lang='lat' dir='ltr'><strong>facere.</strong></span> <span class='ocrx_word' id='word_1_455' title='bbox 3111 3217 3268 3282; x_wconf 86' lang='lat' dir='ltr'><strong>Quod</strong></span> <span class='ocrx_word' id='word_1_456' title='bbox 3290 3234 3390 3272; x_wconf 55' lang='lat' dir='ltr'><strong>au-</strong></span> 
     </span>
    </p>
   </div>
   <div class='ocr_carea' id='block_1_65' title="bbox 135 3273 1716 3355">
    <p class='ocr_par' dir='ltr' id='par_1_65' title="bbox 135 3273 1716 3355">
     <span class='ocr_line' id='line_1_65' title="bbox 135 3273 1716 3355; baseline 0.013 -32"><span class='ocrx_word' id='word_1_457' title='bbox 135 3273 270 3324; x_wconf 87' lang='grc' dir='ltr'>Ὅτι</span> <span class='ocrx_word' id='word_1_458' title='bbox 298 3274 356 3326; x_wconf 84' lang='grc' dir='ltr'><strong>δὲ</strong></span> <span class='ocrx_word' id='word_1_459' title='bbox 383 3275 477 3328; x_wconf 76' lang='grc' dir='ltr'>καὶ</span> <span class='ocrx_word' id='word_1_460' title='bbox 516 3278 574 3330; x_wconf 82' lang='grc' dir='ltr'><strong>ὲν</strong></span> <span class='ocrx_word' id='word_1_461' title='bbox 605 3279 743 3332; x_wconf 77' lang='grc' dir='ltr'><strong>ἑπτὰ</strong></span> <span class='ocrx_word' id='word_1_462' title='bbox 772 3283 1008 3350; x_wconf 82' lang='grc' dir='ltr'>ἡμέραις</span> <span class='ocrx_word' id='word_1_463' title='bbox 1047 3285 1137 3336; x_wconf 73' lang='grc' dir='ltr'><strong>τοῦ</strong></span> <span class='ocrx_word' id='word_1_464' title='bbox 1183 3287 1393 3355; x_wconf 82' lang='grc' dir='ltr'><strong>Πάσχα,</strong></span> <span class='ocrx_word' id='word_1_465' title='bbox 1422 3290 1482 3341; x_wconf 80' lang='grc' dir='ltr'>οὐ</span> <span class='ocrx_word' id='word_1_466' title='bbox 1515 3291 1598 3342; x_wconf 85' lang='grc' dir='ltr'><strong>δεῖ</strong></span> <span class='ocrx_word' id='word_1_467' title='bbox 1631 3294 1716 3344; x_wconf 87' lang='grc' dir='ltr'><strong>εὑ-</strong></span> 
     </span>
    </p>
   </div>
   <div class='ocr_carea' id='block_1_66' title="bbox 138 3368 1718 3456">
    <p class='ocr_par' dir='ltr' id='par_1_66' title="bbox 138 3368 1718 3456">
     <span class='ocr_line' id='line_1_66' title="bbox 138 3368 1718 3456; baseline 0.011 -37"><span class='ocrx_word' id='word_1_468' title='bbox 138 3368 372 3436; x_wconf 78' lang='grc' dir='ltr'>ρεθῆναι</span> <span class='ocrx_word' id='word_1_469' title='bbox 427 3371 680 3440; x_wconf 77' lang='grc' dir='ltr'>ἔνζυμον,</span> <span class='ocrx_word' id='word_1_470' title='bbox 733 3376 826 3427; x_wconf 77' lang='grc' dir='ltr'>τοῦ</span> <span class='ocrx_word' id='word_1_471' title='bbox 862 3378 1247 3448; x_wconf 79' lang='grc' dir='ltr'>Χρυσοστόμου</span> <span class='ocrx_word' id='word_1_472' title='bbox 1308 3384 1469 3436; x_wconf 84' lang='grc' dir='ltr'>πάλιν</span> <span class='ocrx_word' id='word_1_473' title='bbox 1505 3387 1718 3456; x_wconf 59' lang='lat' dir='ltr'><strong>turpe;</strong></span> 
     </span>
    </p>
   </div>
   <div class='ocr_carea' id='block_1_67' title="bbox 131 3457 1715 3543">
    <p class='ocr_par' dir='ltr' id='par_1_67' title="bbox 131 3457 1715 3543">
     <span class='ocr_line' id='line_1_67' title="bbox 131 3457 1715 3543; baseline 0.009 -32"><span class='ocrx_word' id='word_1_474' title='bbox 131 3457 494 3527; x_wconf 83' lang='grc' dir='ltr'>ἀκούσωμεν,</span> <span class='ocrx_word' id='word_1_475' title='bbox 522 3463 580 3514; x_wconf 75' lang='grc' dir='ltr'><strong>ἐν</strong></span> <span class='ocrx_word' id='word_1_476' title='bbox 605 3465 670 3531; x_wconf 82' lang='grc' dir='ltr'>τῇ</span> <span class='ocrx_word' id='word_1_477' title='bbox 703 3465 838 3533; x_wconf 73' lang='grc' dir='ltr'>πρὸς</span> <span class='ocrx_word' id='word_1_478' title='bbox 866 3467 1187 3536; x_wconf 81' lang='grc' dir='ltr'>Κορινθίους</span> <span class='ocrx_word' id='word_1_479' title='bbox 1211 3472 1405 3543; x_wconf 83' lang='grc' dir='ltr'>πρώτῃ</span> <span class='ocrx_word' id='word_1_480' title='bbox 1435 3475 1715 3542; x_wconf 48' lang='grc' dir='ltr'>ἐπιστολῇ</span> 
     </span>
    </p>
   </div>
   <div class='ocr_carea' id='block_1_68' title="bbox 136 3553 1720 3636">
    <p class='ocr_par' dir='ltr' id='par_1_68' title="bbox 136 3553 1720 3636">
     <span class='ocr_line' id='line_1_68' title="bbox 136 3553 1720 3636; baseline 0.013 -35"><span class='ocrx_word' id='word_1_481' title='bbox 136 3553 283 3619; x_wconf 70' lang='grc' dir='ltr'><strong>φησὶ</strong></span> <span class='ocrx_word' id='word_1_482' title='bbox 313 3553 416 3621; x_wconf 83' lang='grc' dir='ltr'>γάρ</span> <span class='ocrx_word' id='word_1_483' title='bbox 441 3569 456 3584; x_wconf 77' lang='grc'><strong>⁸</strong></span> <span class='ocrx_word' id='word_1_484' title='bbox 493 3573 511 3604; x_wconf 80' lang='grc' dir='ltr'><strong>ι</strong></span> <span class='ocrx_word' id='word_1_485' title='bbox 552 3555 823 3624; x_wconf 75' lang='grc' dir='ltr'>Πρότερον</span> <span class='ocrx_word' id='word_1_486' title='bbox 847 3557 1110 3627; x_wconf 75' lang='grc' dir='ltr'>εἴπωμεν,</span> <span class='ocrx_word' id='word_1_487' title='bbox 1138 3563 1221 3615; x_wconf 73' lang='grc' dir='ltr'>διὰ</span> <span class='ocrx_word' id='word_1_488' title='bbox 1250 3564 1304 3615; x_wconf 78' lang='grc' dir='ltr'><strong>τί</strong></span> <span class='ocrx_word' id='word_1_489' title='bbox 1330 3567 1392 3617; x_wconf 80' lang='grc' dir='ltr'><strong>ἐκ</strong></span> <span class='ocrx_word' id='word_1_490' title='bbox 1425 3570 1531 3620; x_wconf 87' lang='grc' dir='ltr'><strong>τῶν</strong></span> <span class='ocrx_word' id='word_1_491' title='bbox 1555 3569 1720 3636; x_wconf 64' lang='grc' dir='ltr'>ὁρίων</span> 
     </span>
    </p>
   </div>
   <div class='ocr_carea' id='block_1_69' title="bbox 134 3643 1721 3720">
    <p class='ocr_par' dir='ltr' id='par_1_69' title="bbox 134 3643 1721 3720">
     <span class='ocr_line' id='line_1_69' title="bbox 134 3643 1721 3720; baseline 0.013 -26"><span class='ocrx_word' id='word_1_492' title='bbox 134 3643 369 3696; x_wconf 80' lang='grc' dir='ltr'>πάντων</span> <span class='ocrx_word' id='word_1_493' title='bbox 413 3645 772 3698; x_wconf 74' lang='grc' dir='ltr'>ἀπελαύνεται</span> <span class='ocrx_word' id='word_1_494' title='bbox 814 3649 846 3717; x_wconf 82' lang='grc' dir='ltr'>ἡ</span> <span class='ocrx_word' id='word_1_495' title='bbox 900 3649 1067 3720; x_wconf 79' lang='grc' dir='ltr'>ζύμη.</span> <span class='ocrx_word' id='word_1_496' title='bbox 1123 3653 1188 3704; x_wconf 86' lang='grc' dir='ltr'>Τί</span> <span class='ocrx_word' id='word_1_497' title='bbox 1231 3651 1324 3708; x_wconf 75' lang='grc' dir='ltr'>οὖν</span> <span class='ocrx_word' id='word_1_498' title='bbox 1375 3658 1492 3711; x_wconf 83' lang='grc' dir='ltr'>ἐστι</span> <span class='ocrx_word' id='word_1_499' title='bbox 1531 3661 1590 3712; x_wconf 78' lang='grc' dir='ltr'><strong>τὸ</strong></span> <span class='ocrx_word' id='word_1_500' title='bbox 1638 3663 1721 3715; x_wconf 78' lang='grc' dir='ltr'>αῖ-</span> 
     </span>
    </p>
   </div>
   <div class='ocr_carea' id='block_1_70' title="bbox 134 3738 1716 3812">
    <p class='ocr_par' dir='ltr' id='par_1_70' title="bbox 134 3738 1716 3812">
     <span class='ocr_line' id='line_1_70' title="bbox 134 3738 1716 3812; baseline 0.015 -26"><span class='ocrx_word' id='word_1_501' title='bbox 134 3752 315 3807; x_wconf 85' lang='grc' dir='ltr'>νιγμα</span> <span class='ocrx_word' id='word_1_502' title='bbox 344 3753 358 3801; x_wconf 90' lang='grc'>;</span> <span class='ocrx_word' id='word_1_503' title='bbox 389 3738 569 3806; x_wconf 79' lang='grc' dir='ltr'>πάσης</span> <span class='ocrx_word' id='word_1_504' title='bbox 598 3741 862 3811; x_wconf 73' lang='grc' dir='ltr'>πονηρίας</span> <span class='ocrx_word' id='word_1_505' title='bbox 894 3743 1237 3812; x_wconf 81' lang='grc' dir='ltr'>ἀπηλλάχθαι</span> <span class='ocrx_word' id='word_1_506' title='bbox 1275 3748 1355 3800; x_wconf 88' lang='grc' dir='ltr'><strong>δεῖ</strong></span> <span class='ocrx_word' id='word_1_507' title='bbox 1380 3751 1472 3802; x_wconf 74' lang='grc' dir='ltr'><strong>τὸν</strong></span> <span class='ocrx_word' id='word_1_508' title='bbox 1501 3755 1716 3809; x_wconf 71' lang='grc' dir='ltr'>πιστόν.</span> 
     </span>
    </p>
   </div>
   <div class='ocr_carea' id='block_1_71' title="bbox 137 3829 1719 3912">
    <p class='ocr_par' dir='ltr' id='par_1_71' title="bbox 137 3829 1719 3912">
     <span class='ocr_line' id='line_1_71' title="bbox 137 3829 1719 3912; baseline 0.013 -34"><span class='ocrx_word' id='word_1_509' title='bbox 137 3829 364 3896; x_wconf 75' lang='grc' dir='ltr'>Ὠσπερ</span> <span class='ocrx_word' id='word_1_510' title='bbox 393 3831 499 3898; x_wconf 84' lang='grc' dir='ltr'>γὰρ</span> <span class='ocrx_word' id='word_1_511' title='bbox 534 3832 743 3894; x_wconf 79' lang='grc' dir='ltr'>ἐκεῖνος</span> <span class='ocrx_word' id='word_1_512' title='bbox 772 3834 1066 3888; x_wconf 75' lang='grc' dir='ltr'>ἀπόλλυται</span> <span class='ocrx_word' id='word_1_513' title='bbox 1116 3839 1250 3891; x_wconf 78' lang='grc' dir='ltr'>ὅπου</span> <span class='ocrx_word' id='word_1_514' title='bbox 1283 3840 1348 3892; x_wconf 85' lang='grc' dir='ltr'>ἂν</span> <span class='ocrx_word' id='word_1_515' title='bbox 1379 3842 1576 3912; x_wconf 81' lang='grc' dir='ltr'>εὑρεθῇ</span> <span class='ocrx_word' id='word_1_516' title='bbox 1615 3862 1719 3897; x_wconf 87' lang='grc' dir='ltr'>πα-</span> 
     </span>
    </p>
   </div>
   <div class='ocr_carea' id='block_1_72' title="bbox 132 3921 1716 4007">
    <p class='ocr_par' dir='ltr' id='par_1_72' title="bbox 132 3921 1716 4007">
     <span class='ocr_line' id='line_1_72' title="bbox 132 3921 1716 4007; baseline 0.013 -37"><span class='ocrx_word' id='word_1_517' title='bbox 132 3921 273 3974; x_wconf 73' lang='grc' dir='ltr'>λαιὰ</span> <span class='ocrx_word' id='word_1_518' title='bbox 309 3922 475 3990; x_wconf 76' lang='grc' dir='ltr'>ζύμη,</span> <span class='ocrx_word' id='word_1_519' title='bbox 524 3923 666 3976; x_wconf 75' lang='grc' dir='ltr'>οὕτω</span> <span class='ocrx_word' id='word_1_520' title='bbox 701 3926 794 3978; x_wconf 76' lang='grc' dir='ltr'>καὶ</span> <span class='ocrx_word' id='word_1_521' title='bbox 851 3928 982 3995; x_wconf 76' lang='grc' dir='ltr'>παρ’</span> <span class='ocrx_word' id='word_1_522' title='bbox 1029 3930 1186 3997; x_wconf 78' lang='grc' dir='ltr'>ἡμῖν,</span> <span class='ocrx_word' id='word_1_523' title='bbox 1234 3930 1363 3985; x_wconf 78' lang='grc' dir='ltr'>ἔνθα</span> <span class='ocrx_word' id='word_1_524' title='bbox 1413 3934 1478 3985; x_wconf 83' lang='grc' dir='ltr'><strong>ἂν</strong></span> <span class='ocrx_word' id='word_1_525' title='bbox 1518 3937 1716 4007; x_wconf 82' lang='grc' dir='ltr'>εὑρεθῇ</span> 
     </span>
    </p>
   </div>
   <div class='ocr_carea' id='block_1_73' title="bbox 132 4017 1714 4099">
    <p class='ocr_par' dir='ltr' id='par_1_73' title="bbox 132 4017 1714 4099">
     <span class='ocr_line' id='line_1_73' title="bbox 132 4017 1714 4099; baseline 0.009 -32"><span class='ocrx_word' id='word_1_526' title='bbox 132 4017 384 4082; x_wconf 69' lang='grc' dir='ltr'>πονηρία</span> <span class='ocrx_word' id='word_1_527' title='bbox 406 4031 419 4045; x_wconf 86' lang='grc'><em>’</em></span> <span class='ocrx_word' id='word_1_528' title='bbox 458 4017 517 4068; x_wconf 79' lang='grc' dir='ltr'>οὗ</span> <span class='ocrx_word' id='word_1_529' title='bbox 553 4018 658 4088; x_wconf 81' lang='grc' dir='ltr'>γὰρ</span> <span class='ocrx_word' id='word_1_530' title='bbox 705 4019 876 4086; x_wconf 84' lang='grc' dir='ltr'>δήπου</span> <span class='ocrx_word' id='word_1_531' title='bbox 911 4022 1001 4072; x_wconf 74' lang='grc' dir='ltr'><strong>ἐπὶ</strong></span> <span class='ocrx_word' id='word_1_532' title='bbox 1033 4024 1131 4089; x_wconf 84' lang='grc' dir='ltr'>μὲν</span> <span class='ocrx_word' id='word_1_533' title='bbox 1162 4026 1260 4093; x_wconf 82' lang='grc' dir='ltr'>τῆς</span> <span class='ocrx_word' id='word_1_534' title='bbox 1294 4028 1452 4089; x_wconf 79' lang='grc' dir='ltr'>σκιᾶς</span> <span class='ocrx_word' id='word_1_535' title='bbox 1480 4030 1647 4099; x_wconf 83' lang='grc' dir='ltr'>πολλὴ</span> <span class='ocrx_word' id='word_1_536' title='bbox 1681 4033 1714 4098; x_wconf 87' lang='grc' dir='ltr'>ἠ</span> 
     </span>
    </p>
   </div>
   <div class='ocr_carea' id='block_1_74' title="bbox 130 4106 1716 4184">
    <p class='ocr_par' dir='ltr' id='par_1_74' title="bbox 130 4106 1716 4184">
     <span class='ocr_line' id='line_1_74' title="bbox 130 4106 1716 4184; baseline 0.006 -25"><span class='ocrx_word' id='word_1_537' title='bbox 130 4106 387 4168; x_wconf 78' lang='grc' dir='ltr'>κόλασις,</span> <span class='ocrx_word' id='word_1_538' title='bbox 433 4108 522 4157; x_wconf 77' lang='grc' dir='ltr'><strong>ἐπὶ</strong></span> <span class='ocrx_word' id='word_1_539' title='bbox 562 4107 618 4159; x_wconf 80' lang='grc' dir='ltr'><strong>δὲ</strong></span> <span class='ocrx_word' id='word_1_540' title='bbox 671 4109 853 4176; x_wconf 75' lang='grc' dir='ltr'>ἡμῶν,</span> <span class='ocrx_word' id='word_1_541' title='bbox 900 4111 960 4162; x_wconf 86' lang='grc' dir='ltr'>οὐ</span> <span class='ocrx_word' id='word_1_542' title='bbox 1018 4112 1196 4179; x_wconf 87' lang='grc' dir='ltr'>πολλῷ</span> <span class='ocrx_word' id='word_1_543' title='bbox 1234 4114 1458 4181; x_wconf 79' lang='grc' dir='ltr'>μείζων.</span> <span class='ocrx_word' id='word_1_544' title='bbox 1510 4117 1572 4168; x_wconf 84' lang='grc' dir='ltr'>Εἰ</span> <span class='ocrx_word' id='word_1_545' title='bbox 1610 4119 1716 4184; x_wconf 71' lang='grc' dir='ltr'>γὰρ</span> 
     </span>
    </p>
   </div>
   <div class='ocr_carea' id='block_1_75' title="bbox 129 4197 1718 4272">
    <p class='ocr_par' dir='ltr' id='par_1_75' title="bbox 129 4197 1718 4272">
     <span class='ocr_line' id='line_1_75' title="bbox 129 4197 1718 4272; baseline 0.008 -24"><span class='ocrx_word' id='word_1_546' title='bbox 129 4197 243 4259; x_wconf 81' lang='grc' dir='ltr'>τὰς</span> <span class='ocrx_word' id='word_1_547' title='bbox 275 4198 450 4254; x_wconf 74' lang='grc' dir='ltr'>οἰκίας</span> <span class='ocrx_word' id='word_1_548' title='bbox 498 4199 638 4251; x_wconf 78' lang='grc' dir='ltr'>οὕτω</span> <span class='ocrx_word' id='word_1_549' title='bbox 691 4200 1070 4266; x_wconf 87' lang='grc' dir='ltr'>καθαίρουσιν,</span> <span class='ocrx_word' id='word_1_550' title='bbox 1105 4203 1178 4264; x_wconf 77' lang='grc' dir='ltr'>ὡς</span> <span class='ocrx_word' id='word_1_551' title='bbox 1229 4206 1323 4256; x_wconf 74' lang='grc' dir='ltr'><strong>καὶ</strong></span> <span class='ocrx_word' id='word_1_552' title='bbox 1375 4207 1533 4272; x_wconf 83' lang='grc' dir='ltr'>μυῶν</span> <span class='ocrx_word' id='word_1_553' title='bbox 1580 4208 1718 4267; x_wconf 76' lang='grc' dir='ltr'>ὀπὰς</span> 
     </span>
    </p>
   </div>
   <div class='ocr_carea' id='block_1_76' title="bbox 131 4290 1718 4367">
    <p class='ocr_par' dir='ltr' id='par_1_76' title="bbox 131 4290 1718 4367">
     <span class='ocr_line' id='line_1_76' title="bbox 131 4290 1718 4367; baseline 0.006 -27"><span class='ocrx_word' id='word_1_554' title='bbox 131 4290 592 4357; x_wconf 71' lang='grc' dir='ltr'>περιεργάζεται,</span> <span class='ocrx_word' id='word_1_555' title='bbox 627 4292 806 4360; x_wconf 87' lang='grc' dir='ltr'>πολλῷ</span> <span class='ocrx_word' id='word_1_556' title='bbox 837 4293 1038 4358; x_wconf 72' lang='grc' dir='ltr'>μᾶλλον</span> <span class='ocrx_word' id='word_1_557' title='bbox 1077 4297 1227 4363; x_wconf 80' lang='grc' dir='ltr'>ἡμᾶς</span> <span class='ocrx_word' id='word_1_558' title='bbox 1265 4295 1362 4365; x_wconf 81' lang='grc' dir='ltr'><strong>τὴν</strong></span> <span class='ocrx_word' id='word_1_559' title='bbox 1401 4297 1578 4367; x_wconf 79' lang='grc' dir='ltr'>ψυχὴν</span> <span class='ocrx_word' id='word_1_560' title='bbox 1611 4299 1718 4350; x_wconf 83' lang='grc' dir='ltr'>διε-</span> 
     </span>
    </p>
   </div>
   <div class='ocr_carea' id='block_1_77' title="bbox 129 4380 1717 4456">
    <p class='ocr_par' dir='ltr' id='par_1_77' title="bbox 129 4380 1717 4456">
     <span class='ocr_line' id='line_1_77' title="bbox 129 4380 1717 4456; baseline 0.007 -25"><span class='ocrx_word' id='word_1_561' title='bbox 129 4380 439 4451; x_wconf 76' lang='grc' dir='ltr'>ρευνᾶσθαι</span> <span class='ocrx_word' id='word_1_562' title='bbox 489 4383 588 4433; x_wconf 89' lang='grc' dir='ltr'>δεῖ.</span> <span class='ocrx_word' id='word_1_563' title='bbox 641 4401 660 4433; x_wconf 73' lang='grc' dir='ltr'>ι</span> <span class='ocrx_word' id='word_1_564' title='bbox 719 4384 871 4436; x_wconf 76' lang='grc' dir='ltr'><strong>Ἐπεὶ</strong></span> <span class='ocrx_word' id='word_1_565' title='bbox 905 4380 999 4437; x_wconf 73' lang='grc' dir='ltr'><strong>οὖν</strong></span> <span class='ocrx_word' id='word_1_566' title='bbox 1039 4386 1188 4452; x_wconf 81' lang='grc' dir='ltr'>μυῶν</span> <span class='ocrx_word' id='word_1_567' title='bbox 1223 4387 1364 4449; x_wconf 66' lang='grc' dir='ltr'>ὀπὰς</span> <span class='ocrx_word' id='word_1_568' title='bbox 1415 4391 1717 4456; x_wconf 85' lang='grc' dir='ltr'>περιεργὰ-</span> 
     </span>
    </p>
   </div>
   <div class='ocr_carea' id='block_1_78' title="bbox 129 4473 1716 4548">
    <p class='ocr_par' dir='ltr' id='par_1_78' title="bbox 129 4473 1716 4548">
     <span class='ocr_line' id='line_1_78' title="bbox 129 4473 1716 4548; baseline 0.007 -25"><span class='ocrx_word' id='word_1_569' title='bbox 129 4473 350 4536; x_wconf 77' lang='grc' dir='ltr'>ζονται,</span> <span class='ocrx_word' id='word_1_570' title='bbox 388 4473 565 4539; x_wconf 66' lang='grc' dir='ltr'>πο)λῷ</span> <span class='ocrx_word' id='word_1_571' title='bbox 600 4474 799 4540; x_wconf 76' lang='grc' dir='ltr'>μᾶλλον</span> <span class='ocrx_word' id='word_1_572' title='bbox 824 4478 1282 4544; x_wconf 79' lang='grc' dir='ltr'>περιεργάσαιντο</span> <span class='ocrx_word' id='word_1_573' title='bbox 1324 4481 1408 4544; x_wconf 84' lang='grc' dir='ltr'>ἂν,</span> <span class='ocrx_word' id='word_1_574' title='bbox 1449 4483 1497 4532; x_wconf 86' lang='grc' dir='ltr'>εί</span> <span class='ocrx_word' id='word_1_575' title='bbox 1535 4482 1561 4532; x_wconf 82' lang='grc' dir='ltr'><strong>ὁ</strong></span> <span class='ocrx_word' id='word_1_576' title='bbox 1588 4483 1716 4548; x_wconf 87' lang='grc' dir='ltr'>Χρι-</span> 
     </span>
    </p>
   </div>
   <div class='ocr_carea' id='block_1_79' title="bbox 1823 3300 3387 3370">
    <p class='ocr_par' dir='ltr' id='par_1_79' title="bbox 1823 3300 3387 3370">
     <span class='ocr_line' id='line_1_79' title="bbox 1823 3300 3387 3370; baseline 0.006 -17"><span class='ocrx_word' id='word_1_577' title='bbox 1823 3308 1927 3353; x_wconf 87' lang='lat' dir='ltr'><strong>tem</strong></span> <span class='ocrx_word' id='word_1_578' title='bbox 1956 3301 2009 3353; x_wconf 92' lang='lat' dir='ltr'><strong>in</strong></span> <span class='ocrx_word' id='word_1_579' title='bbox 2046 3300 2108 3354; x_wconf 93' lang='lat' dir='ltr'><strong>iis</strong></span> <span class='ocrx_word' id='word_1_580' title='bbox 2146 3311 2351 3370; x_wconf 89' lang='lat' dir='ltr'><strong>septem</strong></span> <span class='ocrx_word' id='word_1_581' title='bbox 2386 3302 2608 3358; x_wconf 69' lang='lat' dir='ltr'><strong>Pascha:</strong></span> <span class='ocrx_word' id='word_1_582' title='bbox 2639 3307 2847 3367; x_wconf 80' lang='lat' dir='ltr'><strong>diebus,</strong></span> <span class='ocrx_word' id='word_1_583' title='bbox 2878 3306 3260 3361; x_wconf 87' lang='lat' dir='ltr'><strong>fermentatum</strong></span> <span class='ocrx_word' id='word_1_584' title='bbox 3293 3323 3387 3364; x_wconf 85' lang='lat' dir='ltr'><strong>es-</strong></span> 
     </span>
    </p>
   </div>
   <div class='ocr_carea' id='block_1_80' title="bbox 1821 3389 3388 3459">
    <p class='ocr_par' dir='ltr' id='par_1_80' title="bbox 1821 3389 3388 3459">
     <span class='ocr_line' id='line_1_80' title="bbox 1821 3389 3388 3459; baseline 0.004 -18"><span class='ocrx_word' id='word_1_585' title='bbox 1821 3398 1902 3441; x_wconf 91' lang='lat' dir='ltr'><strong>set</strong></span> <span class='ocrx_word' id='word_1_586' title='bbox 1928 3389 2174 3454; x_wconf 86' lang='lat' dir='ltr'><strong>vetitum,</strong></span> <span class='ocrx_word' id='word_1_587' title='bbox 2217 3389 2672 3459; x_wconf 85' lang='lat' dir='ltr'><strong>Chrysostomum</strong></span> <span class='ocrx_word' id='word_1_588' title='bbox 2713 3390 2923 3446; x_wconf 85' lang='lat' dir='ltr'><strong>Patrem</strong></span> <span class='ocrx_word' id='word_1_589' title='bbox 2959 3409 3148 3448; x_wconf 88' lang='lat' dir='ltr'><strong>rursus</strong></span> <span class='ocrx_word' id='word_1_590' title='bbox 3190 3393 3388 3448; x_wconf 77' lang='lat' dir='ltr'><strong>audia-</strong></span> 
     </span>
    </p>
   </div>
   <div class='ocr_carea' id='block_1_81' title="bbox 1819 3479 3391 3552">
    <p class='ocr_par' dir='ltr' id='par_1_81' title="bbox 1819 3479 3391 3552">
     <span class='ocr_line' id='line_1_81' title="bbox 1819 3479 3391 3552; baseline 0.004 -21"><span class='ocrx_word' id='word_1_591' title='bbox 1819 3493 1962 3542; x_wconf 86' lang='lat' dir='ltr'><strong>mus,</strong></span> <span class='ocrx_word' id='word_1_592' title='bbox 2010 3479 2062 3532; x_wconf 93' lang='lat' dir='ltr'><strong>in</strong></span> <span class='ocrx_word' id='word_1_593' title='bbox 2123 3480 2351 3547; x_wconf 83' lang='lat' dir='ltr'><strong>primam</strong></span> <span class='ocrx_word' id='word_1_594' title='bbox 2404 3482 2469 3534; x_wconf 88' lang='lat' dir='ltr'><strong>ad</strong></span> <span class='ocrx_word' id='word_1_595' title='bbox 2511 3481 2821 3535; x_wconf 83' lang='lat' dir='ltr'><strong>Corinthios</strong></span> <span class='ocrx_word' id='word_1_596' title='bbox 2868 3481 3206 3552; x_wconf 82' lang='lat' dir='ltr'><strong>Epistolam;</strong></span> <span class='ocrx_word' id='word_1_597' title='bbox 3257 3482 3391 3537; x_wconf 87' lang='lat' dir='ltr'><strong>dicit</strong></span> 
     </span>
    </p>
   </div>
   <div class='ocr_carea' id='block_1_82' title="bbox 1820 3569 3385 3638">
    <p class='ocr_par' dir='ltr' id='par_1_82' title="bbox 1820 3569 3385 3638">
     <span class='ocr_line' id='line_1_82' title="bbox 1820 3569 3385 3638; baseline 0.002 -14"><span class='ocrx_word' id='word_1_598' title='bbox 1820 3572 1961 3624; x_wconf 85' lang='lat' dir='ltr'><strong>enim</strong></span> <span class='ocrx_word' id='word_1_599' title='bbox 1992 3590 2003 3622; x_wconf 87' lang='lat'>:</span> <span class='ocrx_word' id='word_1_600' title='bbox 2037 3587 2055 3619; x_wconf 80' lang='grc' dir='ltr'><strong>ι</strong></span> <span class='ocrx_word' id='word_1_601' title='bbox 2087 3569 2257 3623; x_wconf 83' lang='lat' dir='ltr'><strong>Antea</strong></span> <span class='ocrx_word' id='word_1_602' title='bbox 2294 3571 2647 3638; x_wconf 79' lang='lat' dir='ltr'><strong>exposuimus</strong></span> <span class='ocrx_word' id='word_1_603' title='bbox 2675 3587 2774 3625; x_wconf 92' lang='lat' dir='ltr'><strong>cur</strong></span> <span class='ocrx_word' id='word_1_604' title='bbox 2809 3573 2875 3626; x_wconf 89' lang='lat' dir='ltr'><strong>ab</strong></span> <span class='ocrx_word' id='word_1_605' title='bbox 2905 3573 3157 3627; x_wconf 84' lang='lat' dir='ltr'><strong>omnibus</strong></span> <span class='ocrx_word' id='word_1_606' title='bbox 3184 3573 3385 3627; x_wconf 83' lang='lat' dir='ltr'><strong>ﬁnibus</strong></span> 
     </span>
    </p>
   </div>
   <div class='ocr_carea' id='block_1_83' title="bbox 1820 3661 3385 3732">
    <p class='ocr_par' dir='ltr' id='par_1_83' title="bbox 1820 3661 3385 3732">
     <span class='ocr_line' id='line_1_83' title="bbox 1820 3661 3385 3732; baseline 0.002 -18"><span class='ocrx_word' id='word_1_607' title='bbox 1820 3662 2051 3729; x_wconf 89' lang='lat' dir='ltr'><strong>pellatur</strong></span> <span class='ocrx_word' id='word_1_608' title='bbox 2093 3661 2447 3717; x_wconf 82' lang='lat' dir='ltr'><strong>fermentum.</strong></span> <span class='ocrx_word' id='word_1_609' title='bbox 2505 3661 2755 3727; x_wconf 62' lang='lat' dir='ltr'><strong>IEnigma</strong></span> <span class='ocrx_word' id='word_1_610' title='bbox 2795 3664 2897 3716; x_wconf 89' lang='lat' dir='ltr'><strong>hoc</strong></span> <span class='ocrx_word' id='word_1_611' title='bbox 2933 3665 3062 3732; x_wconf 91' lang='lat' dir='ltr'><strong>quid</strong></span> <span class='ocrx_word' id='word_1_612' title='bbox 3098 3663 3385 3718; x_wconf 83' lang='lat' dir='ltr'><strong>ostendit?</strong></span> 
     </span>
    </p>
   </div>
   <div class='ocr_carea' id='block_1_84' title="bbox 1820 3751 3384 3828">
    <p class='ocr_par' dir='ltr' id='par_1_84' title="bbox 1820 3751 3384 3828">
     <span class='ocr_line' id='line_1_84' title="bbox 1820 3751 3384 3828; baseline 0.001 -27"><span class='ocrx_word' id='word_1_613' title='bbox 1820 3751 1901 3802; x_wconf 84' lang='lat' dir='ltr'><strong>Ah</strong></span> <span class='ocrx_word' id='word_1_614' title='bbox 1931 3751 2078 3804; x_wconf 89' lang='lat' dir='ltr'><strong>omni</strong></span> <span class='ocrx_word' id='word_1_615' title='bbox 2117 3752 2379 3820; x_wconf 64' lang='lat' dir='ltr'><strong>pravitate</strong></span> <span class='ocrx_word' id='word_1_616' title='bbox 2406 3761 2623 3821; x_wconf 88' lang='lat' dir='ltr'><strong>oportet</strong></span> <span class='ocrx_word' id='word_1_617' title='bbox 2655 3751 2862 3804; x_wconf 87' lang='lat' dir='ltr'><strong>ﬁdelem</strong></span> <span class='ocrx_word' id='word_1_618' title='bbox 2889 3751 3166 3804; x_wconf 84' lang='lat' dir='ltr'><strong>discedere</strong></span> <span class='ocrx_word' id='word_1_619' title='bbox 3209 3767 3222 3804; x_wconf 90' lang='lat'><strong>:</strong></span> <span class='ocrx_word' id='word_1_620' title='bbox 3257 3764 3384 3828; x_wconf 80' lang='lat' dir='ltr'><strong>nam</strong></span> 
     </span>
    </p>
   </div>
   <div class='ocr_carea' id='block_1_85' title="bbox 1821 3841 3389 3909">
    <p class='ocr_par' dir='ltr' id='par_1_85' title="bbox 1821 3841 3389 3909">
     <span class='ocr_line' id='line_1_85' title="bbox 1821 3841 3389 3909; baseline 0.004 -21"><span class='ocrx_word' id='word_1_621' title='bbox 1821 3842 2274 3909; x_wconf 80' lang='lat' dir='ltr'><strong>quemadmodum</strong></span> <span class='ocrx_word' id='word_1_622' title='bbox 2300 3852 2470 3894; x_wconf 90' lang='lat' dir='ltr'><strong>morte</strong></span> <span class='ocrx_word' id='word_1_623' title='bbox 2510 3842 2741 3896; x_wconf 85' lang='lat' dir='ltr'><strong>moritur</strong></span> <span class='ocrx_word' id='word_1_624' title='bbox 2773 3843 2840 3904; x_wconf 91' lang='lat' dir='ltr'><strong>is,</strong></span> <span class='ocrx_word' id='word_1_625' title='bbox 2863 3841 3001 3909; x_wconf 89' lang='lat' dir='ltr'><strong>apud</strong></span> <span class='ocrx_word' id='word_1_626' title='bbox 3033 3854 3194 3907; x_wconf 89' lang='lat' dir='ltr'><strong>quem</strong></span> <span class='ocrx_word' id='word_1_627' title='bbox 3232 3847 3389 3894; x_wconf 85' lang='lat' dir='ltr'><strong>vetus</strong></span> 
     </span>
    </p>
   </div>
   <div class='ocr_carea' id='block_1_86' title="bbox 1823 3929 3386 4000">
    <p class='ocr_par' dir='ltr' id='par_1_86' title="bbox 1823 3929 3386 4000">
     <span class='ocr_line' id='line_1_86' title="bbox 1823 3929 3386 4000; baseline 0.001 -18"><span class='ocrx_word' id='word_1_628' title='bbox 1823 3931 2146 3984; x_wconf 75' lang='lat' dir='ltr'><strong>fermentum</strong></span> <span class='ocrx_word' id='word_1_629' title='bbox 2176 3944 2446 4000; x_wconf 85' lang='lat' dir='ltr'><strong>repertum</strong></span> <span class='ocrx_word' id='word_1_630' title='bbox 2482 3932 2662 3994; x_wconf 87' lang='lat' dir='ltr'><strong>fuerit,</strong></span> <span class='ocrx_word' id='word_1_631' title='bbox 2699 3931 2777 3986; x_wconf 91' lang='lat' dir='ltr'><strong>sic</strong></span> <span class='ocrx_word' id='word_1_632' title='bbox 2806 3941 2858 3985; x_wconf 91' lang='lat' dir='ltr'><strong>et</strong></span> <span class='ocrx_word' id='word_1_633' title='bbox 2894 3946 3015 3995; x_wconf 80' lang='lat' dir='ltr'><strong>nos,</strong></span> <span class='ocrx_word' id='word_1_634' title='bbox 3041 3931 3130 3983; x_wconf 86' lang='lat' dir='ltr'><strong>ubi</strong></span> <span class='ocrx_word' id='word_1_635' title='bbox 3178 3929 3386 3984; x_wconf 83' lang='lat' dir='ltr'><strong>malitia</strong></span> 
     </span>
    </p>
   </div>
   <div class='ocr_carea' id='block_1_87' title="bbox 1821 4020 3386 4092">
    <p class='ocr_par' dir='ltr' id='par_1_87' title="bbox 1821 4020 3386 4092">
     <span class='ocr_line' id='line_1_87' title="bbox 1821 4020 3386 4092; baseline 0 -18"><span class='ocrx_word' id='word_1_636' title='bbox 1821 4032 2031 4091; x_wconf 79' lang='lat' dir='ltr'><strong>reperta</strong></span> <span class='ocrx_word' id='word_1_637' title='bbox 2066 4035 2172 4078; x_wconf 81' lang='lat' dir='ltr'><strong>est.</strong></span> <span class='ocrx_word' id='word_1_638' title='bbox 2217 4023 2330 4076; x_wconf 80' lang='lat' dir='ltr'><strong>Non</strong></span> <span class='ocrx_word' id='word_1_639' title='bbox 2365 4025 2508 4078; x_wconf 89' lang='lat' dir='ltr'><strong>enim</strong></span> <span class='ocrx_word' id='word_1_640' title='bbox 2561 4039 2754 4092; x_wconf 86' lang='lat' dir='ltr'><strong>magna</strong></span> <span class='ocrx_word' id='word_1_641' title='bbox 2804 4038 2962 4091; x_wconf 63' lang='lat' dir='ltr'><strong>poena</strong></span> <span class='ocrx_word' id='word_1_642' title='bbox 3022 4022 3277 4077; x_wconf 87' lang='lat' dir='ltr'><strong>statuitur</strong></span> <span class='ocrx_word' id='word_1_643' title='bbox 3328 4020 3386 4075; x_wconf 89' lang='lat' dir='ltr'><strong>in</strong></span> 
     </span>
    </p>
   </div>
   <div class='ocr_carea' id='block_1_88' title="bbox 1823 4111 3385 4182">
    <p class='ocr_par' dir='ltr' id='par_1_88' title="bbox 1823 4111 3385 4182">
     <span class='ocr_line' id='line_1_88' title="bbox 1823 4111 3385 4182; baseline -0.003 -15"><span class='ocrx_word' id='word_1_644' title='bbox 1823 4117 2034 4177; x_wconf 85' lang='lat' dir='ltr'><strong>umbra,</strong></span> <span class='ocrx_word' id='word_1_645' title='bbox 2080 4116 2131 4166; x_wconf 91' lang='lat' dir='ltr'><strong>in</strong></span> <span class='ocrx_word' id='word_1_646' title='bbox 2186 4115 2344 4169; x_wconf 87' lang='lat' dir='ltr'><strong>nobis</strong></span> <span class='ocrx_word' id='word_1_647' title='bbox 2373 4130 2503 4167; x_wconf 89' lang='lat' dir='ltr'><strong>vero</strong></span> <span class='ocrx_word' id='word_1_648' title='bbox 2539 4131 2647 4167; x_wconf 92' lang='lat' dir='ltr'><strong>non</strong></span> <span class='ocrx_word' id='word_1_649' title='bbox 2692 4115 2865 4167; x_wconf 87' lang='lat' dir='ltr'><strong>multo</strong></span> <span class='ocrx_word' id='word_1_650' title='bbox 2913 4113 3110 4182; x_wconf 90' lang='lat' dir='ltr'><strong>major.</strong></span> <span class='ocrx_word' id='word_1_651' title='bbox 3149 4113 3206 4165; x_wconf 85' lang='lat' dir='ltr'><strong>Si</strong></span> <span class='ocrx_word' id='word_1_652' title='bbox 3238 4111 3385 4166; x_wconf 88' lang='lat' dir='ltr'><strong>enim</strong></span> 
     </span>
    </p>
   </div>
   <div class='ocr_carea' id='block_1_89' title="bbox 1822 4201 3388 4274">
    <p class='ocr_par' dir='ltr' id='par_1_89' title="bbox 1822 4201 3388 4274">
     <span class='ocr_line' id='line_1_89' title="bbox 1822 4201 3388 4274; baseline -0.001 -19"><span class='ocrx_word' id='word_1_653' title='bbox 1822 4207 2012 4258; x_wconf 84' lang='lat' dir='ltr'><strong>domos</strong></span> <span class='ocrx_word' id='word_1_654' title='bbox 2045 4205 2115 4258; x_wconf 89' lang='lat' dir='ltr'><strong>ita</strong></span> <span class='ocrx_word' id='word_1_655' title='bbox 2161 4215 2516 4274; x_wconf 90' lang='lat' dir='ltr'><strong>perpurgant,</strong></span> <span class='ocrx_word' id='word_1_656' title='bbox 2559 4215 2614 4259; x_wconf 92' lang='lat' dir='ltr'><strong>ut</strong></span> <span class='ocrx_word' id='word_1_657' title='bbox 2641 4208 2691 4258; x_wconf 93' lang='lat' dir='ltr'><strong>in</strong></span> <span class='ocrx_word' id='word_1_658' title='bbox 2749 4205 2982 4258; x_wconf 90' lang='lat' dir='ltr'><strong>murium</strong></span> <span class='ocrx_word' id='word_1_659' title='bbox 3030 4201 3388 4257; x_wconf 82' lang='lat' dir='ltr'><strong>foraminibus</strong></span> 
     </span>
    </p>
   </div>
   <div class='ocr_carea' id='block_1_90' title="bbox 1822 4295 3388 4362">
    <p class='ocr_par' dir='ltr' id='par_1_90' title="bbox 1822 4295 3388 4362">
     <span class='ocr_line' id='line_1_90' title="bbox 1822 4295 3388 4362; baseline -0.004 -13"><span class='ocrx_word' id='word_1_660' title='bbox 1822 4296 1979 4350; x_wconf 84' lang='lat' dir='ltr'><strong>anxie</strong></span> <span class='ocrx_word' id='word_1_661' title='bbox 2007 4306 2306 4359; x_wconf 77' lang='lat' dir='ltr'><strong>versentur,</strong></span> <span class='ocrx_word' id='word_1_662' title='bbox 2337 4298 2504 4348; x_wconf 85' lang='lat' dir='ltr'><strong>multo</strong></span> <span class='ocrx_word' id='word_1_663' title='bbox 2540 4297 2711 4362; x_wconf 75' lang='lat' dir='ltr'><strong>magis</strong></span> <span class='ocrx_word' id='word_1_664' title='bbox 2741 4312 2837 4348; x_wconf 91' lang='lat' dir='ltr'><strong>nos</strong></span> <span class='ocrx_word' id='word_1_665' title='bbox 2869 4295 3103 4347; x_wconf 89' lang='lat' dir='ltr'><strong>animam</strong></span> <span class='ocrx_word' id='word_1_666' title='bbox 3131 4302 3388 4345; x_wconf 75' lang='lat' dir='ltr'><strong>excutere</strong></span> 
     </span>
    </p>
   </div>
   <div class='ocr_carea' id='block_1_91' title="bbox 1821 4383 3387 4456">
    <p class='ocr_par' dir='ltr' id='par_1_91' title="bbox 1821 4383 3387 4456">
     <span class='ocr_line' id='line_1_91' title="bbox 1821 4383 3387 4456; baseline -0.004 -14"><span class='ocrx_word' id='word_1_667' title='bbox 1821 4397 2054 4456; x_wconf 84' lang='lat' dir='ltr'><strong>Oportet.</strong></span> <span class='ocrx_word' id='word_1_668' title='bbox 2077 4387 2208 4441; x_wconf 90' lang='lat' dir='ltr'><strong>Cum</strong></span> <span class='ocrx_word' id='word_1_669' title='bbox 2237 4389 2398 4454; x_wconf 80' lang='lat' dir='ltr'><strong>igitur</strong></span> <span class='ocrx_word' id='word_1_670' title='bbox 2428 4389 2664 4440; x_wconf 89' lang='lat' dir='ltr'><strong>murium</strong></span> <span class='ocrx_word' id='word_1_671' title='bbox 2695 4388 2961 4438; x_wconf 89' lang='lat' dir='ltr'><strong>foramina</strong></span> <span class='ocrx_word' id='word_1_672' title='bbox 2988 4386 3147 4439; x_wconf 73' lang='lat' dir='ltr'><strong>anxie</strong></span> <span class='ocrx_word' id='word_1_673' title='bbox 3175 4383 3387 4450; x_wconf 78' lang='lat' dir='ltr'><strong>disqui-</strong></span> 
     </span>
    </p>
   </div>
   <div class='ocr_carea' id='block_1_92' title="bbox 1829 4473 3376 4543">
    <p class='ocr_par' dir='ltr' id='par_1_92' title="bbox 1829 4473 3376 4543">
     <span class='ocr_line' id='line_1_92' title="bbox 1829 4473 3376 4543; baseline -0.001 -17"><span class='ocrx_word' id='word_1_674' title='bbox 1829 4484 1944 4527; x_wconf 89' lang='lat' dir='ltr'><strong>rant</strong></span> <span class='ocrx_word' id='word_1_675' title='bbox 1977 4513 1991 4537; x_wconf 95' lang='lat'><strong>,</strong></span> <span class='ocrx_word' id='word_1_676' title='bbox 2028 4475 2196 4527; x_wconf 90' lang='lat' dir='ltr'><strong>multo</strong></span> <span class='ocrx_word' id='word_1_677' title='bbox 2263 4475 2338 4528; x_wconf 90' lang='lat' dir='ltr'><strong>illi</strong></span> <span class='ocrx_word' id='word_1_678' title='bbox 2369 4475 2543 4543; x_wconf 86' lang='lat' dir='ltr'><strong>magis</strong></span> <span class='ocrx_word' id='word_1_679' title='bbox 2588 4475 2810 4529; x_wconf 86' lang='lat' dir='ltr'><strong>solliciti</strong></span> <span class='ocrx_word' id='word_1_680' title='bbox 2864 4475 2927 4528; x_wconf 89' lang='lat' dir='ltr'><strong>ad</strong></span> <span class='ocrx_word' id='word_1_681' title='bbox 2988 4473 3376 4528; x_wconf 76' lang='lat' dir='ltr'><strong>excutiendum</strong></span> 
     </span>
    </p>
   </div>
   <div class='ocr_carea' id='block_1_93' title="bbox 127 4551 1720 4640">
    <p class='ocr_par' dir='ltr' id='par_1_93' title="bbox 127 4563 1712 4640">
     <span class='ocr_line' id='line_1_93' title="bbox 127 4563 1712 4640; baseline 0.007 -24"><span class='ocrx_word' id='word_1_682' title='bbox 127 4565 273 4623; x_wconf 76' lang='grc' dir='ltr'>στὸς</span> <span class='ocrx_word' id='word_1_683' title='bbox 300 4563 517 4633; x_wconf 48' lang='lat' dir='ltr'><strong>tvm“?</strong></span> <span class='ocrx_word' id='word_1_684' title='bbox 551 4567 827 4634; x_wconf 71' lang='grc' dir='ltr'>ἐχρήσατο</span> <span class='ocrx_word' id='word_1_685' title='bbox 853 4571 917 4638; x_wconf 83' lang='grc' dir='ltr'>τῇ</span> <span class='ocrx_word' id='word_1_686' title='bbox 951 4571 1106 4621; x_wconf 76' lang='grc' dir='ltr'>νυκτὶ</span> <span class='ocrx_word' id='word_1_687' title='bbox 1132 4571 1335 4640; x_wconf 77' lang='grc' dir='ltr'>ἐκείνῃ,</span> <span class='ocrx_word' id='word_1_688' title='bbox 1365 4573 1440 4634; x_wconf 86' lang='grc' dir='ltr'>ὡς</span> <span class='ocrx_word' id='word_1_689' title='bbox 1468 4575 1712 4627; x_wconf 80' lang='grc' dir='ltr'>ἐναντίον</span> 
     </span>
    </p>
   </div>
   <div class='ocr_carea' id='block_1_94' title="bbox 1822 4551 3386 4640">
    <p class='ocr_par' dir='ltr' id='par_1_94' title="bbox 1824 4563 3386 4629">
     <span class='ocr_line' id='line_1_94' title="bbox 1824 4563 3386 4629; baseline -0.001 -11"><span class='ocrx_word' id='word_1_690' title='bbox 1824 4565 2075 4629; x_wconf 85' lang='lat' dir='ltr'><strong>fuissent,</strong></span> <span class='ocrx_word' id='word_1_691' title='bbox 2123 4582 2190 4619; x_wconf 89' lang='lat' dir='ltr'><strong>an</strong></span> <span class='ocrx_word' id='word_1_692' title='bbox 2237 4567 2483 4620; x_wconf 87' lang='lat' dir='ltr'><strong>Christus</strong></span> <span class='ocrx_word' id='word_1_693' title='bbox 2539 4581 2601 4619; x_wconf 89' lang='lat' dir='ltr'><strong>ea</strong></span> <span class='ocrx_word' id='word_1_694' title='bbox 2663 4575 2821 4618; x_wconf 89' lang='lat' dir='ltr'><strong>nocte</strong></span> <span class='ocrx_word' id='word_1_695' title='bbox 2871 4564 3135 4618; x_wconf 91' lang='lat' dir='ltr'><strong>fermento</strong></span> <span class='ocrx_word' id='word_1_696' title='bbox 3191 4563 3386 4617; x_wconf 86' lang='lat' dir='ltr'><strong>fuisset</strong></span> 
     </span>
    </p>
   </div>
   <div class='ocr_carea' id='block_1_95' title="bbox 133 4654 1715 4735">
    <p class='ocr_par' dir='ltr' id='par_1_95' title="bbox 133 4654 1715 4735">
     <span class='ocr_line' id='line_1_95' title="bbox 133 4654 1715 4735; baseline 0.007 -26"><span class='ocrx_word' id='word_1_697' title='bbox 133 4654 238 4709; x_wconf 77' lang='grc' dir='ltr'>τοῦ</span> <span class='ocrx_word' id='word_1_698' title='bbox 275 4656 438 4720; x_wconf 72' lang='grc' dir='ltr'>νόμου</span> <span class='ocrx_word' id='word_1_699' title='bbox 465 4659 718 4724; x_wconf 84' lang='grc' dir='ltr'><strong>ποιήσας.</strong></span> <span class='ocrx_word' id='word_1_700' title='bbox 757 4657 814 4708; x_wconf 89' lang='lat'><strong>&#39;0</strong></span> <span class='ocrx_word' id='word_1_701' title='bbox 839 4659 896 4735; x_wconf 61' lang='grc' dir='ltr'><strong>δξ</strong></span> <span class='ocrx_word' id='word_1_702' title='bbox 923 4665 1327 4730; x_wconf 73' lang='grc' dir='ltr'>χρυσορῤἠμων</span> <span class='ocrx_word' id='word_1_703' title='bbox 1357 4667 1499 4726; x_wconf 78' lang='grc' dir='ltr'>θεῖος</span> <span class='ocrx_word' id='word_1_704' title='bbox 1534 4668 1715 4720; x_wconf 86' lang='grc' dir='ltr'>Ἰωάν-</span> 
     </span>
    </p>
   </div>
   <div class='ocr_carea' id='block_1_96' title="bbox 129 4747 1716 4824">
    <p class='ocr_par' dir='ltr' id='par_1_96' title="bbox 129 4747 1716 4824">
     <span class='ocr_line' id='line_1_96' title="bbox 129 4747 1716 4824; baseline 0.01 -30"><span class='ocrx_word' id='word_1_705' title='bbox 129 4764 241 4813; x_wconf 66' lang='grc' dir='ltr'><strong>νης</strong></span> <span class='ocrx_word' id='word_1_706' title='bbox 275 4747 330 4796; x_wconf 78' lang='grc' dir='ltr'>ὲν</span> <span class='ocrx_word' id='word_1_707' title='bbox 359 4749 422 4814; x_wconf 84' lang='grc' dir='ltr'>τῇ</span> <span class='ocrx_word' id='word_1_708' title='bbox 465 4747 799 4815; x_wconf 79' lang='grc' dir='ltr'><strong>ὀγδοηκοστῇ</strong></span> <span class='ocrx_word' id='word_1_709' title='bbox 838 4749 1025 4821; x_wconf 82' lang='grc' dir='ltr'>πρώτῃ</span> <span class='ocrx_word' id='word_1_710' title='bbox 1074 4753 1258 4822; x_wconf 73' lang='grc' dir='ltr'>ὁμιλία</span> <span class='ocrx_word' id='word_1_711' title='bbox 1296 4755 1387 4805; x_wconf 80' lang='grc' dir='ltr'>τοῦ</span> <span class='ocrx_word' id='word_1_712' title='bbox 1435 4757 1716 4824; x_wconf 75' lang='grc' dir='ltr'>εὐαγγελι-</span> 
     </span>
    </p>
   </div>
   <div class='ocr_carea' id='block_1_97' title="bbox 127 4838 1716 4917">
    <p class='ocr_par' dir='ltr' id='par_1_97' title="bbox 127 4838 1716 4917">
     <span class='ocr_line' id='line_1_97' title="bbox 127 4838 1716 4917; baseline 0.006 -27"><span class='ocrx_word' id='word_1_713' title='bbox 127 4838 276 4891; x_wconf 70' lang='grc' dir='ltr'>στοῦ</span> <span class='ocrx_word' id='word_1_714' title='bbox 326 4838 609 4891; x_wconf 74' lang='grc' dir='ltr'>Ματθαίου</span> <span class='ocrx_word' id='word_1_715' title='bbox 670 4841 857 4907; x_wconf 70' lang='grc' dir='ltr'>φησὶν,</span> <span class='ocrx_word' id='word_1_716' title='bbox 907 4844 988 4895; x_wconf 85' lang='grc' dir='ltr'><strong>ὅτι</strong></span> <span class='ocrx_word' id='word_1_717' title='bbox 1035 4863 1053 4894; x_wconf 82' lang='grc' dir='ltr'><strong>ι</strong></span> <span class='ocrx_word' id='word_1_718' title='bbox 1109 4847 1284 4913; x_wconf 66' lang='grc' dir='ltr'>Μέχρι</span> <span class='ocrx_word' id='word_1_719' title='bbox 1327 4850 1424 4915; x_wconf 84' lang='grc' dir='ltr'>τῆς</span> <span class='ocrx_word' id='word_1_720' title='bbox 1485 4848 1716 4917; x_wconf 82' lang='grc' dir='ltr'><strong>ἐσχάτης</strong></span> 
     </span>
    </p>
   </div>
   <div class='ocr_carea' id='block_1_98' title="bbox 128 4928 1718 5006">
    <p class='ocr_par' dir='ltr' id='par_1_98' title="bbox 128 4928 1718 5006">
     <span class='ocr_line' id='line_1_98' title="bbox 128 4928 1718 5006; baseline 0.008 -27"><span class='ocrx_word' id='word_1_721' title='bbox 128 4929 382 4998; x_wconf 68' lang='grc' dir='ltr'>ἡμέρις,</span> <span class='ocrx_word' id='word_1_722' title='bbox 426 4928 511 4980; x_wconf 80' lang='grc' dir='ltr'>ἵνα</span> <span class='ocrx_word' id='word_1_723' title='bbox 569 4930 642 4999; x_wconf 82' lang='grc' dir='ltr'>μὴ</span> <span class='ocrx_word' id='word_1_724' title='bbox 701 4932 941 4996; x_wconf 82' lang='grc' dir='ltr'>ἐναντίος</span> <span class='ocrx_word' id='word_1_725' title='bbox 1001 4936 1221 5003; x_wconf 72' lang='grc' dir='ltr'>γένηται</span> <span class='ocrx_word' id='word_1_726' title='bbox 1269 4937 1362 4987; x_wconf 84' lang='grc' dir='ltr'>τοῦ</span> <span class='ocrx_word' id='word_1_727' title='bbox 1415 4940 1601 5006; x_wconf 76' lang='grc' dir='ltr'>νόμου,</span> <span class='ocrx_word' id='word_1_728' title='bbox 1659 4941 1718 4992; x_wconf 81' lang='grc' dir='ltr'>τὸ</span> 
     </span>
    </p>
   </div>
   <div class='ocr_carea' id='block_1_99' title="bbox 130 5019 1718 5096">
    <p class='ocr_par' dir='ltr' id='par_1_99' title="bbox 130 5019 1718 5096">
     <span class='ocr_line' id='line_1_99' title="bbox 130 5019 1718 5096; baseline 0.008 -26"><span class='ocrx_word' id='word_1_729' title='bbox 130 5022 339 5089; x_wconf 70' lang='grc' dir='ltr'><strong>Πὲσχα</strong></span> <span class='ocrx_word' id='word_1_730' title='bbox 390 5019 657 5073; x_wconf 74' lang='grc' dir='ltr'>ἐπετέλει.</span> <span class='ocrx_word' id='word_1_731' title='bbox 701 5022 767 5074; x_wconf 86' lang='grc' dir='ltr'><em>Ἢ</em></span> <span class='ocrx_word' id='word_1_732' title='bbox 802 5024 855 5074; x_wconf 82' lang='grc' dir='ltr'>δὲ</span> <span class='ocrx_word' id='word_1_733' title='bbox 894 5026 1095 5093; x_wconf 76' lang='grc' dir='ltr'><strong>ἐσχάτη</strong></span> <span class='ocrx_word' id='word_1_734' title='bbox 1152 5029 1356 5096; x_wconf 70' lang='grc' dir='ltr'>ἡμέρα.</span> <span class='ocrx_word' id='word_1_735' title='bbox 1410 5032 1440 5096; x_wconf 77' lang='grc' dir='ltr'>ἡ</span> <span class='ocrx_word' id='word_1_736' title='bbox 1497 5033 1588 5081; x_wconf 72' lang='grc' dir='ltr'><strong>ἐπὶ</strong></span> <span class='ocrx_word' id='word_1_737' title='bbox 1625 5032 1718 5084; x_wconf 79' lang='grc' dir='ltr'>τοῦ</span> 
     </span>
    </p>
   </div>
   <div class='ocr_carea' id='block_1_100' title="bbox 126 5106 1717 5187">
    <p class='ocr_par' dir='ltr' id='par_1_100' title="bbox 126 5106 1717 5187">
     <span class='ocr_line' id='line_1_100' title="bbox 126 5106 1717 5187; baseline 0.004 -21"><span class='ocrx_word' id='word_1_738' title='bbox 126 5110 392 5166; x_wconf 77' lang='grc' dir='ltr'>σταυοοῦ</span> <span class='ocrx_word' id='word_1_739' title='bbox 417 5107 508 5181; x_wconf 82' lang='grc' dir='ltr'>ἦν,</span> <span class='ocrx_word' id='word_1_740' title='bbox 541 5114 597 5164; x_wconf 81' lang='grc' dir='ltr'><strong>ἐν</strong></span> <span class='ocrx_word' id='word_1_741' title='bbox 715 5117 862 5184; x_wconf 81' lang='grc' dir='ltr'>φωνῇ</span> <span class='ocrx_word' id='word_1_742' title='bbox 918 5117 1128 5187; x_wconf 74' lang='grc' dir='ltr'>μεγάλῃ</span> <span class='ocrx_word' id='word_1_743' title='bbox 1166 5114 1309 5182; x_wconf 73' lang='grc' dir='ltr'>εἶπε,</span> <span class='ocrx_word' id='word_1_744' title='bbox 1353 5121 1676 5174; x_wconf 79' lang='grc' dir='ltr'>Τετέλεσται</span> <span class='ocrx_word' id='word_1_745' title='bbox 1703 5138 1717 5154; x_wconf 78' lang='grc' dir='ltr'><strong><em>ο</em></strong></span> 
     </span>
    </p>
   </div>
   <div class='ocr_carea' id='block_1_101' title="bbox 133 5203 1719 5281">
    <p class='ocr_par' dir='ltr' id='par_1_101' title="bbox 133 5203 1719 5281">
     <span class='ocr_line' id='line_1_101' title="bbox 133 5203 1719 5281; baseline 0.006 -25"><span class='ocrx_word' id='word_1_746' title='bbox 133 5203 459 5256; x_wconf 76' lang='grc' dir='ltr'>τετέλεσται</span> <span class='ocrx_word' id='word_1_747' title='bbox 511 5204 712 5275; x_wconf 82' lang='grc' dir='ltr'>δηλαδὴ</span> <span class='ocrx_word' id='word_1_748' title='bbox 744 5207 940 5270; x_wconf 78' lang='grc' dir='ltr'>λέγων,</span> <span class='ocrx_word' id='word_1_749' title='bbox 986 5208 1086 5261; x_wconf 78' lang='grc' dir='ltr'>ὅσα</span> <span class='ocrx_word' id='word_1_750' title='bbox 1143 5211 1191 5261; x_wconf 93' lang='grc' dir='ltr'>οἱ</span> <span class='ocrx_word' id='word_1_751' title='bbox 1249 5214 1522 5281; x_wconf 66' lang='grc' dir='ltr'>προφῆται</span> <span class='ocrx_word' id='word_1_752' title='bbox 1564 5213 1659 5266; x_wconf 78' lang='grc' dir='ltr'><strong>καὶ</strong></span> <span class='ocrx_word' id='word_1_753' title='bbox 1693 5215 1719 5265; x_wconf 85' lang='grc' dir='ltr'><strong>ὀ</strong></span> 
     </span>
    </p>
   </div>
   <div class='ocr_carea' id='block_1_102' title="bbox 129 5294 1723 5363">
    <p class='ocr_par' dir='ltr' id='par_1_102' title="bbox 129 5294 1723 5363">
     <span class='ocr_line' id='line_1_102' title="bbox 129 5294 1723 5363; baseline 0.005 -16"><span class='ocrx_word' id='word_1_754' title='bbox 129 5298 315 5360; x_wconf 79' lang='grc' dir='ltr'>νόμος</span> <span class='ocrx_word' id='word_1_755' title='bbox 344 5297 703 5363; x_wconf 74' lang='grc' dir='ltr'>προέγραψὰν</span> <span class='ocrx_word' id='word_1_756' title='bbox 733 5315 792 5349; x_wconf 86' lang='grc' dir='ltr'>τε</span> <span class='ocrx_word' id='word_1_757' title='bbox 825 5301 921 5351; x_wconf 79' lang='grc' dir='ltr'>καὶ</span> <span class='ocrx_word' id='word_1_758' title='bbox 957 5294 1129 5352; x_wconf 78' lang='grc' dir='ltr'>εἷπον.</span> <span class='ocrx_word' id='word_1_759' title='bbox 1181 5319 1198 5352; x_wconf 78' lang='grc' dir='ltr'><strong>ι</strong></span> <span class='ocrx_word' id='word_1_760' title='bbox 1245 5305 1309 5354; x_wconf 80' lang='lat'><strong>&#39;0</strong></span> <span class='ocrx_word' id='word_1_761' title='bbox 1341 5305 1387 5353; x_wconf 83' lang='grc' dir='ltr'><strong>εἰ</strong></span> <span class='ocrx_word' id='word_1_762' title='bbox 1418 5305 1516 5354; x_wconf 77' lang='grc' dir='ltr'><strong>οὐκ</strong></span> <span class='ocrx_word' id='word_1_763' title='bbox 1549 5304 1723 5355; x_wconf 79' lang='grc' dir='ltr'>ἐτέλε-</span> 
     </span>
    </p>
   </div>
   <div class='ocr_carea' id='block_1_103' title="bbox 131 5387 1717 5460">
    <p class='ocr_par' dir='ltr' id='par_1_103' title="bbox 131 5387 1717 5460">
     <span class='ocr_line' id='line_1_103' title="bbox 131 5387 1717 5460; baseline 0.004 -20"><span class='ocrx_word' id='word_1_764' title='bbox 131 5406 247 5440; x_wconf 81' lang='grc' dir='ltr'>σεν</span> <span class='ocrx_word' id='word_1_765' title='bbox 273 5387 347 5449; x_wconf 80' lang='grc' dir='ltr'>ὣς</span> <span class='ocrx_word' id='word_1_766' title='bbox 376 5407 559 5454; x_wconf 72' lang='grc' dir='ltr'>φασιν,</span> <span class='ocrx_word' id='word_1_767' title='bbox 590 5391 830 5452; x_wconf 71' lang='grc' dir='ltr'>ἐναντίος</span> <span class='ocrx_word' id='word_1_768' title='bbox 871 5393 1071 5456; x_wconf 82' lang='grc' dir='ltr'>μᾶλλον</span> <span class='ocrx_word' id='word_1_769' title='bbox 1095 5393 1369 5446; x_wconf 83' lang='grc' dir='ltr'>δείκνυται</span> <span class='ocrx_word' id='word_1_770' title='bbox 1402 5394 1496 5445; x_wconf 79' lang='grc' dir='ltr'><strong>τοῦ</strong></span> <span class='ocrx_word' id='word_1_771' title='bbox 1520 5395 1684 5460; x_wconf 81' lang='grc' dir='ltr'>νόμου</span> <span class='ocrx_word' id='word_1_772' title='bbox 1705 5410 1717 5423; x_wconf 92' lang='grc'><strong>·</strong></span> 
     </span>
    </p>
   </div>
   <div class='ocr_carea' id='block_1_104' title="bbox 127 5479 1720 5551">
    <p class='ocr_par' dir='ltr' id='par_1_104' title="bbox 127 5479 1720 5551">
     <span class='ocr_line' id='line_1_104' title="bbox 127 5479 1720 5551; baseline 0.004 -19"><span class='ocrx_word' id='word_1_773' title='bbox 127 5481 207 5532; x_wconf 56' lang='grc' dir='ltr'><strong>τί.</strong></span> <span class='ocrx_word' id='word_1_774' title='bbox 251 5479 439 5547; x_wconf 72' lang='grc' dir='ltr'><strong>Πάσχα</strong></span> <span class='ocrx_word' id='word_1_775' title='bbox 475 5480 533 5532; x_wconf 71' lang='grc' dir='ltr'>τὸ</span> <span class='ocrx_word' id='word_1_776' title='bbox 560 5482 780 5549; x_wconf 74' lang='grc' dir='ltr'>νομικὸν</span> <span class='ocrx_word' id='word_1_777' title='bbox 799 5483 970 5534; x_wconf 84' lang='grc' dir='ltr'>τελῶν</span> <span class='ocrx_word' id='word_1_778' title='bbox 998 5484 1056 5534; x_wconf 74' lang='grc' dir='ltr'>οὖ</span> <span class='ocrx_word' id='word_1_779' title='bbox 1089 5484 1229 5537; x_wconf 79' lang='grc' dir='ltr'>κατὰ</span> <span class='ocrx_word' id='word_1_780' title='bbox 1259 5485 1347 5536; x_wconf 73' lang='grc' dir='ltr'><strong>τὸν</strong></span> <span class='ocrx_word' id='word_1_781' title='bbox 1369 5485 1552 5551; x_wconf 88' lang='grc' dir='ltr'>νόμον,</span> <span class='ocrx_word' id='word_1_782' title='bbox 1585 5485 1720 5538; x_wconf 84' lang='grc' dir='ltr'><strong>ἀλλὰ</strong></span> 
     </span>
    </p>
   </div>
   <div class='ocr_carea' id='block_1_105' title="bbox 129 5571 1722 5639">
    <p class='ocr_par' dir='ltr' id='par_1_105' title="bbox 129 5571 1722 5639">
     <span class='ocr_line' id='line_1_105' title="bbox 129 5571 1722 5639; baseline 0.006 -20"><span class='ocrx_word' id='word_1_783' title='bbox 129 5572 319 5639; x_wconf 83' lang='grc' dir='ltr'>ἄρτον</span> <span class='ocrx_word' id='word_1_784' title='bbox 378 5571 606 5638; x_wconf 78' lang='grc' dir='ltr'>ἓνζυμον</span> <span class='ocrx_word' id='word_1_785' title='bbox 665 5573 988 5638; x_wconf 71' lang='grc' dir='ltr'>φυλάττωνο</span> <span class='ocrx_word' id='word_1_786' title='bbox 1046 5575 1140 5626; x_wconf 80' lang='grc' dir='ltr'><strong>καὶ</strong></span> <span class='ocrx_word' id='word_1_787' title='bbox 1189 5575 1360 5627; x_wconf 77' lang='grc' dir='ltr'>ταῦτα</span> <span class='ocrx_word' id='word_1_788' title='bbox 1411 5578 1503 5628; x_wconf 81' lang='grc' dir='ltr'><strong>τοῦ</strong></span> <span class='ocrx_word' id='word_1_789' title='bbox 1551 5577 1722 5628; x_wconf 72' lang='grc' dir='ltr'>Ἰούδα</span> 
     </span>
    </p>
   </div>
   <div class='ocr_carea' id='block_1_106' title="bbox 132 5661 1720 5734">
    <p class='ocr_par' dir='ltr' id='par_1_106' title="bbox 132 5661 1720 5734">
     <span class='ocr_line' id='line_1_106' title="bbox 132 5661 1720 5734; baseline 0.003 -19"><span class='ocrx_word' id='word_1_790' title='bbox 132 5661 428 5730; x_wconf 76' lang='grc' dir='ltr'>παρόντος</span> <span class='ocrx_word' id='word_1_791' title='bbox 487 5665 621 5727; x_wconf 73' lang='grc' dir='ltr'>ἐκεῖ,</span> <span class='ocrx_word' id='word_1_792' title='bbox 672 5673 765 5718; x_wconf 77' lang='grc' dir='ltr'><strong>καὶ</strong></span> <span class='ocrx_word' id='word_1_793' title='bbox 814 5665 1104 5734; x_wconf 76' lang='grc' dir='ltr'>ζητοῦντος</span> <span class='ocrx_word' id='word_1_794' title='bbox 1159 5668 1358 5733; x_wconf 68' lang='grc' dir='ltr'>τρόπον</span> <span class='ocrx_word' id='word_1_795' title='bbox 1411 5668 1720 5734; x_wconf 84' lang='grc' dir='ltr'>προδοσίας,</span> 
     </span>
    </p>
   </div>
   <div class='ocr_carea' id='block_1_107' title="bbox 131 5753 1722 5824">
    <p class='ocr_par' dir='ltr' id='par_1_107' title="bbox 131 5753 1722 5824">
     <span class='ocr_line' id='line_1_107' title="bbox 131 5753 1722 5824; baseline 0.003 -18"><span class='ocrx_word' id='word_1_796' title='bbox 131 5754 300 5806; x_wconf 80' lang='grc' dir='ltr'><strong>ὥστε</strong></span> <span class='ocrx_word' id='word_1_797' title='bbox 358 5753 650 5824; x_wconf 84' lang='grc' dir='ltr'>προδοῦναι</span> <span class='ocrx_word' id='word_1_798' title='bbox 707 5757 869 5810; x_wconf 76' lang='grc' dir='ltr'>αὐτὸν</span> <span class='ocrx_word' id='word_1_799' title='bbox 922 5759 1032 5819; x_wconf 85' lang='grc' dir='ltr'>τοῖς</span> <span class='ocrx_word' id='word_1_800' title='bbox 1094 5757 1390 5820; x_wconf 88' lang='grc' dir='ltr'>Ἰουδαίοις.</span> <span class='ocrx_word' id='word_1_801' title='bbox 1453 5759 1591 5810; x_wconf 80' lang='grc' dir='ltr'>Ἀλλ’</span> <span class='ocrx_word' id='word_1_802' title='bbox 1625 5759 1722 5810; x_wconf 69' lang='grc' dir='ltr'><strong>οὐκ</strong></span> 
     </span>
    </p>
   </div>
   <div class='ocr_carea' id='block_1_108' title="bbox 131 5846 1720 5921">
    <p class='ocr_par' dir='ltr' id='par_1_108' title="bbox 131 5846 1720 5921">
     <span class='ocr_line' id='line_1_108' title="bbox 131 5846 1720 5921; baseline 0.003 -21"><span class='ocrx_word' id='word_1_803' title='bbox 131 5846 275 5900; x_wconf 65' lang='grc' dir='ltr'>ἔστι</span> <span class='ocrx_word' id='word_1_804' title='bbox 329 5846 507 5913; x_wconf 84' lang='grc' dir='ltr'>τοῦτο,</span> <span class='ocrx_word' id='word_1_805' title='bbox 557 5846 654 5900; x_wconf 79' lang='grc' dir='ltr'><strong>οὐκ</strong></span> <span class='ocrx_word' id='word_1_806' title='bbox 700 5848 836 5903; x_wconf 81' lang='grc' dir='ltr'>ἐστι.</span> <span class='ocrx_word' id='word_1_807' title='bbox 876 5847 1171 5919; x_wconf 79' lang='grc' dir='ltr'>Πληρωτὴς</span> <span class='ocrx_word' id='word_1_808' title='bbox 1221 5849 1276 5900; x_wconf 80' lang='grc' dir='ltr'><strong>δὲ</strong></span> <span class='ocrx_word' id='word_1_809' title='bbox 1305 5848 1380 5902; x_wconf 79' lang='grc' dir='ltr'><strong>ὢν</strong></span> <span class='ocrx_word' id='word_1_810' title='bbox 1430 5849 1523 5902; x_wconf 80' lang='grc' dir='ltr'>τοῦ</span> <span class='ocrx_word' id='word_1_811' title='bbox 1557 5848 1720 5921; x_wconf 67' lang='grc' dir='ltr'>νόμου</span> 
     </span>
    </p>
   </div>
   <div class='ocr_carea' id='block_1_109' title="bbox 1827 4654 3389 4726">
    <p class='ocr_par' dir='ltr' id='par_1_109' title="bbox 1827 4654 3389 4726">
     <span class='ocr_line' id='line_1_109' title="bbox 1827 4654 3389 4726; baseline -0.003 -14"><span class='ocrx_word' id='word_1_812' title='bbox 1827 4674 1978 4723; x_wconf 91' lang='lat' dir='ltr'><strong>usus,</strong></span> <span class='ocrx_word' id='word_1_813' title='bbox 2033 4666 2089 4710; x_wconf 93' lang='lat' dir='ltr'><strong>ut</strong></span> <span class='ocrx_word' id='word_1_814' title='bbox 2133 4658 2232 4726; x_wconf 80' lang='lat' dir='ltr'><strong>legi</strong></span> <span class='ocrx_word' id='word_1_815' title='bbox 2288 4661 2564 4710; x_wconf 84' lang='lat' dir='ltr'><strong>adversus.</strong></span> <span class='ocrx_word' id='word_1_816' title='bbox 2604 4674 2622 4706; x_wconf 74' lang='grc' dir='ltr'>ι</span> <span class='ocrx_word' id='word_1_817' title='bbox 2671 4657 2848 4709; x_wconf 85' lang='lat' dir='ltr'><strong>Aurea</strong></span> <span class='ocrx_word' id='word_1_818' title='bbox 2887 4658 3051 4709; x_wconf 83' lang='lat' dir='ltr'><strong>verba</strong></span> <span class='ocrx_word' id='word_1_819' title='bbox 3100 4654 3389 4707; x_wconf 84' lang='lat' dir='ltr'><strong>eil&#39;undens</strong></span> 
     </span>
    </p>
   </div>
   <div class='ocr_carea' id='block_1_110' title="bbox 1823 4743 3384 4811">
    <p class='ocr_par' dir='ltr' id='par_1_110' title="bbox 1823 4743 3384 4811">
     <span class='ocr_line' id='line_1_110' title="bbox 1823 4743 3384 4811; baseline -0.006 -9"><span class='ocrx_word' id='word_1_820' title='bbox 1823 4748 2062 4802; x_wconf 84' lang='lat' dir='ltr'><strong>Joannes</strong></span> <span class='ocrx_word' id='word_1_821' title='bbox 2095 4748 2147 4799; x_wconf 90' lang='lat' dir='ltr'><strong>in</strong></span> <span class='ocrx_word' id='word_1_822' title='bbox 2193 4747 2253 4798; x_wconf 92' lang='lat'><strong>8|</strong></span> <span class='ocrx_word' id='word_1_823' title='bbox 2298 4747 2518 4799; x_wconf 85' lang='lat' dir='ltr'><strong>homilia</strong></span> <span class='ocrx_word' id='word_1_824' title='bbox 2559 4747 2612 4798; x_wconf 89' lang='lat' dir='ltr'><strong>in</strong></span> <span class='ocrx_word' id='word_1_825' title='bbox 2667 4745 2868 4811; x_wconf 80' lang='lat' dir='ltr'><strong>Evang.</strong></span> <span class='ocrx_word' id='word_1_826' title='bbox 2917 4743 3150 4797; x_wconf 72' lang='lat' dir='ltr'><strong>Matthaei</strong></span> <span class='ocrx_word' id='word_1_827' title='bbox 3201 4744 3384 4796; x_wconf 87' lang='lat' dir='ltr'><strong>dicit:</strong></span> 
     </span>
    </p>
   </div>
   <div class='ocr_carea' id='block_1_111' title="bbox 1833 4836 3388 4907">
    <p class='ocr_par' dir='ltr' id='par_1_111' title="bbox 1833 4836 3388 4907">
     <span class='ocr_line' id='line_1_111' title="bbox 1833 4836 3388 4907; baseline -0.001 -18"><span class='ocrx_word' id='word_1_828' title='bbox 1833 4860 1851 4889; x_wconf 77' lang='grc' dir='ltr'><strong>ι</strong></span> <span class='ocrx_word' id='word_1_829' title='bbox 1891 4839 2044 4903; x_wconf 87' lang='lat' dir='ltr'><strong>Quod</strong></span> <span class='ocrx_word' id='word_1_830' title='bbox 2081 4856 2253 4907; x_wconf 88' lang='lat' dir='ltr'><strong>usque</strong></span> <span class='ocrx_word' id='word_1_831' title='bbox 2294 4849 2589 4893; x_wconf 83' lang='lat' dir='ltr'><strong>extremam</strong></span> <span class='ocrx_word' id='word_1_832' title='bbox 2635 4839 2772 4891; x_wconf 90' lang='lat' dir='ltr'><strong>diem</strong></span> <span class='ocrx_word' id='word_1_833' title='bbox 2808 4853 2876 4890; x_wconf 89' lang='lat' dir='ltr'><strong>ne</strong></span> <span class='ocrx_word' id='word_1_834' title='bbox 2928 4836 3025 4906; x_wconf 87' lang='lat' dir='ltr'><strong>legi</strong></span> <span class='ocrx_word' id='word_1_835' title='bbox 3077 4836 3388 4888; x_wconf 83' lang='lat' dir='ltr'><strong>contrarius</strong></span> 
     </span>
    </p>
   </div>
   <div class='ocr_carea' id='block_1_112' title="bbox 1829 4925 3390 5002">
    <p class='ocr_par' dir='ltr' id='par_1_112' title="bbox 1829 4925 3390 5002">
     <span class='ocr_line' id='line_1_112' title="bbox 1829 4925 3390 5002; baseline -0.004 -19"><span class='ocrx_word' id='word_1_836' title='bbox 1829 4933 2119 4996; x_wconf 86' lang='lat' dir='ltr'><strong>videretur,</strong></span> <span class='ocrx_word' id='word_1_837' title='bbox 2166 4932 2371 4984; x_wconf 85' lang='lat' dir='ltr'><strong>Pascha</strong></span> <span class='ocrx_word' id='word_1_838' title='bbox 2420 4933 2642 5002; x_wconf 79' lang='lat' dir='ltr'><strong>peregit.</strong></span> <span class='ocrx_word' id='word_1_839' title='bbox 2695 4931 2900 4985; x_wconf 89' lang='lat' dir='ltr'><strong>Ultima</strong></span> <span class='ocrx_word' id='word_1_840' title='bbox 2941 4943 3069 4982; x_wconf 88' lang='lat' dir='ltr'><strong>vero</strong></span> <span class='ocrx_word' id='word_1_841' title='bbox 3096 4929 3211 4980; x_wconf 89' lang='lat' dir='ltr'><strong>dies</strong></span> <span class='ocrx_word' id='word_1_842' title='bbox 3243 4925 3390 4988; x_wconf 90' lang='lat' dir='ltr'><strong>fuit,</strong></span> 
     </span>
    </p>
   </div>
   <div class='ocr_carea' id='block_1_113' title="bbox 1825 5016 3386 5092">
    <p class='ocr_par' dir='ltr' id='par_1_113' title="bbox 1825 5016 3386 5092">
     <span class='ocr_line' id='line_1_113' title="bbox 1825 5016 3386 5092; baseline -0.003 -19"><span class='ocrx_word' id='word_1_843' title='bbox 1825 5025 2042 5092; x_wconf 83' lang='lat' dir='ltr'><strong>quando</strong></span> <span class='ocrx_word' id='word_1_844' title='bbox 2071 5026 2222 5076; x_wconf 90' lang='lat' dir='ltr'><strong>cruci</strong></span> <span class='ocrx_word' id='word_1_845' title='bbox 2256 5024 2445 5077; x_wconf 77' lang='lat' dir='ltr'><strong>aﬁixus</strong></span> <span class='ocrx_word' id='word_1_846' title='bbox 2469 5033 2573 5085; x_wconf 84' lang='lat' dir='ltr'><strong>est,</strong></span> <span class='ocrx_word' id='word_1_847' title='bbox 2602 5023 2655 5074; x_wconf 94' lang='lat' dir='ltr'><strong>in</strong></span> <span class='ocrx_word' id='word_1_848' title='bbox 2682 5037 2787 5090; x_wconf 85' lang='lat' dir='ltr'><strong>qua</strong></span> <span class='ocrx_word' id='word_1_849' title='bbox 2829 5035 2957 5074; x_wconf 83' lang='lat' dir='ltr'><strong>voce</strong></span> <span class='ocrx_word' id='word_1_850' title='bbox 2987 5034 3178 5088; x_wconf 85' lang='lat' dir='ltr'><strong>magna</strong></span> <span class='ocrx_word' id='word_1_851' title='bbox 3208 5016 3386 5080; x_wconf 77' lang='lat' dir='ltr'><strong>dixit,</strong></span> 
     </span>
    </p>
   </div>
   <div class='ocr_carea' id='block_1_114' title="bbox 1825 5110 3394 5178">
    <p class='ocr_par' dir='ltr' id='par_1_114' title="bbox 1825 5110 3394 5178">
     <span class='ocr_line' id='line_1_114' title="bbox 1825 5110 3394 5178; baseline -0.007 -5"><span class='ocrx_word' id='word_1_852' title='bbox 1825 5117 2278 5173; x_wconf 69' lang='lat' dir='ltr'><strong>Consummatum</strong></span> <span class='ocrx_word' id='word_1_853' title='bbox 2317 5129 2422 5171; x_wconf 88' lang='lat' dir='ltr'><strong>est.</strong></span> <span class='ocrx_word' id='word_1_854' title='bbox 2458 5118 2843 5172; x_wconf 86' lang='lat' dir='ltr'><strong>Cousummata</strong></span> <span class='ocrx_word' id='word_1_855' title='bbox 2881 5123 3031 5178; x_wconf 90' lang='lat' dir='ltr'><strong>sunt,</strong></span> <span class='ocrx_word' id='word_1_856' title='bbox 3064 5112 3276 5166; x_wconf 89' lang='lat' dir='ltr'><strong>scilicet</strong></span> <span class='ocrx_word' id='word_1_857' title='bbox 3307 5110 3394 5162; x_wconf 81' lang='lat' dir='ltr'><strong>in-</strong></span> 
     </span>
    </p>
   </div>
   <div class='ocr_carea' id='block_1_115' title="bbox 1829 5203 3392 5279">
    <p class='ocr_par' dir='ltr' id='par_1_115' title="bbox 1829 5203 3392 5279">
     <span class='ocr_line' id='line_1_115' title="bbox 1829 5203 3392 5279; baseline -0.004 -16"><span class='ocrx_word' id='word_1_858' title='bbox 1829 5211 2072 5279; x_wconf 87' lang='lat' dir='ltr'><strong>telligens</strong></span> <span class='ocrx_word' id='word_1_859' title='bbox 2095 5224 2431 5276; x_wconf 69' lang='lat' dir='ltr'><strong>quaecunque</strong></span> <span class='ocrx_word' id='word_1_860' title='bbox 2452 5209 2728 5277; x_wconf 68' lang='lat' dir='ltr'><strong>prophetae</strong></span> <span class='ocrx_word' id='word_1_861' title='bbox 2750 5214 2803 5258; x_wconf 88' lang='lat' dir='ltr'><strong>et</strong></span> <span class='ocrx_word' id='word_1_862' title='bbox 2830 5206 2908 5258; x_wconf 82' lang='lat' dir='ltr'><strong>lex</strong></span> <span class='ocrx_word' id='word_1_863' title='bbox 2936 5203 3392 5273; x_wconf 68' lang='lat' dir='ltr'><strong>prtescripserunt</strong></span> 
     </span>
    </p>
   </div>
   <div class='ocr_carea' id='block_1_116' title="bbox 1826 5293 3385 5365">
    <p class='ocr_par' dir='ltr' id='par_1_116' title="bbox 1826 5293 3385 5365">
     <span class='ocr_line' id='line_1_116' title="bbox 1826 5293 3385 5365; baseline -0.005 -11"><span class='ocrx_word' id='word_1_864' title='bbox 1826 5310 1880 5354; x_wconf 90' lang='lat' dir='ltr'><strong>et</strong></span> <span class='ocrx_word' id='word_1_865' title='bbox 1912 5303 2183 5353; x_wconf 80' lang='lat' dir='ltr'><strong>dixerunt.</strong></span> <span class='ocrx_word' id='word_1_866' title='bbox 2228 5319 2245 5349; x_wconf 73' lang='grc' dir='ltr'>ι</span> <span class='ocrx_word' id='word_1_867' title='bbox 2286 5300 2441 5365; x_wconf 87' lang='lat' dir='ltr'><strong>Quod</strong></span> <span class='ocrx_word' id='word_1_868' title='bbox 2468 5301 2511 5353; x_wconf 89' lang='lat' dir='ltr'><strong>si</strong></span> <span class='ocrx_word' id='word_1_869' title='bbox 2543 5315 2647 5352; x_wconf 94' lang='lat' dir='ltr'><strong>non</strong></span> <span class='ocrx_word' id='word_1_870' title='bbox 2672 5297 2908 5359; x_wconf 86' lang='lat' dir='ltr'><strong>fecisset,</strong></span> <span class='ocrx_word' id='word_1_871' title='bbox 2944 5304 3003 5348; x_wconf 92' lang='lat' dir='ltr'><strong>ut</strong></span> <span class='ocrx_word' id='word_1_872' title='bbox 3034 5295 3120 5348; x_wconf 89' lang='lat' dir='ltr'><strong>isti</strong></span> <span class='ocrx_word' id='word_1_873' title='bbox 3151 5293 3340 5347; x_wconf 88' lang='lat' dir='ltr'><strong>dicunt</strong></span> <span class='ocrx_word' id='word_1_874' title='bbox 3369 5334 3385 5356; x_wconf 93' lang='lat'><strong>,</strong></span> 
     </span>
    </p>
   </div>
   <div class='ocr_carea' id='block_1_117' title="bbox 1829 5385 3385 5463">
    <p class='ocr_par' dir='ltr' id='par_1_117' title="bbox 1829 5385 3385 5463">
     <span class='ocr_line' id='line_1_117' title="bbox 1829 5385 3385 5463; baseline -0.004 -18"><span class='ocrx_word' id='word_1_875' title='bbox 1829 5393 1997 5463; x_wconf 89' lang='lat' dir='ltr'><strong>magis</strong></span> <span class='ocrx_word' id='word_1_876' title='bbox 2030 5393 2126 5461; x_wconf 91' lang='lat' dir='ltr'><strong>legi</strong></span> <span class='ocrx_word' id='word_1_877' title='bbox 2176 5393 2439 5445; x_wconf 79' lang='lat' dir='ltr'><strong>adversus</strong></span> <span class='ocrx_word' id='word_1_878' title='bbox 2494 5390 2889 5448; x_wconf 89' lang='lat' dir='ltr'><strong>ostenderetur.</strong></span> <span class='ocrx_word' id='word_1_879' title='bbox 2923 5402 3033 5439; x_wconf 90' lang='lat' dir='ltr'><strong>non</strong></span> <span class='ocrx_word' id='word_1_880' title='bbox 3086 5385 3385 5438; x_wconf 88' lang='lat' dir='ltr'><strong>secumlum</strong></span> 
     </span>
    </p>
   </div>
   <div class='ocr_carea' id='block_1_118' title="bbox 1827 5475 3388 5554">
    <p class='ocr_par' dir='ltr' id='par_1_118' title="bbox 1827 5475 3388 5554">
     <span class='ocr_line' id='line_1_118' title="bbox 1827 5475 3388 5554; baseline -0.008 -14"><span class='ocrx_word' id='word_1_881' title='bbox 1827 5486 1996 5554; x_wconf 83' lang='lat' dir='ltr'><strong>legem</strong></span> <span class='ocrx_word' id='word_1_882' title='bbox 2027 5483 2233 5538; x_wconf 87' lang='lat' dir='ltr'><strong>Pascha</strong></span> <span class='ocrx_word' id='word_1_883' title='bbox 2263 5484 2431 5554; x_wconf 86' lang='lat' dir='ltr'><strong>legale</strong></span> <span class='ocrx_word' id='word_1_884' title='bbox 2455 5479 2782 5552; x_wconf 81' lang='lat' dir='ltr'><strong>peragenda,</strong></span> <span class='ocrx_word' id='word_1_885' title='bbox 2807 5479 2899 5532; x_wconf 90' lang='lat' dir='ltr'><strong>sed</strong></span> <span class='ocrx_word' id='word_1_886' title='bbox 2927 5492 3117 5546; x_wconf 87' lang='lat' dir='ltr'><strong>panem</strong></span> <span class='ocrx_word' id='word_1_887' title='bbox 3149 5475 3388 5530; x_wconf 87' lang='lat' dir='ltr'><strong>fermen-</strong></span> 
     </span>
    </p>
   </div>
   <div class='ocr_carea' id='block_1_119' title="bbox 1832 5566 3390 5644">
    <p class='ocr_par' dir='ltr' id='par_1_119' title="bbox 1832 5566 3390 5644">
     <span class='ocr_line' id='line_1_119' title="bbox 1832 5566 3390 5644; baseline -0.006 -14"><span class='ocrx_word' id='word_1_888' title='bbox 1832 5588 2000 5630; x_wconf 89' lang='lat' dir='ltr'><strong>tatum</strong></span> <span class='ocrx_word' id='word_1_889' title='bbox 2036 5577 2300 5632; x_wconf 84' lang='lat' dir='ltr'><strong>servando</strong></span> <span class='ocrx_word' id='word_1_890' title='bbox 2335 5592 2352 5629; x_wconf 90' lang='lat'><strong><em>:</em></strong></span> <span class='ocrx_word' id='word_1_891' title='bbox 2389 5573 2686 5644; x_wconf 67' lang='lat' dir='ltr'><strong>prmsertim</strong></span> <span class='ocrx_word' id='word_1_892' title='bbox 2719 5587 2841 5625; x_wconf 88' lang='lat' dir='ltr'><strong>cum</strong></span> <span class='ocrx_word' id='word_1_893' title='bbox 2869 5568 3037 5622; x_wconf 86' lang='lat' dir='ltr'><strong>Judas</strong></span> <span class='ocrx_word' id='word_1_894' title='bbox 3063 5577 3195 5621; x_wconf 90' lang='lat' dir='ltr'><strong>tunc</strong></span> <span class='ocrx_word' id='word_1_895' title='bbox 3227 5566 3390 5620; x_wconf 88' lang='lat' dir='ltr'><strong>ades-</strong></span> 
     </span>
    </p>
   </div>
   <div class='ocr_carea' id='block_1_120' title="bbox 1829 5653 3389 5732">
    <p class='ocr_par' dir='ltr' id='par_1_120' title="bbox 1829 5653 3389 5732">
     <span class='ocr_line' id='line_1_120' title="bbox 1829 5653 3389 5732; baseline -0.008 -12"><span class='ocrx_word' id='word_1_896' title='bbox 1829 5676 1930 5731; x_wconf 89' lang='lat' dir='ltr'><strong>set,</strong></span> <span class='ocrx_word' id='word_1_897' title='bbox 1963 5674 2016 5719; x_wconf 89' lang='lat' dir='ltr'><strong>et</strong></span> <span class='ocrx_word' id='word_1_898' title='bbox 2046 5669 2310 5720; x_wconf 85' lang='lat' dir='ltr'><strong>rationem</strong></span> <span class='ocrx_word' id='word_1_899' title='bbox 2349 5662 2612 5732; x_wconf 87' lang='lat' dir='ltr'><strong>prodendi</strong></span> <span class='ocrx_word' id='word_1_900' title='bbox 2642 5660 3005 5730; x_wconf 86' lang='lat' dir='ltr'><strong>perquireret,</strong></span> <span class='ocrx_word' id='word_1_901' title='bbox 3038 5665 3098 5711; x_wconf 86' lang='lat' dir='ltr'><strong>ut</strong></span> <span class='ocrx_word' id='word_1_902' title='bbox 3127 5671 3251 5712; x_wconf 90' lang='lat' dir='ltr'><strong>eum</strong></span> <span class='ocrx_word' id='word_1_903' title='bbox 3286 5653 3389 5709; x_wconf 83' lang='lat' dir='ltr'><strong>Ju-</strong></span> 
     </span>
    </p>
   </div>
   <div class='ocr_carea' id='block_1_121' title="bbox 1830 5748 3380 5826">
    <p class='ocr_par' dir='ltr' id='par_1_121' title="bbox 1830 5748 3380 5826">
     <span class='ocr_line' id='line_1_121' title="bbox 1830 5748 3380 5826; baseline -0.007 -15"><span class='ocrx_word' id='word_1_904' title='bbox 1830 5758 1962 5811; x_wconf 71' lang='lat' dir='ltr'><strong>daeis</strong></span> <span class='ocrx_word' id='word_1_905' title='bbox 1994 5757 2302 5826; x_wconf 48' lang='lat' dir='ltr'><strong>proderet»</strong></span> <span class='ocrx_word' id='word_1_906' title='bbox 2342 5757 2411 5808; x_wconf 81' lang='lat' dir='ltr'><strong>At</strong></span> <span class='ocrx_word' id='word_1_907' title='bbox 2449 5755 2551 5808; x_wconf 91' lang='lat' dir='ltr'><strong>hoc</strong></span> <span class='ocrx_word' id='word_1_908' title='bbox 2598 5754 2745 5806; x_wconf 79' lang='lat' dir='ltr'><strong>nullo</strong></span> <span class='ocrx_word' id='word_1_909' title='bbox 2786 5759 2944 5821; x_wconf 82' lang='lat' dir='ltr'><strong>pacto</strong></span> <span class='ocrx_word' id='word_1_910' title='bbox 2983 5760 3104 5817; x_wconf 84' lang='lat' dir='ltr'><strong>est;</strong></span> <span class='ocrx_word' id='word_1_911' title='bbox 3133 5748 3224 5801; x_wconf 89' lang='lat' dir='ltr'><strong>sed</strong></span> <span class='ocrx_word' id='word_1_912' title='bbox 3255 5762 3380 5800; x_wconf 73' lang='lat' dir='ltr'><strong>cun.</strong></span> 
     </span>
    </p>
   </div>
   <div class='ocr_carea' id='block_1_122' title="bbox 1833 5833 3384 5920">
    <p class='ocr_par' dir='ltr' id='par_1_122' title="bbox 1833 5833 3384 5920">
     <span class='ocr_line' id='line_1_122' title="bbox 1833 5833 3384 5920; baseline -0.01 -11"><span class='ocrx_word' id='word_1_913' title='bbox 1833 5861 2025 5910; x_wconf 84' lang='lat' dir='ltr'><strong>auctor</strong></span> <span class='ocrx_word' id='word_1_914' title='bbox 2058 5851 2190 5920; x_wconf 81' lang='lat' dir='ltr'><strong>legis</strong></span> <span class='ocrx_word' id='word_1_915' title='bbox 2224 5859 2363 5908; x_wconf 85' lang='lat' dir='ltr'><strong>esset</strong></span> <span class='ocrx_word' id='word_1_916' title='bbox 2394 5833 2748 5919; x_wconf 65' lang='lat' dir='ltr'><strong>adimplenda:</strong></span> <span class='ocrx_word' id='word_1_917' title='bbox 2776 5855 2829 5902; x_wconf 91' lang='lat' dir='ltr'><strong>et</strong></span> <span class='ocrx_word' id='word_1_918' title='bbox 2867 5843 3141 5903; x_wconf 74' lang='lat' dir='ltr'><strong>servanda:</strong></span> <span class='ocrx_word' id='word_1_919' title='bbox 3168 5882 3183 5911; x_wconf 89' lang='lat'><strong>,</strong></span> <span class='ocrx_word' id='word_1_920' title='bbox 3211 5841 3384 5897; x_wconf 84' lang='lat' dir='ltr'><strong>ut-di-</strong></span> 
     </span>
    </p>
   </div>
  </div>
