4160 6424
758 389 889 457 1211

1904 383 2216 445 JOSEPHI
2261 380 2814 444 METHONBNSIS

3861 380 3988 444 1212

754 514 901 561 ctum
931 509 1012 557 est
1041 508 1222 563 antea,
1256 498 1553 554 secundum
1580 499 1753 567 legem
1780 497 1984 565 peregit
2012 498 2216 560 omnia,
2249 510 2313 549 ac

2440 494 2511 547 ιαὶ
2541 495 2772 564 ποιητὴς
2795 492 2872 555 ὥς
2902 489 3253 563 προείρηται,
3286 490 3429 545 κατὰ
3450 489 3546 545 τδν
3564 489 3728 560 νόμον
3749 492 3988 546 ιτέλισεν

752 611 819 649 ex
842 594 1165 651 necessitate
1195 591 1412 645 fuerunt
1444 591 1672 660 Azyma,
1705 598 1758 644 ct
1790 603 2039 659 azymum
2066 588 2317 657 praebuit.

753 688 893 756 Quid
924 688 1087 756 igitur
1114 685 1327 755 petitis?
1364 685 1772 753 lnterrogamus
1805 701 1818 736 :
1850 698 2171 753 azymumne
2204 692 2321 737 erat

753 782 895 850 quod
918 779 1167 832 Christus
1195 777 1450 845 praebuit,
1476 792 1545 830 an
1580 775 1937 830 fermentum?
1958 775 2013 828 Si
2046 789 2320 845 azymum,

758 886 855 939 pro
890 871 1047 925 nobis
1085 868 1138 924 id
1172 879 1295 935 est;
1334 870 1378 924 si
1421 868 1746 923 fermentum
1776 909 1793 933 ,
1846 867 2126 923 Christum
2189 867 2322 936 legis

754 975 1216 1033 transgressorem
1266 978 1391 1018 esse
1439 964 1522 1015 vel
1556 963 1712 1017 inviti
1756 962 2065 1024 ostenditis,
2107 977 2231 1015 cum
2268 962 2322 1015 in

755 1060 1078 1127 Azymorum
1108 1056 1195 1111 die
1224 1056 1605 1111 fermentatum
1640 1069 1833 1123 panem
1862 1064 2157 1109 servasset.

1498 1224 1585 1278 Vl.

829 1319 937 1377 Sed
968 1321 1096 1391 quid
1125 1320 1257 1375 dicit
1295 1318 1681 1389 Xanthopulus
1710 1319 1832 1389 (l)?
1862 1317 2191 1372 Praecedenti
2240 1315 2328 1369 die

758 1409 812 1465 id
842 1408 988 1466 fecit.
1015 1409 1125 1465 Hoc
1156 1411 1294 1477 apud
1332 1426 1426 1465 eos
1471 1410 1565 1478 qui
1611 1410 1807 1463 mentis
1852 1417 2139 1477 compotes
2195 1420 2323 1461 sunt

760 1504 983 1558 stultum
1019 1511 1072 1559 et
1102 1505 1218 1559 sine
1250 1518 1415 1557 sensu
1445 1503 1883 1564 esistimahitur;
1934 1517 2056 1554 nam
2104 1503 2147 1555 si
2188 1517 2327 1570 pra:-

759 1596 967 1653 cedenti
1022 1595 1109 1651 die
1159 1595 1399 1659 fecisset,
1454 1596 1510 1649 in
1563 1604 1803 1663 tempore
1834 1610 1940 1648 non
1984 1594 2243 1661 fecisset;
2282 1593 2326 1646 si

761 1703 890 1744 vero
932 1703 1036 1743 non
1090 1688 1142 1741 in
1203 1698 1488 1756 tempore,
1539 1702 1641 1741 nec
1692 1687 1780 1740 illa
1838 1686 1971 1741 hora
2014 1685 2323 1749 etl'ecisset,

774 1789 1143 1850 transgressor
1174 1778 1311 1847 legis
1341 1794 1403 1831 ex
1427 1780 1752 1833 necessitate
1776 1777 2027 1832 Christus
2052 1776 2329 1832 convinci-

765 1882 873 1933 tur.
906 1872 1033 1941 quia
1057 1873 1141 1924 lex
1175 1870 1587 1941 quartadecima
1644 1870 1731 1923 die
1767 1869 1970 1923 mensis
1998 1868 2329 1937 vespereju-

764 1964 855 2019 bet
883 1962 1089 2018 Pascha
1112 1962 1415 2017 immolari.
1447 1961 1601 2027 Quod
1650 1961 1697 2016 si
1756 1960 1844 2014 die
1884 1960 2235 2029 praecedenti,
2266 1968 2323 2013 ut

767 2071 868 2113 vos
896 2054 1095 2118 dicitis,
1127 2052 1327 2117 effecit,
1363 2055 1729 2108 tertiadecima
1784 2054 1873 2107 die
1928 2061 2154 2120 apparet
2204 2050 2332 2106 ede-

766 2147 934 2204 cisse.
977 2148 1032 2201 Si
1067 2163 1191 2201 vero
1222 2148 1616 2213 tertiadecima,
1659 2148 1915 2200 adversus
1949 2146 2081 2214 legis
2110 2146 2332 2198 manda-

768 2238 841 2295 tis
891 2239 1217 2303 ostenditur,
1263 2255 1383 2309 qure
1432 2240 1585 2304 jubet
1637 2238 2044 2308 quartadecima
2096 2235 2237 2289 lieri.
2273 2234 2328 2288 Si

777 2332 1075 2395 adversus,
1132 2346 1262 2401 ergo
1312 2340 1365 2384 et
1419 2332 1552 2398 legis
1601 2339 1990 2398 transgressor.
2045 2326 2331 2395 Reliquum

770 2426 937 2496 igitur
965 2434 1049 2479 est
1093 2433 1149 2478 ut
1180 2426 1419 2477 credatis
1459 2439 1581 2477 cum
1618 2440 1723 2476 non
1771 2422 2115 2489 anticipasse,
2151 2420 2246 2473 sed
2280 2420 2333 2473 in

769 2526 1009 2579 tempore
1038 2514 1251 2570 fecisse.
1286 2516 1550 2569 Praeterea
1582 2516 1624 2568 si
1656 2516 1781 2568 dicit
1812 2516 1919 2577 lex,
1954 2527 2178 2582 vespere
2235 2513 2334 2567 Pa-

770 2610 901 2664 scha
920 2608 1184 2663 celebrari
1209 2616 1477 2678 oportere.
1503 2617 1554 2659 ct
1577 2605 1827 2659 Christus
1859 2620 2081 2672 vespere
2104 2605 2336 2673 peregit,

773 2716 880 2754 non
918 2711 1286 2768 transgressus
1330 2708 1412 2752 est
1466 2699 1762 2753 secundum
1812 2696 2199 2765 evangelistam
2235 2695 2344 2748 Lu-

772 2808 913 2857 cam,
938 2793 1027 2861 qui
1057 2792 1210 2857 dicit,
1242 2811 1260 2844 ι
1291 2792 1355 2846 Ει
1388 2792 1605 2861 quando
1630 2791 1776 2843 venit
1807 2788 2248 2850 hora,discuhnit
2281 2803 2331 2851 ;›

775 2900 899 2938 nam
941 2886 985 2939 si
1015 2884 1191 2939 media
1230 2883 1317 2938 die
1354 2883 1588 2947 fecisset,
1612 2881 1715 2935 dici
1748 2888 2104 2949 poterateum
2146 2879 2341 2934 antici-

774 2991 936 3046 passe
966 2978 1045 3030 vel
1080 2984 1315 3043 tempus.
1348 2976 1425 3027 vel
1473 2976 1684 3039 horam,
1712 2983 1763 3026 et
1806 2973 1927 3026 ideo
1952 2972 2337 3026 fermentatum

774 3068 967 3125 fuisse.
1002 3067 1071 3122 At
1102 3082 1207 3121 non
1244 3067 1317 3119 ita
1354 3066 1552 3121 factum
1587 3074 1689 3119 est.
1716 3063 1974 3131 Discipuli
2026 3073 2290 3132 praeterea
2320 3098 2335 3122 ,

780 3170 841 3217 ut
868 3175 1008 3229 sape
1034 3160 1238 3214 dictum
1266 3167 1371 3223 est,
1401 3173 1521 3211 cum
1549 3156 1721 3209 Judxi
1752 3164 1954 3217 essent,
1987 3154 2143 3206 aliter
2169 3168 2332 3221 quam
2362 3171 2407 3228 ς

778 3253 1079 3321 ριίοειίιυιο
1120 3261 1362 3320 tempore
1397 3266 1555 3317 agere
1595 3263 1704 3301 non
1754 3247 2079 3301 debuerunt.
2114 3246 2335 3301 Praesti-

777 3351 891 3398 tuta
924 3342 1082 3409 igitur
1106 3357 1135 3394 a
1166 3342 1279 3409 lege
1305 3341 1392 3394 die
1419 3340 1565 3403 fecit,
1600 3347 1653 3393 et
1676 3339 1895 3407 quando
1934 3340 2135 3409 Azyma
2162 3346 2335 3402 erant,

779 3446 837 3491 ut
862 3436 1078 3491 divinus
1105 3436 1239 3490 dixit
1271 3434 1466 3500 Lucas,
1496 3435 1545 3487 id
1579 3444 1657 3489 est
1677 3435 1847 3502 prima
1873 3432 1962 3488 die
1988 3434 2336 3504 Azymorum,

779 3543 892 3598 quo
931 3528 1135 3582 Pascha
1183 3526 1451 3582 immolari
1476 3515 1783 3595 oportebat.
1835 3525 2122 3590 Quomodo
2176 3526 2339 3592 igitur

780 3619 1132 3687 antlcipavit,
1182 3618 1227 3672 si
1264 3619 1433 3687 prima
1466 3618 1551 3671 die
1585 3622 1912 3687 Azymorum
1947 3617 2203 3686 discipuli
2252 3634 2342 3672 ac-

781 3721 1090 3776 cesserunt,
1119 3720 1360 3779 petentes
1383 3711 1468 3765 ubi
1492 3712 1647 3763 vellet
1680 3712 1855 3780 parari
1886 3710 2119 3766 Pascha?
2148 3710 2341 3765 Osten-

781 3818 903 3857 sum
934 3803 1078 3856 enim
1115 3811 1197 3857 est
1229 3802 1370 3871 quod
1413 3803 1581 3871 legale
1613 3814 1726 3857 tum
1777 3803 1984 3857 Pascha
2033 3805 2296 3871 parabant
2326 3843 2343 3865 ,

782 3902 838 3947 et
866 3893 952 3947 die
978 3893 1282 3961 praestituta
1316 3905 1676 3963 peregerunt;
1715 3910 1838 3947 nam
1886 3896 1978 3964 qui
2040 3895 2121 3949 vel
2190 3896 2344 3963 prius

785 3986 865 4039 vel
897 3996 1019 4053 post
1042 3985 1243 4051 eﬂ'ecit,
1281 3987 1692 4056 transgreditur.
1730 3988 2114 4055 Quamobrem,
2143 3991 2219 4044 uti
2250 4004 2345 4045 vos

782 4077 1132 4142 existimatis,
1199 4086 1255 4132 et
1305 4078 1554 4135 Christus
1605 4080 2025 4150 transgreditur,
2088 4083 2343 4151 quoniam

785 4177 994 4240 tempus
1034 4169 1368 4237 anticipavit.
1426 4170 1529 4225 Sed
1583 4188 1738 4226 nemo
1788 4174 1985 4228 mentis
2022 4187 2243 4241 compos
2297 4175 2349 4229 id

784 4274 1022 4330 unquam
1052 4260 1337 4329 percipiet,
1377 4261 1457 4315 vel
1489 4262 1688 4317 dixerit
1733 4280 1970 4332 unquam
2000 4282 2016 4330 ;
2048 4264 2142 4319 sed
2174 4281 2350 4320 unus—

785 4348 1017 4417 quisque
1065 4349 1237 4417 magis
1265 4349 1318 4403 in
1352 4359 1596 4418 tempore
1624 4364 1679 4406 et
1720 4354 2020 4407 secundum
2062 4354 2233 4423 legem
2273 4355 2352 4410 fe-

787 4439 930 4495 cisse
953 4439 1116 4494 dicet.
1153 4440 1534 4496 ld.testahitur
1562 4458 1727 4497 aurea
1758 4444 1969 4511 lingua.
2012 4444 2116 4499 Sed
2164 4447 2347 4500 omnia

787 4531 1048 4585 audentes
1072 4530 1270 4597 Judaei,
1304 4541 1516 4600 tempus
1552 4543 1986 4602 praverterunt;
2038 4534 2169 4589 dicit
2205 4536 2348 4590 enim

791 4622 881 4677 hic
921 4636 1151 4693 magnus
1196 4620 1355 4676 Pater
1388 4622 1455 4677 84
1489 4625 1708 4679 lio-uilia
1751 4627 1804 4679 in
1845 4624 2075 4681 Joannis
2106 4626 2352 4698 Evange-

790 4710 919 4767 Iium
949 4725 1111 4780 super
1145 4726 1207 4765 ea
1235 4712 1397 4768 verba
1432 4730 1445 4766 :
1480 4731 1498 4765 ι
1537 4713 1826 4768 Adducunt
1854 4714 2050 4770 Jcsnm
2079 4731 2109 4770 a
2138 4717 2344 4786 Caipha

792 4800 846 4854 in
917 4800 1228 4870 pratorium
1271 4819 1285 4855 :
1326 4820 1346 4854 ι
1409 4802 1521 4856 Cur
1594 4818 1659 4859 eo
1734 4805 1910 4873 ipsum
1970 4806 2351 4871 abduxerunt,

791 4893 883 4947 ubi
937 4903 1325 4963 omnes‘erant
1382 4897 1730 4966 congregati?
1785 4895 1853 4951 Ut
1903 4914 1968 4952 ex
2033 4900 2350 4967 pontificum

792 4985 1059 5046 sententia
1084 4994 1278 5040 cuncta
1308 5000 1620 5058 peragerent
1646 5006 1661 5054 ;
1701 5005 1823 5044 nam
1848 4991 1892 5047 is
1922 5002 2050 5048 tunc
2081 5004 2198 5049 erat
2226 5009 2362 5064 pon-

794 5072 947 5138 tifex,
972 5084 1025 5129 et
1053 5090 1243 5130 omnes
1270 5092 1394 5131 eum
1431 5082 1847 5149 exspectabant.
1894 5084 1967 5137 Ita
1999 5085 2069 5139 ob
2102 5084 2204 5139 hoc
2241 5102 2362 5155 per-

794 5166 1085 5220 noctabant
1112 5175 1165 5220 et
1192 5166 1511 5235 vigilabant.
1537 5173 1663 5240 quia
1691 5182 1803 5227 tum
1829 5174 2034 5229 Pascha
2070 5191 2177 5230 non
2209 5191 2361 5230 com-

795 5256 1040 5322 cderant,
1106 5258 1302 5328 inquit,
1354 5262 1447 5315 sed
1497 5273 1777 5331 propterea
1814 5266 2124 5335 vigilabant.
2162 5267 2362 5321 Dicens

795 5348 939 5402 enim
978 5349 1148 5419 «quod
1184 5365 1341 5403 mane
1371 5361 1537 5413 erat,»
1573 5353 1811 5408 Joannes
1843 5356 2146 5424 subiunxit,
2181 5376 2199 5409 ι
2234 5358 2355 5412 Νοιι

797 5450 925 5495 sunt
967 5441 1197 5509 ingressi
1234 5446 1543 5511 praetorium
1580 5456 1637 5500 ut
1682 5462 1789 5501 non
1824 5447 2357 5514 contaminarentur,

798 5528 891 5583 sed
932 5538 990 5583 ut
1018 5528 1220 5586 Pascha
1255 5532 1694 5590 manducarent.»
1725 5538 1867 5604 Quid
1896 5540 2060 5608 igitur
2094 5540 2361 5596 dicemus?

800 5620 945 5694 quod
983 5621 1153 5677 altera
1183 5624 1271 5681 die
1300 5626 1677 5693 comederunt,
1700 5642 1755 5684 et
1788 5630 1961 5702 legem
1992 5632 2358 5698 violaverunt,

2424 586 2640 641 ἅπαντα
2662 602 2678 617 ο
2713 584 2808 638 καὶ
2853 584 3038 653 ἄζυμα
3076 580 3220 654 ἦσαν
3268 583 3607 652 ἀναγκαίως,
3653 584 3750 636 καὶ
3784 585 3988 653 ἄζυμον

2420 680 2761 749 παρέδωκεν.
2811 676 2878 731 τι
2935 676 3029 730 οὖν
3080 678 3240 745 ὑμεῖς
3313 676 3613 746 βούλεσθες
3674 676 3985 746 ἃρωτῶμεν.

2425 775 2670 843 ’Δζυμον
2704 767 2772 842 ἦν
2800 772 2829 824 ὃ
2857 772 3176 841 παρέδωκεν
3207 771 3237 822 6
3270 771 3528 840 Χριστὸς.
3559 770 3595 838 ἢ
3630 767 3908 837 fuﬁum;
3942 770 3987 821 ει

2426 869 2525 939 μὲν
2558 868 2790 935 ἄζυμον,
2821 864 2959 933 πρὸς
2992 864 3148 932 ὑμῶν
3177 866 3207 917 6
3239 866 3429 931 λόγος’
3458 862 3571 915 τίδ’
3609 860 3867 930 ῑνζυμον,
3896 879 3989 914 παι

2428 958 2672 1029 ραϐάτην
2716 956 2811 1009 τοῦ
2864 956 3031 1025 νόμου
3060 957 3151 1008 τδν
3198 956 3436 1024 Χριστὸν
3471 953 3866 1021 ἀποφαίνεσθε,
3897 953 3989 1005 κᾶν

2427 1044 2503 1115 μὴ
2538 1044 2804 1116 βούλησθε
2830 1063 2846 1079 ο
2879 1046 2963 1098 ὅτι
2994 1047 3062 1115 τῇ
3092 1045 3201 1098 τῶν
3242 1043 3501 1112 ’Δζύμων
3529 1046 3715 1115 ἡμέρᾳ
3769 1044 3988 1113 team.

2425 1155 2515 1191 τεν
2550 1136 2676 1202 ῐνζυ
2684 1154 2783 1207 μον
2818 1136 3008 1205 ἄρτον.

2497 1320 2564 1373 Τί
2598 1321 2656 1375 δέ
2701 1338 2869 1389 φησιν
2910 1322 2939 1374 6
2989 1319 3369 1384 Ξανθόπουλος
3394 1338 3411 1387 ;
3460 1321 3785 1390 Προλαϐὼν,
3838 1322 3992 1389 ἤγουν

2428 1413 2534 1482 πρδ
2569 1415 2698 1483 μιᾶς
2728 1413 2942 1483 ἡμέρας
2993 1413 3243 1481 ἐποίησε.
3278 1413 3452 1465 Τοῦτο
3497 1412 3593 1465 οὖν
3637 1415 3754 1475 τοῖς
3782 1408 3844 1466 εὖ
3877 1429 3993 1480 φρο-

2428 1498 2602 1564 νοῦσι,
2645 1500 2873 1569 μάταιον
2930 1501 3026 1554 καὶ
3073 1502 3430 1568 ἀδιανόητον*
3476 1504 3525 1555 εξ
3569 1503 3681 1571 γάρ
3736 1506 3847 1570 πρὸ
3880 1505 3995 1569 μιᾶς

2429 1592 2643 1660 ἡμέρας
2670 1592 2949 1659 ἐποίησεν,
2982 1593 3085 1647 οὐκ
3116 1596 3172 1646 ὲν
3202 1594 3279 1662 τῷ
3315 1595 3492 1663 καιρῷ
3538 1598 3801 1665 ἐποίησεν
3824 1614 3837 1626 ·
3874 1599 3920 1647 εξ
3946 1593 3995 1645 ἃ

2430 1684 2530 1736 οὐκ
2564 1685 2621 1737 ἐν
2649 1684 2726 1752 τῷ
2773 1684 2949 1754 καιρῷ
2984 1687 3079 1738 καὶ
3112 1688 3178 1755 τῇ
3220 1685 3341 1758 ὥρα
3404 1689 3652 1757 ἐποίησε,
3687 1690 3997 1755 παράνομος

2432 1777 2491 1841 ἐξ
2537 1777 2784 1844 ἀνάγκης
2828 1777 3104 1831 δείκνυται
3134 1779 3161 1830 6
3206 1781 3464 1849 Χριστός.
3504 1782 3565 1833 '0
3597 1783 3707 1851 γὰρ
3747 1782 3914 1849 νόμος
3939 1782 3996 1850 τῇ

2427 1868 2998 1940 τεσσαρεσκαιδεκάτῃ
3027 1871 3120 1922 τοῦ
3152 1873 3319 1940 μηνδς
3349 1874 3484 1941 πρὸς
3514 1874 3762 1941 ἑσπέραν
3797 1873 3998 1925 κελεύει

2429 1960 2489 2014 τὸ
2540 1962 2732 2031 Πάσχα
2788 1961 3033 2018 θύεσθαι.
3069 1964 3133 2017 Εἰ
3181 1964 3239 2016 δὲ
3291 1964 3398 2032 πρὸ
3431 1966 3560 2034 μιᾶς
3612 1965 3834 2035 ἡμέρας
3891 1964 4001 2017 καθ’

2431 2052 2575 2118 ὑμᾶς
2605 2053 2853 2121 ἐποίησε,
2891 2056 2956 2123 τῇ
2983 2056 3417 2129 τρισκαιδεκάτῃ
3451 2058 3706 2125 φαίνεται
3752 2060 3999 2125 ποιήσας.

2432 2146 2493 2199 Εἰ
2521 2146 2578 2199 δὲ
2615 2150 2681 2217 τῇ
2717 2149 3170 2220 τρισκαιδεκάτῃ,
3208 2150 3468 2213 ἔναντέως
3499 2151 3779 2203 δείκνυται
3807 2151 3887 2219 τῷ
3916 2149 4001 2202 τοῦ

2431 2236 2596 2305 νόμου
2630 2237 3036 2306 προστάγματι,
3064 2242 3496 2307 προστάττοντος
3522 2242 3588 2309 τῇ
3614 2256 4003 2306 τεσσαρεσκαι-

2438 2331 2637 2399 5εκάτῃ
2669 2333 2866 2383 ποιεῖν.
2926 2328 2989 2381 Εἰ
3042 2330 3097 2382 δὲ
3140 2332 3405 2395 ἐναντίος,
3441 2335 3535 2384 καὶ
3586 2333 3908 2401 παράνομος
3953 2331 4007 2395 ἐξ

2434 2421 2699 2488 ἀνάγκης.
2732 2421 2931 2473 Λοιπδν
2955 2422 3036 2474 δεῖ
3067 2422 3343 2475 πιστεύειν
3370 2424 3514 2492 ὑμᾶς
3576 2426 3659 2477 δτι
3686 2425 3751 2479 οὐ
3784 2424 4010 2492 προέλοι

2436 2511 2551 2575 ϐεν,
2581 2511 2714 2563 ἀλλὰ
2749 2512 2887 2564 κατὰ
2914 2512 3004 2564 τὸν
3035 2513 3225 2581 καιρδν
3257 2516 3535 2583 ἐποίησεν.
3570 2517 3689 2569 Ἔτι
3712 2520 3766 2569 εἰ
3797 2519 3824 2569 6
3847 2519 4008 2585 νόμος

2436 2604 2570 2669 φησὶ
2609 2602 2743 2670 np“;
2775 2604 3015 2670 ἑσπέραν
3060 2603 3119 2655 τὸ
3155 2604 3346 2672 Πάσχα
3376 2606 3645 2671 γίνεσθαι,
3676 2605 3777 2659 καὶ
3815 2608 3845 2658 6
3877 2607 4010 2674 X9:-

2438 2696 2561 2751 στὸς
2595 2695 2830 2764 ἑσπέρας
2864 2698 3166 2766 γενομένης
3202 2695 3471 2758 ἐτέλεσεν,
3500 2697 3561 2747 οὗ
3594 2696 3835 2765 παρέϐη,
3872 2697 4012 2749 κατὰ

2436 2787 2527 2839 τὸν
2560 2787 2952 2855 εὐαγγελιστὴν
2986 2791 3228 2850 Λουκᾶν.
3256 2790 3485 2857 λέγοντα
3509 2806 3524 2820 ·
3561 2812 3581 2841 ι
3619 2790 3729 2843 Καὶ
3764 2790 3855 2842 ὅτε
3901 2790 4016 2855 ἐγέ-

2436 2895 2576 2942 νετο,
2598 2877 2764 2949 ήῶρα
2782 2879 3097 2934 ἀνέπεσεν.»
3124 2882 3187 2933 Εἰ
3204 2882 3315 2951 γὰρ
3346 2880 3548 2949 ἔπραξε
3579 2882 3751 2950 μέσης
3776 2883 4013 2950 ἡμέρας,

2439 2970 2563 3039 ὲξῆν
2590 2970 2657 3022 ἂν
2693 2973 2868 3023 εἰπεῖν
2895 2972 2978 3026 ὅτι
3015 2972 3316 3040 προέλαϐεν
3345 2972 3377 3042 ἦ
3415 2972 3607 3040 καιρὸν
3636 2973 3667 3041 ἢ
3696 2972 3853 3042 ὥραν
3882 2988 3898 3001 ⁸
3926 2974 4015 3026 καὶ

2438 3062 2526 3116 διὰ
2574 3061 2738 3115 τοῦτο
2784 3063 2876 3116 καὶ
2906 3063 3161 3131 ἐνζυμον.
3221 3064 3362 3117 Ἀλλ’
3410 3066 3507 3133 οὐχ
3550 3064 3722 3127 οὕτως
3777 3066 4013 3133 ἐγένετο.

2442 3150 2571 3206 Εἶτα
2602 3155 2695 3206 καὶ
2728 3158 2775 3209 οἱ
2813 3154 3078 3223 μαθηταὶ,
3098 3154 3173 3217 ὡς
3209 3154 3469 3217 πολλάκις
3496 3155 3737 3225 εἴρηται,
3781 3156 4015 3210 Ἰουδαῖοι

2439 3245 2613 3309 ὄντες,
2645 3248 2742 3300 οὐκ
2791 3248 3023 3316 ὤφειλον
3066 3248 3264 3315 ἄλλως,
3294 3248 3326 3319 ἢ
3361 3250 3418 3301 έν
3461 3248 3537 3318 τῷ
3580 3249 4017 3318 ἀποδεδειγμένῳ

2442 3339 2641 3407 καιρῷ,
2695 3339 2940 3408 ποιῆσαι.
2990 3340 3298 3408 Ἐνδέχεται
3353 3339 3446 3393 οὖν
3479 3342 3533 3392 ὲν
3562 3341 3639 3411 τῷ
3691 3344 4015 3411 τεταγμένῳ

2441 3428 2534 3484 τοῦ
2565 3430 2728 3499 νόμου
2761 3430 2937 3499 καιρῷ
2960 3432 3054 3483 καὶ
3088 3433 3152 3501 τῇ
3178 3431 3295 3502 ὥρᾳ
3322 3431 3551 3502 ἔπραξε,
3583 3433 3677 3484 καὶ
3700 3433 3773 3485 τὰ
3798 3433 4017 3503 Ἀζυμα

2441 3516 2602 3591 ἦσαν,
2638 3521 2711 3583 ὡς
2741 3524 2768 3574 6
2788 3521 3049 3591 θεηγόρος
3073 3523 3177 3592 ἔφη
3206 3525 3443 3589 Λουκᾶς,
3473 3524 3556 3576 ὅτι
3583 3525 3653 3595 τῇ
3686 3525 3887 3596 πρώτῃ
3916 3511 4018 3577 τῶν

2456 3614 2729 3682 Ἀζύμων,
2785 3616 2842 3666 ὲν
2975 3616 3081 3669 ἔδει
3116 3616 3338 3670 θύεσθαι
3393 3617 3455 3669 τὸ
3505 3618 3716 3687 Πάσχα.
3778 3620 3904 3683 Πῶς
3929 3615 4019 3673 οὖν

2448 3705 2735 3775 προλαϐὼν
2792 3708 3067 3778 ἐποίησεν,
3122 3711 3170 3762 εἰ
3224 3712 3289 3778 τῇ
3342 3707 3536 3781 πρώτῃ
3587 3710 3699 3762 τῶν
3767 3712 4017 3782 Ἀξύμων

2446 3799 2750 3869 προσῆλθον
2776 3802 2822 3851 οἱ
2854 3802 3095 3869 μαθηταὶ
3120 3800 3419 3867 αἰτοῦντες,
3442 3801 3525 3870 Ili}
3551 3798 3732 3867 βούλει
3748 3803 3815 3855 τδ
3832 3803 4016 3871 Πάσχα

2447 3893 2593 3961 ημᾶς
2625 3894 2913 3962 ἑτοιμάσαι
2942 3908 2956 3956 ;
2986 3894 3267 3947 Δέδεικται
3294 3893 3406 3964 γὰρ
3442 3895 3526 3947 ὅτι
3562 3894 3660 3946 καὶ
3700 3894 3764 3946 τδ
3804 3898 4021 3965 νομικὸν

2448 3986 2753 4053 ἡτοίμασαν
2774 3984 2894 4037 τότε
2925 3986 3133 4055 Πάσχα,
3166 3987 3260 4039 καὶ
3289 3987 3347 4040 ὲν
3373 3985 3452 4055 τῷ
3480 3987 3813 4057 τεταγμένῳ
3854 3990 4023 4059 καιρῷ

2450 4074 2704 4128 ιτέλεσαν
2724 4093 2740 4109 ο
2772 4078 2865 4131 καὶ
2891 4077 3000 4145 γὰρ
3024 4078 3115 4129 καὶ
3146 4079 3173 4130 6
3208 4076 3517 4147 προλαϐὼν,
3554 4078 3651 4131 καὶ
3693 4078 3723 4130 6
3759 4082 4021 4148 μεταϐὰς.

2451 4168 2788 4235 παράνομος.
2825 4168 2987 4222 Ὥστε
3024 4167 3147 4220 καθ’
3183 4169 3325 4236 ὑμᾶς
3365 4170 3459 4222 καὶ
3486 4170 3515 4222 δ
3543 4170 3793 4235 Χριστὸς
3842 4175 4021 4243 παρά-

2451 4275 2636 4327 νομος,
2673 4259 2795 4311 ἐπεὶ
2828 4259 3101 4328 προέλαϐε
3158 4260 3253 4314 τδν
3278 4262 3494 4331 καιρόν.
3543 4262 3709 4315 Ἀλλὰ
3749 4263 3919 4319 τοῦτο
3940 4263 4023 4315 ού-

2452 4350 2562 4413 6st;
2595 4352 2702 4404 τῶν
2748 4348 2806 4405 εὖ
2845 4350 3187 4422 φρονούντων
3239 4355 3446 4424 νοήσει,
3480 4354 3513 4424 ἢ
3559 4353 3708 4409 εἴποι
3757 4356 3866 4410 ἂν·
3905 4356 4026 4410 ἀλλὰ

2462 4444 2680 4512 μᾶλλον,
2719 4445 2777 4495 ἐν
2809 4442 2884 4511 τῷ
2926 4443 3102 4513 καιρῷ
3132 4443 3225 4497 καὶ
3269 4446 3412 4498 κατὰ
3449 4445 3541 4498 τὸν
3581 4445 3753 4515 νόμον
3786 4448 4021 4515 ἐποίησε,

2456 4538 2563 4597 πᾶς
2591 4554 2675 4597 τις
2705 4535 2770 4588 ἂν
2804 4534 2956 4606 εἴπῃ.
2992 4538 3103 4592 Καὶ
3134 4536 3293 4590 τοῦτο
3340 4540 3687 4607 μαρτυρήσει
3720 4541 3750 4591 6
3800 4538 4025 4609 χρυσοῦς

2452 4627 2551 4697 τὴν
2582 4626 2849 4694 γλῶτταν,
2896 4628 2960 4680 Οἱ
2994 4626 3052 4678 δὲ
3110 4628 3178 4678 τά
3217 4627 3394 4679 πάντα
3434 4627 3749 4697 τολμῶντες
3796 4631 4025 4684 Ἰουδαῖοι

2454 4720 2775 4789 παρέϐησαν
2807 4718 2899 4771 τδν
2924 4720 3134 4789 καιρόν.
3163 4720 3301 4789 Φησὶ
3325 4722 3432 4789 γάρ
3462 4723 3491 4773 6
3530 4723 3707 4787 μέγας
3740 4712 3909 4785 οὗτος
3937 4723 4027 4775 Πα-

2455 4810 2559 4879 τὴρ
2619 4811 2676 4862 έν
2720 4812 2787 4879 τῇ
2835 4809 3169 4879 ὀγδοηκοστῇ
3227 4815 3463 4880 τετάρτῃ
3495 4810 3687 4882 ὁμιλίᾳ
3744 4814 3854 4867 τοῦ
3908 4816 4027 4877 κατὰ

2470 4901 2725 4969 Ἰωάννην
2756 4902 3119 4971 Εὐαγγελῐου,
3148 4904 3226 4965 εἰς
3250 4903 3328 4965 τὸἶ
3369 4921 3387 4954 ι
3432 4904 3663 4969 ’Δγουσι
3689 4905 3789 4957 τὸν
3839 4906 4025 4975 Ἰησοῦν

2459 4992 2567 5047 ἀπὸ
2592 4992 2689 5047 τοῦ
2723 4994 2947 5060 Καϊάφα
2976 4995 3054 5056 εἰς
3086 4995 3146 5047 τὸ
3176 4993 3530 5063 πραιτώριον·
3592 5012 3612 5045 ι
3673 4996 3783 5049 Διὰ
3850 5000 3907 5050 τί
3930 4999 4027 5049 ἐκεῖ

2460 5085 2746 5155 ἀπήγαγον
2794 5085 2978 5151 αὐτὸν,
3016 5085 3145 5137 ἔνθα
3195 5085 3433 5148 ἅπαντες
3472 5082 3611 5155 ἦσαν
3661 5092 4025 5156 συνηγμένοις

2461 5176 2579 5231 Ἵνα
2610 5178 2749 5247 μετὰ
2782 5176 3007 5245 γνώμης
3040 5176 3218 5229 πάντα
3256 5178 3526 5244 ποιήσωσι
3552 5177 3662 5230 τῶν
3696 5180 4023 5251 ἀρχιερέων·

2461 5268 2667 5330 ἐκεῖνος
2714 5267 2822 5337 γὰρ
2850 5261 2918 5338 ἦν
2968 5267 3091 5319 τότε
3139 5268 3455 5338 ἀρχιερεὺς,
3508 5269 3601 5320 καὶ
3650 5270 3869 5334 πάντες
3908 5268 4025 5340 ἦσαν

2470 5358 2633 5411 αὐτὸν
2671 5359 3063 5426 ἀναμένοντεςο
3118 5357 3261 5410 οὕτω
3303 5359 3712 5428 διενυκτέρευον
3750 5364 3854 5413 καὶ
3881 5359 4025 5431 ἠγρύ-

2468 5466 2633 5504 πνουν
2677 5450 2769 5502 ἐπὶ
2815 5451 2989 5520 τούτῳ
3014 5464 3028 5479 ·
3059 5449 3121 5502 οὐ
3173 5449 3280 5517 γὰρ
3308 5449 3509 5516 ἔφαγον
3542 5448 3663 5501 τότε
3704 5450 3773 5502 τὸ
3836 5452 4025 5517 Hiera.

2469 5544 2654 5612 φησιν,
2682 5542 2818 5595 ἀλλά
2844 5542 2931 5594 διὰ.
2960 5540 3117 5594 τοῦτο
3145 5541 3480 5611 ἡγρύπνουν.
3558 5540 3749 5593 Εἰπὼν
3822 5544 3934 5610 γὰρ
3962 5542 4024 5593 ὅτι

2472 5649 2491 5684 ι
2530 5632 2711 5703 πρωῑα
2732 5632 2929 5696 ἑστὶν,ι
2957 5635 2985 5689 δ
3024 5632 3273 5703 Ἰωάννης
3290 5633 3586 5703 ἐπήγαγεν,
3611 5648 3633 5685 ι
3664 5629 4025 5703 Ούκεισῆξιδεν

875 5799 953 5870 (l)
982 5797 1319 5874 Nicephorus
1338 5802 1735 5879 Xanthopulus,
1766 5821 1957 5867 auctor
1986 5809 2245 5868 Historia
2272 5812 2664 5868 ecclesiastica.
