4160 6424
169 354 301 418 1213

654 354 807 443 PRO
841 355 1063 419 CONC.
1102 357 1485 419 FLORENT-
1523 360 1684 422 CAP.
1736 361 1814 421 ΙΙ.
1848 362 1945 422 DE
1981 362 2238 425 AZYMO
2268 361 2367 424 ET
2395 365 2929 434 FERMENTATO.

3248 380 3384 445 121‘

167 465 241 529 είς
266 464 328 519 τὸ
356 464 711 535 πραιτώριον,
756 465 843 519 ῐνα
874 466 950 536 μὴ
993 468 1316 536 μιανθῶσιν,
1352 468 1468 521 ἀλλ’
1505 470 1593 523 ίνα
1631 472 1730 537 φά-

1849 482 1892 527 Jt
1930 477 2211 543 cupiditati
2248 494 2358 549 qua
2385 480 2649 536 ardebant
2675 483 2998 541 inservirent
3027 486 3222 543 caedem
3252 492 3394 548 hanc

166 571 298 623 γωσι
322 555 384 609 τδ
402 556 616 627 Πάσχα.
650 576 669 609 ι
694 558 762 612 Τί
790 558 885 612 οῦν
913 559 1059 612 ἐστιν
1077 561 1253 613 εἰπεῖν
1278 577 1293 627 ;
1322 561 1445 613 Ὀτι
1481 564 1539 614 ὲν
1568 564 1731 633 ἑτέρᾳ

166 647 383 715 ἔφαγον,
426 650 518 701 καὶ
568 649 660 702 τὸν
710 650 873 716 νόμον
916 649 1113 704 ἔλυσαν
1163 652 1253 704 διὰ
1289 652 1389 721 τὴν
1431 653 1732 721 ἐπιθυμίαν

166 738 261 806 τὴν
292 740 422 809 περὶ
443 741 541 808 τὴν
563 740 779 810 σφαγὴν
806 741 1028 809 ταύτην.
1063 743 1196 795 Οὐδὲ
1224 744 1332 813 γάρ
1361 744 1428 797 ἂν
1450 747 1477 796 ὁ
1496 746 1732 812 Χριστὸς

167 831 381 900 παρέϐη
432 833 524 885 τὸν
574 833 768 902 καιρὸν
800 832 894 887 τοῦ
944 834 1136 903 Πάσχα
1190 836 1378 904 φαγὼν
1436 836 1566 888 αὐτὸ
1596 836 1730 904 πρὸς

166 919 435 988 ἑσπέραν·
464 920 579 973 ἀλλ’
607 923 803 976 ἐκεῖνοι
840 924 891 975 οἱ
931 924 1109 977 πάντα
1140 925 1473 991 τολμῶντες,
1504 928 1598 979 καὶ
1631 944 1733 995 μυ-

168 1012 316 1081 ρίους
362 1013 804 1077 καταπατοῦντες
857 1016 1088 1083 νόμους·
1127 1017 1313 1087 ἐπειδὴ
1365 1019 1473 1087 γὰρ
1529 1019 1734 1087 σφόδρα

164 1104 313 1167 ἔξεον
339 1104 417 1175 τῷ
456 1106 634 1175 θυμῷ,
664 1109 761 1161 καὶ
809 1108 1069 1171 πολλάκις
1118 1110 1575 1179 ἐπιχειρήσαντες
1611 1115 1733 1164 ἀνιε⁴

164 1196 300 1260 λεῖν,
336 1199 433 1249 οὐκ
464 1197 713 1268 ίσχυσαν,
746 1202 866 1255 τότε
895 1204 1153 1265 λαϐόντες
1184 1204 1344 1257 αὐτὸν
1383 1207 1731 1275 ἀπροσδοκή-

167 1305 293 1351 τως,
341 1292 655 1357 προείλοντο
701 1295 795 1346 καὶ
842 1294 903 1346 τὸ
949 1296 1143 1365 Πάσχα
1190 1299 1428 1364 ἀφεῖναι,
1467 1299 1603 1367 ὑπὲρ
1635 1298 1729 1352 τοῦ

1838 571 2205 635 perpetrandi,
2244 587 2367 624 nam
2411 580 2626 641 tempus
2660 574 2915 632 Christus
2954 593 3061 631 non
3096 587 3394 646 transgres-

1834 674 1926 715 sus
1956 670 2040 716 est
2073 663 2371 730 Paschatis,
2404 680 2529 718 cum
2560 680 2785 734 vespere
2820 668 2869 719 id
2906 671 3248 725 comedisset.
3286 671 3394 726 Sed

1834 751 1868 805 ii
1896 762 2091 806 cuncta
2127 754 2417 820 audebant,
2454 771 2756 824 omnesque
2792 758 2933 825 leges
2957 752 3351 814 conculcabarit
3376 779 3397 817 :

1836 857 1959 895 nam
1993 844 2119 911 quia
2157 846 2503 900 vehementer
2536 849 2617 902 ira
2645 848 2979 909 mstuabaut.
3024 868 3122 906 nec
3161 867 3283 906 eum
3317 854 3383 905 in-

1837 935 2079 988 terficere
2107 945 2375 1003 poterant.
2403 941 2651 1004 quamvis
2680 942 2727 993 id
2764 958 2905 1009 saepe
2927 946 3163 1012 aggressi
3191 956 3397 1009 essent,

1836 1032 1965 1078 tunc
2000 1041 2121 1079 cum
2166 1028 2340 1094 ipsum
2383 1029 2657 1096 inopinato
2688 1035 3242 1102 comprehcndissent,
3278 1053 3392 1090 ma-

1832 1118 2047 1172 luerunt
2082 1120 2287 1175 Pascha
2323 1124 2595 1186 omittere,
2625 1133 2682 1177 ut
2716 1128 3063 1193 cupiditatem
3089 1142 3210 1180 eum
3238 1128 3400 1197 jugu-

1835 1209 1978 1264 landi
2003 1213 2337 1280 explerent.»
2374 1216 2543 1270 Audis
2563 1231 2657 1271 eos
2690 1226 2899 1286 tempus
2928 1228 2979 1271 et
3014 1220 3182 1288 legem
3223 1230 3401 1275 trans-

1831 1316 2048 1367 gressos
2105 1319 2255 1366 esse,
2308 1306 2593 1359 Christum
2639 1323 2743 1361 non
2793 1320 3195 1377 transgressum
3243 1314 3405 1367 esse?

165 1384 267 1452 τὴν
301 1386 527 1454 φονικὴν
550 1386 730 1440 αὐτῶν
755 1388 1373 1457 ἑμπλῆσαιὲπιθυμίαν.
1407 1408 1421 1440 ι
1497 1389 1741 1451 Ἀκούεις

1849 1391 1921 1445 lbi
1954 1403 2078 1445 sunt
2103 1397 2193 1462 qui
2227 1396 2412 1449 dicunt
2448 1412 2568 1451 eum
2603 1399 2979 1469 anticipasse?

165 1475 251 1529 ὅτι
282 1476 477 1530 ἐκεῖνοι
504 1478 602 1547 μιν
630 1478 951 1561 παρέϐησαν
978 1482 1069 1533 τὸν
1096 1483 1287 1550 καιρδιν
1313 1483 1406 1535 καὶ
1430 1482 1517 1534 τὸν
1545 1482 1732 1548 νόμον,
1766 1482 1793 1534 ὀ
1828 1483 1884 1535 δὲ
1915 1485 2149 1554 Χριστὸς
2181 1487 2241 1539 ού
2275 1490 2492 1559 παρέϐη
2522 1508 2535 1556 ;
2568 1491 2676 1544 Ποῦ
2729 1494 2865 1546 είσιν
2910 1496 2958 1547 oi
3022 1494 3287 1563 λέγοντες
3320 1496 3402 1557 δτι

166 1570 457 1638 προλαϐὼν
479 1573 737 1639 ἐποίησεν
765 1590 779 1639 ;

240 1661 458 1716 Τούτων
484 1669 665 1719 τοίνυν
694 1666 869 1730 οὕτως
910 1670 1164 1739 ἑχόντων,
1198 1669 1292 1722 καὶ
1338 1669 1733 1736 ἀποδεικνυμέ-

165 1772 275 1808 νων
310 1757 559 1824 φανερῶς
587 1757 781 1820 οὕτως.
819 1760 899 1811 ὅτι
946 1761 1153 1828 ἄζυμον
1188 1762 1507 1829 παρέδωκεν
1531 1763 1556 1810 ὁ
1602 1762 1734 1825 Χρε-

167 1849 295 1907 στδς
323 1851 434 1910 τοῖς
466 1852 633 1919 ἱεροῖς
661 1834 821 1903 αὑτοῦ
855 1852 1120 1921 μαθηταῖς
1155 1856 1208 1906 ὲν
1236 1857 1300 1920 τῇ
1332 1854 1439 1904 τῶν
1484 1851 1609 1913 Ἀζύ
1621 1869 1735 1919 μων

165 1939 398 2010 ἡμέρᾳ·
450 1939 607 2009 οἶμαι
653 1945 781 2011 γάρ,
817 1942 993 2012 οἶμαι,
1039 1947 1111 2007 ὡς
1141 1945 1307 1998 είούκ
1363 1946 1635 1997 ὲνεστῶσα
1673 1940 1737 2011 ἦν

164 2032 356 2102 τότεὴ
408 2034 517 2087 τῶν
564 2034 814 2101 Ἀζύμων
851 2039 1057 2106 ἡμέρα,
1089 2039 1147 2089 ὲν
1188 2036 1403 2106 ὲνζύμῳ
1449 2036 1737 2104 παρεδίδου

170 2124 243 2175 ἂν
276 2124 337 2175 τὸ
368 2125 690 2195 μυστήριον⁴
728 2126 1057 2195 βουλόμενος
1085 2128 1222 2190 ὅλως
1262 2127 1422 2179 τοῦτο
1467 2127 1738 2191 παραδοῦ-

171 2234 307 2269 ναι’
346 2217 612 2287 μηδαμῶς
660 2218 819 2283 λόγον
875 2219 1197 2286 ποιούμενος
1249 2218 1483 2285 ἐνζύμου
1541 2236 1598 2269 τε
1648 2220 1741 2269 καὶ

168 2309 409 2377 ἀζύμου,
444 2312 516 2372 ὡς
547 2310 701 2372 εἰδὼς
736 2310 834 2376 τὴν
862 2311 994 2378 ὓλην
1021 2329 1080 2362 τε
1114 2312 1206 2362 καὶ
1234 2311 1420 2362 ούσίαν
1452 2309 1541 2362 τοῦ
1574 2311 1738 2378 ἄρτου

166 2402 313 2458 εἶναι
344 2406 406 2457 ἐκ
435 2404 605 2467 σίτου,
646 2403 761 2465 πῶς
792 2405 1257 2472 κατηγορήσωμεν
1284 2404 1407 2465 τοὺς
1443 2404 1579 2470 μετὰ
1607 2402 1741 2463 ἀζύ-

171 2513 295 2563 μων
326 2496 424 2562 τὴν
453 2495 643 2546 θυσίαν
700 2494 987 2555 ποιοῦντας
1016 2509 1030 2558 ;
1076 2494 1108 2562 ἢ
1141 2494 1253 2553 πῶ;
1304 2492 1739 2559 ὲναντιωθῶμεν,

167 2589 274 2653 τῆς
308 2587 460 2656 ίερᾶς
488 2587 707 2638 συνόδου
743 2585 1075 2653 κελευούσης
1110 2586 1166 2637 ὲν
1196 2584 1273 2651 τῷ
1304 2586 1472 2650 αὐτῆς
1499 2586 1629 2653 ὅρῳ,
1661 2585 1741 2635 ὅτι

166 2680 234 2731 ἐν
286 2679 619 2745 ἀμφοτέροις
654 2681 763 2738 τοῖς
802 2681 993 2745 μέρεσι
1054 2678 1113 2729 τὸ
1158 2676 1250 2728 τοῦ
1297 2678 1532 2746 Χριστοῦ
1584 2678 1745 2743 σῶμα

166 2770 433 2829 τελεῖται.
466 2772 557 2821 καὶ
590 2772 648 2820 ὲν
693 2769 889 2836 ἀζύμῳ
920 2770 1013 2821 καὶ
1044 2770 1102 2819 ἐν
1147 2767 1401 2837 ὲνζύμῳ;
1442 2768 1471 2818 ὃ
1502 2768 1742 2833 παρέλα-

174 2861 273 2912 ϐεν
303 2862 471 2920 ὅντως
504 2863 535 2927 ἠ
588 2860 709 2927 ἱερά
753 2859 1053 2927 Ἐκκλησία
1097 2860 1245 2927 παρά
1286 2858 1392 2910 τῶν
1424 2858 1581 2926 ἱερῶν
1612 2858 1744 2907 ἁπο-

172 2952 403 3005 στόλων.
453 2953 515 3004 Οἱ
547 2953 653 3017 γὰρ
694 2952 827 3019 ἱεροὶ
876 2950 1185 3011 ἀπόστολοι,
1222 2951 1308 3001 ὅτε
1341 2950 1439 3001 ούκ
1471 2945 1537 3015 ἧτθ
1587 2949 1612 2999 ὁ
1640 2947 1745 2997 τῶν

181 3040 441 3109 ’Λζύμων
495 3042 707 3109 καιρὶς,
744 3039 866 3091 κατ’
917 3035 1065 3091 οἷκον
1108 3039 1281 3099 ὄντες,
1315 3038 1550 3097 κλῶντες
1584 3036 1745 3104 ἄρτον

1914 1669 2007 1724 His
2034 1671 2201 1739 igitur
2235 1672 2305 1725 ita
2337 1689 2394 1728 se
2431 1674 2751 1729 habentibus
2774 1716 2786 1737 ,
2821 1687 2873 1731 et
2904 1677 2975 1731 ita
3012 1680 3216 1749 liquido
3256 1692 3404 1735 com‘

1842 1762 2101 1827 probatis,
2133 1762 2407 1817 Christum
2438 1768 2613 1819 sacris
2650 1768 2910 1835 apostolis
2946 1784 3189 1839 azymum
3231 1773 3284 1825 in
3322 1774 3405 1827 die

1773 1833 1809 1885 Β
1842 1856 2163 1921 Azymorum
2206 1858 2491 1912 tradidisse
2552 1861 2827 1923 (existimo
2859 1864 2997 1915 enim
3028 1864 3167 1933 quod
3203 1864 3246 1919 si
3281 1874 3407 1920 tunc

1843 1947 2172 2015 Azymorum
2211 1951 2340 2003 hora
2377 1968 2480 2003 non
2537 1953 2844 2017 institisset,
2889 1956 2942 2009 in
2992 1956 3258 2012 fermento
3288 1976 3409 2030 my-

1844 2042 2067 2109 sterium
2123 2044 2457 2102 tradidisset,
2489 2045 2675 2099 volens
2710 2049 2936 2102 omnino
2989 2049 3116 2101 illud
3172 2052 3405 2113 tradere,

1845 2131 1997 2182 nihili
2044 2130 2247 2183 faciens
2286 2143 2466 2187 utrum
2504 2137 2555 2188 in
2594 2136 2857 2190 fermento
2894 2139 2972 2191 vel
3010 2156 3197 2209 azymo
3230 2142 3279 2193 id
3325 2141 3409 2193 fa-

1843 2236 2026 2287 ceret,
2068 2225 2245 2278 sciens
2281 2227 2557 2278 materiam
2595 2235 2647 2279 et
2677 2228 3036 2281 substantiam
3078 2244 3197 2283 esse
3252 2232 3407 2297 panis

1844 2331 1907 2368 ex
1943 2316 2125 2367 tritico
2162 2317 2509 2377 constantis),
2559 2332 2670 2386 quo
2732 2330 2890 2385 pacto
2948 2322 3410 2387 reprehendemus

1844 2421 1936 2459 θος
1979 2408 2067 2472 qui
2106 2407 2156 2459 iu
2195 2421 2384 2476 azymo
2427 2409 2776 2462 sacrificant?
2811 2426 2912 2478 qua
2964 2412 3171 2465 ratione
3221 2414 3412 2464 adver-

1844 2500 2108 2557 sabimur,
2148 2514 2269 2551 cum
2305 2514 2458 2551 saera
2490 2501 2726 2569 synodus
2756 2502 2806 2553 in
2841 2518 2941 2555 suo
2973 2502 3192 2556 decreto
3223 2503 3414 2569 iubeat.

1846 2603 2076 2658 utroque
2114 2591 2274 2643 modo
2300 2591 2498 2645 Christi
2533 2608 2730 2657 corpus
2762 2596 2951 2646 confici
2985 2608 3164 2661 posse,
3194 2596 3245 2647 in
3286 2610 3408 2666 azy-

1847 2696 1934 2732 nio
1962 2680 2167 2733 scilicet
2198 2691 2252 2733 et
2284 2680 2803 2749 fermentato?qund
2835 2682 3074 2736 Ecclesia
3096 2698 3251 2735 sacra
3291 2698 3415 2751 pro-

1850 2772 1986 2824 fecm
2010 2788 2038 2824 a
2063 2773 2235 2827 sacris
2264 2774 2468 2839 accepit
2504 2775 2796 2838 apostolis;
2822 2776 2959 2827 sacri
2991 2774 3138 2827 enim
3174 2774 3403 2842 apostoli

1848 2871 1996 2914 extra
2041 2873 2250 2929 tempus
2300 2863 2625 2929 Azymorum
2667 2862 2838 2914 fracto
2891 2880 3024 2928 pane
3075 2864 3406 2915 saerificium

1849 2954 2200 3022 peragebant,
2232 2969 2330 3006 nec
2361 2953 2507 3005 ullibi
2541 2964 2763 3021 apparet
2811 2970 2903 3007 eos
2944 2971 3193 3023 azymum
3225 2964 3415 3024 postu-

1849 3045 2012 3097 lasse.
2051 3044 2111 3096 Et
2140 3058 2330 3097 rursus
2362 3044 2413 3097 in
2445 3045 2634 3098 diebus
2662 3047 3007 3113 Azymornm,
3036 3061 3157 3096 cum
3189 3044 3410 3099 Jerusa-

169 3135 280 3202 τὴν
303 3133 493 3184 θυσίαν
514 3132 824 3193 ἐπετέλουν,
856 3132 946 3182 καὶ
974 3128 1208 3197 οὐδαμοῦ
1237 3129 1485 3197 φαίνεται
1518 3127 1741 3186 τούτους

1851 3138 1952 3189 lem
1992 3136 2367 3189 fermentatum
2399 3154 2500 3189 non
2542 3138 2893 3204 rt'pcrit'ctttr,
2923 3141 3124 3189 omisso
3156 3138 3396 3191 fermen-

170 3226 353 3278 αἰτεῖν
382 3225 609 3292 ἄζυμον.
640 3227 748 3277 Καὶ
774 3216 936 3275 πάλιν
960 3224 1014 3274 ὲν
1036 3224 1153 3282 ταῖς
1184 3222 1417 3288 ἡμέραις
1450 3220 1556 3270 τῶν
1590 3218 1745 3281 Ἀζύ-

175 3332 320 3385 μων,
355 3314 412 3366 ἰν
446 3313 805 3381 Ἰερουσαλὴμ
840 3312 914 3379 μὴ
944 3310 1338 3379 εὑρισκομένου
1364 3308 1618 3375 ἐνζύμου,
1646 3307 1746 3357 οὐκ

172 3406 417 3476 ἐνζυμον
447 3406 723 3468 αἰτοῦντες
756 3408 855 3475 τὴν
891 3406 1081 3460 θυσίαν
1118 3405 1450 3472 εἰργάζοντο.
1488 3403 1746 3472 ’ῌδεισαν

171 3500 291 3564 γὰρ
322 3498 565 3565 ἀκριϐῶς
602 3497 685 3549 ὅτι
717 3498 879 3566 ἀρκεῖ
909 3495 1044 3565 πρὸς
1079 3495 1258 3554 τοῦτο,
1292 3497 1355 3544 ἐκ
1404 3493 1551 3543 σίτου
1585 3487 1743 3544 εἶναι.

171 3590 257 3642 Οὐ
292 3590 391 3658 γάρ
423 3589 509 3640 διὰ
546 3588 606 3640 τὸ
636 3588 709 3657 μὴ
737 3587 880 3655 ἔχειν
914 3588 1115 3654 μικρὰν
1149 3586 1349 3653 ζύμην,
1379 3581 1446 3653 ἦν
1473 3584 1648 3637 πάντα
1682 3585 1749 3634 τὰ

168 3681 479 3747 τελούμενα
518 3680 661 3748 ἀργά
686 3696 699 3709 ·
738 3682 831 3731 καὶ
875 3678 1108 3745 μάλιστα
1140 3677 1207 3728 τὰ
1241 3677 1333 3729 τοῦ
1365 3677 1615 3742 Σωτῆρος
1648 3676 1714 3743 ρή
1735 3706 1747 3714 -

176 3790 334 3842 ματα
361 3789 374 3801 ’
402 3772 437 3825 ἃ.
467 3791 582 3825 τινα
617 3772 977 3837 μεταποιοῦσι
1026 3772 1114 3822 τὸν
1150 3772 1312 3839 ἄρτον
1346 3771 1437 3820 καὶ
1487 3769 1577 3820 τὸν
1609 3763 1750 3819 οἶνον

171 3867 286 3919 σὺν
312 3864 390 3931 τῷ
421 3865 594 3926 ὕδατι,
631 3866 712 3926 είς
744 3864 901 3930 σῶμα
934 3864 1028 3914 καὶ
1072 3858 1210 3929 αἷμα
1241 3860 1407 3912 αὐτοῦ
1434 3876 1447 3889 ·
1485 3859 1621 3911 άλλά
1656 3858 1751 3908 καὶ

169 3958 345 4012 τοῦτο
378 3958 426 4010 oi
456 3958 531 4026 μὴ
558 3960 620 4025 τῇ
652 3956 854 4024 συνόδῳ
885 3955 1161 4021 ἑπόμενοι,
1191 3952 1483 4020 ἀρνοῦνται
1510 3968 1523 3981 ·
1559 3952 1653 4001 καὶ
1687 3949 1746 4000 ού

171 4050 463 4102 πείθονται
500 4047 777 4100 πιστεύειν
822 4047 894 4105 ὠς
929 4048 961 4110 ἡ
1006 4044 1302 4112 Ἐκκλησία
1339 4042 1639 4111 νομοθετεῖ,
1670 4040 1751 4092 ὅτι

174 4146 244 4195 ἔν
277 4145 342 4210 τῇ
384 4144 632 4210 κυριακῇ
667 4142 814 4207 φωνῇ
844 4138 1045 4208 ἐκείνῃ.
1075 4141 1140 4203 τῇ
1177 4136 1405 4205 λεγούσῃ
1427 4150 1441 4165 ο
1476 4154 1492 4184 ι
1520 4133 1750 4198 Λάϐετε,

171 4236 416 4301 φάγετε,
451 4234 609 4285 τοῦτό
639 4232 739 4301 μού
790 4234 905 4283 ἐστι
958 4233 1018 4282 τὸ
1072 4228 1251 4297 σῶμα,
1293 4228 1387 4280 καὶ
1435 4226 1593 4278 τοῦτό
1651 4224 1751 4293 μού

169 4328 307 4378 ἔστι
338 4326 396 4377 τὸ
418 4320 579 4392 αἷμα.
619 4343 637 4375 ι
670 4326 730 4374 τὸ
754 4325 1053 4391 μυστήριον
1080 4318 1381 4371 τελειοῦται
1407 4333 1420 4347 °
1454 4317 1589 4369 ἀλλὰ
1618 4317 1756 4384 μετὰ

164 4418 380 4477 ταῦτα,
413 4416 470 4467 ὲν
502 4414 578 4483 τῷ
629 4415 829 4480 λέγειν,
864 4414 1016 4478 φασὶ,
1060 4431 1077 4462 ι
1110 4414 1215 4463 Καὶ
1272 4412 1496 4473 ποίησον
1532 4409 1623 4461 τὸν
1658 4408 1756 4476 μὲν

1853 3236 1962 3281 tato
1994 3229 2328 3281 sacrificium
2377 3229 2755 3296 peragebant:
2806 3244 2927 3280 nam
2975 3237 3124 3280 certo
3174 3228 3418 3284 sciebant

1858 3318 1993 3371 satis
2034 3332 2151 3370 esse
2193 3318 2237 3369 si
2275 3332 2338 3369 ex
2375 3318 2557 3370 tritico
2587 3325 2859 3369 c0nstaret
2890 3355 2904 3377 ,
2939 3333 3036 3369 nec
3070 3318 3193 3384 quia
3226 3333 3413 3386 parum

1850 3406 2103 3460 fermenti
2127 3408 2408 3469 haberent,
2440 3423 2557 3473 qua:
2590 3408 2788 3460 fiebant
2826 3408 3027 3461 idcirco
3054 3408 3281 3461 fuissent
3302 3425 3418 3461 om-

1853 3498 1939 3549 nia
1970 3500 2143 3557 irrita,
2179 3500 2517 3562 potissimum
2548 3513 2672 3549 vero
2703 3498 2912 3551 Domini
2949 3500 3133 3562 verba,
3168 3515 3287 3567 quas
3318 3515 3416 3567 pa-

1856 3607 1975 3645 netn
2009 3602 2060 3644 ct
2094 3592 2282 3643 viuum
2343 3606 2461 3641 eum
2499 3603 2635 3654 aqua
2683 3588 2734 3639 in
2766 3603 2959 3655 corpus
3000 3600 3053 3641 et
3098 3590 3417 3654 sanguinem

1852 3685 1967 3750 ejus
2011 3690 2402 3735 transmittant.
2453 3680 2717 3733 Czeterum
2764 3686 2818 3731 et
2847 3678 2949 3731 hoc
3008 3678 3277 3744 abnegant
3327 3679 3419 3747 qui

1857 3774 2125 3843 synodum
2164 3789 2268 3825 non
2304 3782 2606 3839 sequuntur
2644 3788 2656 3821 :
2694 3785 2790 3823 nec
2819 3769 3033 3822 suaderi
3071 3769 3285 3832 volunt,
3324 3785 3423 3823 nec

1857 3866 2076 3919 credere
2110 3864 2253 3927 (μιοά
2291 3864 2465 3916 sancit
2504 3860 2770 3924 Ecclesia,
2804 3859 2947 3927 quod
2973 3860 3025 3911 in
3062 3860 3337 3915 Dominica
3360 3876 3422 3915 ea

1856 3969 2009 4017 voce,
2046 3969 2164 4021 quin
2194 3954 2348 4009 dicit,
2393 3970 2408 4001 ι
2448 3952 2711 4019 Accipite,
2745 3952 3034 4012 ceincdite,
3062 3952 3163 4005 hoc
3185 3961 3266 4005 est
3297 3966 3423 4004 cor-

1858 4061 1958 4112 pus
1988 4059 2222 4107 meum,»
2251 4053 2303 4096 et
2331 4040 2464 4095 «Hic
2496 4051 2577 4093 est
2605 4042 2825 4109 sanguis
2857 4056 3062 4104 meus,»
3104 4040 3423 4110 mysterium

1860 4136 2174 4205 peragitur;
2205 4134 2294 4185 sed
2326 4142 2444 4199 post
2479 4134 2613 4190 haec.
2645 4147 2769 4185 cum
2800 4131 3003 4185 dicitur
3037 4131 3257 4197 (aiunt),
3300 4147 3319 4181 ς
3360 4132 3425 4184 Et

1864 4242 2053 4294 panem
2102 4228 2243 4278 hunc
2277 4224 2423 4277 effice
2452 4225 2760 4276 venerabile
2794 4238 2993 4290 corpus
3019 4222 3220 4276 Christi
3256 4225 3368 4286 tui,
3400 4241 3419 4272 l-

1860 4334 1966 4370 non
2003 4317 2381 4384 percipientes,
2422 4316 2567 4383 quod
2601 4316 2700 4367 hoc
2724 4316 2894 4368 sancti
2934 4314 3185 4367 sacriﬁcii
3212 4322 3417 4383 myste—

1862 4410 2002 4460 rium
2051 4409 2303 4461 Christus
2340 4407 2560 4458 tradidit
2592 4421 2605 4455 :
2641 4419 2739 4457 nec
2788 4404 2891 4457 alia
2931 4413 3127 4471 praeter
3162 4418 3221 4455 ea
3255 4404 3421 4455 verba

166 4506 353 4576 ἄρτον
379 4507 586 4567 τοῦτον,
617 4506 799 4573 τίμιον
839 4504 996 4570 σῶμα
1038 4502 1132 4554 τοῦ
1168 4500 1402 4571 Χριστοῦ
1446 4518 1538 4552 σου
1570 4515 1583 4529 ·
1628 4517 1645 4547 ι
1683 4500 1747 4566 μὶ·

1867 4499 2021 4561 dixit,
2059 4497 2186 4560 nisi,
2219 4515 2237 4546 ι
2277 4494 2540 4563 Accipite,
2573 4495 2861 4558 comeditc,
2892 4504 2945 4547 et
2982 4494 3148 4547 bibite
3176 4509 3420 4553 omnes,»

169 4599 465 4659 συνιέντες
496 4600 577 4650 ὅτι
608 4597 667 4649 τὸ
695 4596 995 4664 μυστήριον
1023 4593 1181 4645 τοῦτο
1207 4593 1304 4660 τῆς
1336 4594 1486 4659 ἱερᾶς
1514 4590 1752 4658 τελετῆς,

169 4693 215 4742 ὁ
250 4689 488 4756 Χριστὸς
515 4688 795 4755 παρέδωκε
822 4702 837 4717 ο
871 4687 968 4737 καὶ
1002 4685 1194 4743 ἄλλους
1226 4683 1414 4748 λόγους
1456 4682 1555 4732 οὐκ
1583 4677 1758 4741 εἶπεν,

170 4781 223 4849 ἢ
260 4776 473 4841 τούτοις
521 4779 615 4829 καὶ
668 4778 848 4845 μόνον,
898 4775 981 4834 τὸ,
1017 4795 1035 4825 ι
1072 4774 1305 4833 Λάϐετε,
1331 4772 1532 4838 φάγετε
1559 4787 1574 4801 ·
1616 4790 1633 4821 ι·
1667 4770 1762 4821 καὶ

176 4870 277 4934 τὸ,
321 4888 339 4918 ί
388 4870 545 4921 Πίετε
580 4870 800 4928 πάντες.
845 4886 862 4918 ι
898 4867 1004 4918 Καὶ
1035 4864 1155 4917 οὔτε
1182 4865 1405 4931 ποίησον
1436 4858 1609 4924 εἶπεν,
1639 4858 1762 4911 οὕτε

167 4962 363 5016 τᾶλλα
396 4963 497 5014 ὅσα
543 4962 702 5028 ἡμεῖς
736 4960 989 5027 λέγομεν.
1046 4951 1204 5008 Οὗτοι
1250 4954 1357 5021 γάρ
1385 4955 1431 5004 oi
1482 4951 1631 5017 λόγοι
1669 4951 1762 5001 καὶ

177 5054 352 5123 μόνοι
376 5052 474 5119 τὴν
530 5052 684 5116 ίσχὺν
718 5050 898 5118 ἔχουσι
926 5064 942 5082 σ
974 5048 1040 5099 τὰ
1066 5046 1109 5097 δ’
1130 5045 1270 5116 ,ἀλλα
1302 5045 1480 5097 πάντα
1505 5044 1601 5093 ὅσα
1627 5043 1762 5108 δῆτα

170 5144 292 5199 καὶ
328 5143 557 5210 λέγομεν
590 5141 898 5209 εὐχόμενοι,
930 5139 1068 5206 ὑπὲρ
1094 5136 1247 5207 ἡμῶν
1272 5134 1446 5185 ταῦτα
1477 5132 1761 5197 λέγονται·

171 5236 265 5289 ἵν’
302 5235 448 5295 ὅπως
493 5231 816 5299 ἀξιωθῶμεν
850 5229 1086 5281 τοιούτου
1137 5226 1368 5295 αἵματος
1412 5223 1761 5289 κοινωνῆσαι,

170 5325 292 5380 καὶ
320 5322 566 5374 τοιούτου
600 5320 850 5386 σώματος
897 5317 1161 5386 ἅψασθαι.
1200 5317 1410 5381 Ὥσπερ
1445 5312 1553 5382 γὰρ
1606 5315 1663 5364 ἐν
1695 5314 1760 5380 τῇ

172 5414 493 5482 παραδόσει
518 5410 609 5463 τοῦ
639 5410 906 5477 σωτηρίου
935 5409 1332 5477 βαπτίσματος,
1359 5404 1551 5466 ἄλλους
1572 5404 1765 5469 λόγους

174 5506 300 5560 οὐκ
352 5499 525 5561 εἶπεν,
575 5502 632 5571 ἢ,
680 5518 697 5550 ι
744 5498 1108 5569 Πορευθέντες
1159 5495 1533 5565 μαθητεύσατε
1588 5495 1766 5547 πάντα

172 5596 267 5651 τὰ
300 5594 451 5662 ἔθνη,
506 5593 856 5663 βαπτίζοντες
879 5591 1076 5649 αὐτοὺς
1108 5592 1187 5650 εἰς
1217 5589 1274 5639 τὸ
1327 5588 1494 5655 ὄνομα
1523 5584 1616 5638 τοῦ
1656 5590 1767 5639 Ila-

168 5688 351 5758 ⁸πρὸς,
382 5688 475 5739 καὶ
506 5685 598 5737 τοῦ
638 5684 790 5749 Υίοῦ,
823 5685 915 5735 xui.
940 5680 1035 5733 τοῦ
1061 5681 1217 5743 ἁγίου
1253 5678 1564 5748 Πνεύματος
1587 5694 1635 5726 ο»
1675 5676 1767 5729 καὶ

167 5778 348 5836 οὗτοι
375 5778 426 5831 οί
451 5776 599 5847 λόγοι
624 5776 985 5847 ὲναπίμιιναν
1008 5772 1178 5835 τύπος
1208 5770 1303 5826 τοῦ
1341 5770 1663 5841 μυστηρίου,
1692 5770 1765 5833 ὡς

1866 4604 1972 4641 non
2024 4587 2171 4641 eﬂice
2216 4588 2371 4649 dixit,
2419 4603 2591 4654 neque
2627 4595 2818 4638 cmtcra
2870 4600 2989 4652 quae
3030 4599 3129 4638 nos
3174 4584 3426 4647 dicimus,

1864 4682 2062 4749 quippe
2113 4694 2233 4733 cum
2272 4684 2383 4732 tuaac
2416 4688 2624 4730 tantum
2657 4679 2819 4729 verba
2855 4679 2956 4729 vim
2993 4678 3255 4729 haberent
3281 4691 3297 4740 ;
3325 4689 3427 4727 ca:-

1866 4782 1981 4825 tera
2015 4773 2195 4825 omnia
2235 4788 2354 4840 quae
2391 4774 2651 4836 dicimus,
2694 4789 2788 4841 pro
2838 4774 2997 4826 nobis
3030 4785 3246 4827 orantes
3283 4772 3427 4824 diei-

1868 4878 2010 4925 mus,
2054 4873 2113 4915 ut
2159 4863 2285 4915 huic
2330 4864 2581 4930 sanguini
2635 4864 3039 4916 communicare
3092 4872 3255 4930 atque
3316 4861 3421 4914 hoc

1866 4968 2067 5019 corpus
2119 4962 2340 5019 tangere
2378 4968 2709 5007 mereamur.
2761 4953 3227 5017 Quemadmodum
3284 4953 3425 5005 enim

1870 5057 1991 5093 cum
2027 5043 2291 5109 baptisma
2320 5041 2550 5095 traderet
2586 5042 2844 5107 salutare,
2881 5043 2983 5095 alia
3012 5045 3177 5096 verba
3214 5058 3318 5096 non
3350 5043 3432 5094 di-

1867 5131 1944 5182 xit
1976 5146 2157 5197 quant,
2186 5149 2203 5179 ι
2238 5129 2440 5184 Euntes
2466 5132 2653 5184 docete
2682 5148 2873 5185 omnes
2902 5142 3109 5200 gentes,
3147 5134 3429 5201 baptizan-

1868 5230 1948 5275 tes
1989 5238 2081 5276 eos
2110 5224 2165 5274 in
2196 5222 2417 5274 nomine
2450 5222 2652 5284 Patris,
2684 5232 2737 5275 et
2773 5222 2927 5286 Filii,
2955 5231 3006 5276 et
3038 5224 3268 5290 Spiritus
3303 5238 3430 5275 san-

1869 5318 1937 5367 cti
1977 5331 1988 5365 :
2023 5333 2038 5360 ι
2074 5322 2128 5365 et
2160 5325 2221 5365 ea
2258 5313 2418 5365 verba
2472 5322 2785 5366 manserunt
2835 5312 3017 5387 forma
3058 5315 3430 5376 sacramenti,

1871 5404 2069 5471 quippe
2094 5404 2293 5469 quibus
2314 5403 2535 5469 prolatis
2554 5402 2817 5469 baptisma
2843 5404 3175 5471 perficiatur.
3200 5405 3430 5471 reliqua,

1869 5511 1988 5563 qua:
2016 5496 2253 5548 dicimus
2281 5510 2376 5562 pro
2410 5496 2591 5557 nobis,
2624 5510 2719 5563 pro
2752 5496 3026 5563 baptizata
3062 5496 3224 5549 simul
3254 5504 3306 5547 et
3338 5510 3433 5562 pro

1869 5591 2187 5651 susceptore
2227 5582 2481 5645 dicimus,
2518 5584 2590 5636 ita
2638 5594 2690 5637 et
2738 5585 2807 5637 ibi
2858 5583 2990 5636 dicit
3036 5584 3100 5636 ad
3136 5584 3431 5652 discipulos

1866 5672 2137 5736 Christus,
2204 5694 2221 5722 οι
2291 5672 2547 5739 Accipite,
2611 5673 2896 5735 comedite,
2938 5683 3071 5737 etc.,
3114 5673 3217 5725 hoc
3274 5672 3434 5725 facite

1871 5765 1921 5819 in
1956 5779 2127 5821 meatu
2153 5764 2725 5821 commemorationem
2750 5780 2762 5818 :
2795 5782 2812 5817 ι
2836 5764 3077 5833 nihilque
3099 5764 3243 5820 aliud
3268 5763 3426 5827 dixit,
