4160 6424
720 364 855 427 1215

1847 368 2168 430 IOSEPHI
2206 372 2260 430 Μ
2273 372 2766 434 ΕἸῊΟΝΕΝΞΙΞ

3841 373 3983 438 1216

719 492 891 546 eaque
926 485 1054 531 sunt
1083 491 1201 544 quae
1234 491 1425 546 panem
1455 480 1508 532 in
1542 479 1742 534 Christi
1784 495 1980 549 corpus
2011 490 2284 535 transmu-

2409 483 2592 537 τούτων
2623 485 2963 552 λεγομένων,
3001 484 3062 538 τὺ
3094 485 3385 555 βάπτισμα
3414 484 3752 540 τελειοῦσθαι
3773 503 3789 517 ο
3822 489 3896 540 τὰ
3922 489 3979 542 δὲ

721 578 836 621 tant
863 578 917 621 et
952 570 1134 623 vinum
1167 569 1219 621 in
1257 571 1601 638 sanguinem.
1648 570 1702 623 ltl
1741 587 1952 627 mecum
1987 588 2178 627 rursus
2213 583 2288 627 te-

721 660 958 714 stabitur
989 677 1151 715 aurea
1189 661 1368 730 lingua
1401 661 1655 726 pra-ditus
1686 660 1944 728 Joannes,
1977 663 2197 717 homilia
2233 664 2286 716 in

721 755 1006 822 mysticam
1042 752 1340 808 Salvatoris
1390 769 1625 816 orenam,
1686 762 1741 808 et
1789 756 1843 808 in
1896 757 2282 826 mysteriorum

724 846 1067 898 traditionem
1097 862 1110 898 :
1143 846 1194 898 in
1221 859 1350 911 quo,
1382 854 1434 899 et
1463 856 1652 900 contra
1683 845 1926 908 Iudaeos,
1948 848 2280 916 principium

724 936 1012 1001 sermonis,
1040 956 1056 986 ι
1083 938 1278 996 Pauca.
1317 937 1515 1005 inquit,
1550 937 1708 991 hodie
1747 941 2054 992 necessaria
2087 949 2238 1001 sunt.
2265 958 2284 990 ι

726 1030 777 1078 in
819 1027 917 1079 hac
959 1026 1180 1078 homilia
1217 1039 1337 1088 post
1371 1026 1537 1078 multa
1572 1027 1701 1079 dicit
1743 1045 1756 1081 :
1805 1045 1821 1077 ι
1861 1026 2115 1082 Christus
2167 1027 2285 1094 ipse

725 1118 896 1175 adest.
930 1117 1021 1185 qui
1051 1133 1291 1169 mensam
1321 1117 1460 1169 hanc
1486 1127 1732 1170 exornat.
1759 1114 1891 1170 Nam
1915 1119 2008 1185 qui
2045 1132 2290 1172 mensam

727 1214 870 1264 illam
907 1213 1142 1273 ornavit,
1178 1212 1316 1265 idem
1352 1228 1497 1265 nunc.
1527 1212 1688 1265 etiam
1718 1213 1855 1266 hanc
1877 1221 2126 1276 exornat,
2158 1213 2289 1281 quia

728 1305 890 1359 homo
923 1318 1028 1354 non
1060 1311 1160 1362 est,
1192 1301 1283 1370 qui
1313 1317 1374 1354 ea
1409 1317 1528 1370 qua:
1573 1313 1951 1371 proponuntur
1978 1302 2139 1358 elﬁcit
2167 1319 2296 1360 san-

728 1398 942 1464 guinem
984 1404 1035 1448 et
1071 1409 1270 1462 corpus
1309 1394 1508 1447 Christi
1538 1434 1554 1456 ,
1602 1394 1696 1448 sed
1747 1395 1864 1463 ipse
1912 1396 2163 1452 Christus
2196 1412 2295 1465 pro

730 1488 883 1540 nobis
899 1486 1210 1540 cruciﬁxus.
1237 1486 1388 1539 Astat
1419 1487 1673 1541 sacerdos
1701 1487 1924 1553 ﬁgurant
1961 1490 2168 1542 tantum
2201 1491 2298 1542 ad-

731 1577 982 1644 implens,
1011 1575 1336 1643 adhibetque
1378 1589 1587 1644 preces,
1621 1590 1682 1629 ea
1708 1577 1873 1630 verba
1915 1577 2247 1646 proloquens
2278 1593 2293 1643 ;

733 1669 901 1737 gratia
936 1677 988 1719 et
1017 1666 1096 1720 vis
1130 1664 1222 1718 Dei
1253 1673 1376 1730 est,
1406 1681 1525 1732 qure
1561 1676 1755 1720 cuncta
1799 1677 2079 1736 operatur.
2123 1687 2140 1720 ι
2186 1666 2298 1721 Hoc.

734 1769 816 1814 est
842 1773 1044 1825 corpus
1076 1774 1312 1823 meum,»
1338 1759 1488 1814 dicit.
1520 1757 1634 1813 Hoc
1652 1760 1874 1813 verbum
1897 1763 2088 1826 quaein
2125 1761 2298 1814 mani-

2388 576 2550 628 λοιπά
2579 577 2680 628 ὅσα
2729 576 2983 644 λέγομεν,
3017 577 3160 648 ὑπὲρ
3186 579 3345 648 ἡμῶν
3371 579 3463 632 καὶ
3509 578 3602 631 τοῦ
3635 578 3977 646 βαπτιζομέ-

2390 683 2479 719 νου
2513 665 2630 734 ἅμα
2661 668 2757 719 καὶ
2801 670 3070 736 ἀναδόχου
3103 669 3276 722 ταῦτα
3319 671 3576 738 λέγομεν.
3613 670 3758 724 οὕτω
3811 673 3980 724 κάκεῖ

2393 775 2557 827 φησιν
2585 759 2614 810 6
2641 759 2874 827 Χριστὸς
2913 759 3048 827 πρὸς
3081 761 3207 822 τοὺς
3237 760 3508 826 μαθητὰς,
3550 778 3569 811 ι
3607 761 3844 821 Λάϐετε,
3875 760 3979 826 φά-

2391 866 2540 916 γετε,
2583 866 2600 898 ι
2637 849 2733 900 καὶ
2784 849 2852 900 τὰ
2890 848 3016 917 ἑξῆς
3042 866 3057 880 ο
3101 868 3120 901 ι
3159 849 3316 902 τοῦτο
3349 854 3554 904 ποιεῖτε
3598 852 3682 912 είς
3703 851 3808 918 τὴν
3839 848 3981 917 ἐμὴν

2392 942 2701 1010 ἀνάμνησιν
2727 957 2742 972 ⁶
2777 960 2795 993 r
2831 943 2924 994 καὶ
2954 944 3109 995 οὐδὲν
3133 943 3262 996 ἄλλο
3282 943 3383 1014 ἔφη
3410 959 3425 974 ο
3459 944 3555 996 καὶ
3573 944 3622 996 οί
3654 943 3806 1008 λόγοι
3839 943 3983 995 εἰσὶν

2391 1030 2536 1084 οῦτοι
2565 1033 2616 1084 οί
2647 1033 3183 1103 μεταρῤυθμίζοντες
3210 1035 3299 1087 τὸν
3325 1034 3488 1102 ἄρτον
3523 1036 3606 1096 είς
3639 1033 3804 1100 σῶμα
3843 1031 3978 1102 Χρι-

2396 1122 2543 1186 στοῦ,
2581 1125 2676 1177 καὶ
2718 1127 2807 1177 τὸν
2839 1121 2980 1177 οἶνον
3010 1127 3089 1184 εἰς
3115 1121 3277 1192 αἷμα.
3312 1123 3484 1178 Τοῦτο
3524 1125 3570 1176 δ’
3602 1123 3670 1177 αὖ
3715 1141 3976 1193 συμμαρ-

2393 1219 2617 1283 τυρήσει
2655 1235 2744 1285 μοι
2788 1217 2882 1269 καὶ
2909 1221 2936 1270 6
2981 1219 3084 1285 τὴν
3133 1217 3381 1284 γλῶτταν
3418 1216 3656 1285 χρυσοῦς
3697 1216 3980 1284 Ἰωάννης.

2395 1311 2453 1362 ἐν
2481 1313 2548 1379 τῇ
2577 1310 2766 1381 ὁμιλίᾳ
2793 1311 2959 1364 αὐτοῦ
2991 1313 3056 1379 τῇ
3091 1312 3171 1372 είς
3211 1311 3302 1362 τον
3340 1310 3603 1380 μυστικὸν
3631 1311 3858 1362 δεῖπνον
3891 1309 3981 1361 τοῦ

2398 1397 2672 1467 Σωτῆρος.
2707 1399 2801 1451 καὶ
2830 1400 2909 1461 είς
2938 1400 3038 1468 τὴν
3067 1399 3369 1466 παράδοσιν
3395 1401 3506 1453 τῶν
3534 1399 3864 1468 μυστηρίων
3889 1417 3902 1430 ο
3929 1400 3982 1450 ἐν

2395 1482 2548 1556 ᾧκαὶ
2567 1491 2709 1542 κατά
2734 1489 3006 1542 Ἰουδαίων
3030 1506 3046 1522 ο
3069 1491 3102 1556 ἠ
3130 1490 3185 1544 δὲ
3210 1491 3355 1560 ἀρχὴ
3381 1490 3476 1543 τοῦ
3510 1491 3695 1556 λόγου,
3734 1508 3752 1540 ι
3795 1490 3984 1556 Ὀλίγα

2398 1583 2564 1650 φησὶν
2591 1581 2806 1650 ἀνάγκη
2831 1582 3096 1651 σήμεροψ
3112 1600 3130 1632 ι
3169 1585 3226 1634 ὲν
3245 1581 3419 1653 ταύτῃ
3442 1582 3499 1634 δὲ
3522 1585 3586 1650 τῇ
3607 1581 3820 1652 ὁμιλίᾳ,
3847 1585 3984 1647 μετὰ

2400 1673 2576 1728 πολλά
2630 1690 2792 1742 φησι,
2831 1691 2848 1726 ι
2907 1675 3146 1744 Πάρεστι
3193 1674 3429 1743 Χριστὸς
3469 1676 3678 1735 ἐκεῖνος
3718 1675 3821 1742 τὴν
3859 1673 3985 1743 τρά-

2401 1765 2573 1829 πεζαν
2601 1765 2806 1833 ταύτην
2835 1764 3079 1834 κοσμῶν.
3115 1764 3174 1818 '0
3197 1765 3304 1833 γὰρ
3327 1766 3425 1833 τὴν
3450 1765 3735 1833 τράπεζαν
3766 1766 3986 1832 ὲκεὶνην

738 1854 836 1906 bus
873 1852 1136 1906 habemus
1165 1860 1512 1906 transmutat.
1549 1853 1626 1905 Ac
1657 1862 1714 1906 ut
1743 1867 1805 1906 ea
1839 1867 1940 1906 vox
1971 1868 2093 1921 qua:
2120 1852 2251 1907 dicit
2283 1894 2296 1917 ,

2409 1859 2707 1926 κοσμήσας,
2744 1848 2899 1920 οὗτος
2933 1857 3029 1910 καὶ
3057 1857 3264 1925 ταύτην
3293 1856 3577 1925 διακοσμεῖ
3607 1856 3726 1908 νῦν.
3767 1858 3846 1908 Οὐ
3881 1857 3986 1924 γὰρ

741 1961 757 1992 ι
801 1944 1060 2003 Crescite,
1097 1953 1150 1995 et
1185 1943 1644 2010 multiplicamini,
1677 1954 1732 1998 et
1760 1946 1964 2015 replete
2005 1957 2229 2008 terram,
2273 1963 2292 1998 ι

736 2035 902 2089 semel
936 2036 1163 2104 prolata,
1202 2035 1254 2088 in
1287 2051 1448 2089 mune
1480 2044 1661 2090 tamen
1688 2051 1861 2090 .‘evum
1896 2039 2196 2106 peragitur,
2224 2038 2288 2091 ad

737 2125 970 2180 ﬁliorum
1008 2128 1438 2195 procreationem
1481 2138 1682 2181 nostrae
1726 2139 1932 2183 naturae
1973 2130 2119 2185 vires
2168 2131 2300 2184 sub-

735 2218 1056 2273 ministratis
1091 2235 1105 2272 :
1143 2220 1213 2273 ita
1249 2229 1301 2273 et
1338 2220 1451 2273 hzec
1483 2236 1588 2273 vox
1635 2221 1701 2274 ab
1751 2229 1814 2276 ea
1871 2221 2051 2274 divina
2112 2223 2296 2291 lingua

737 2309 902 2362 setucl
943 2309 1172 2373 prolata,
1210 2309 1260 2361 id
1289 2320 1392 2370 est,
1432 2329 1450 2361 ι
1482 2309 1588 2364 lloc
1621 2321 1703 2365 est
1725 2327 1925 2380 corpus
1955 2329 2156 2376 meum,
2188 2332 2207 2366 ι
2243 2316 2295 2367 iu

737 2399 967 2468 singulis
999 2399 1254 2454 Ecclesia:
1295 2401 1555 2456 altaribus
1592 2404 1735 2459 illius
1769 2405 1922 2460 verbi
1965 2407 2046 2460 vis
2073 2446 2088 2469 ,
2124 2422 2296 2475 usque

736 2506 800 2546 ac
827 2492 967 2545 hanc
996 2492 1136 2544 diem
1179 2501 1232 2545 et
1273 2493 1562 2547 adventqu
1603 2496 1774 2562 ipsius
1805 2497 2133 2551 sacriﬁcium
2175 2513 2298 2565 per‘

737 2584 936 2637 l'cctuzn
991 2595 1268 2652 operatur.
1315 2602 1333 2634 ι
1370 2586 1426 2639 Si
1473 2586 1578 2642 hoc
1626 2589 1849 2641 verbum
1885 2588 2048 2657 igitur
2080 2603 2141 2642 ea
2176 2603 2296 2656 qua:

736 2679 1011 2746 preposita
1057 2687 1186 2731 sunt
1237 2679 1290 2731 iu
1349 2696 1548 2746 corpus
1604 2691 1656 2735 et
1709 2683 2031 2749 sanguinem
2089 2682 2294 2744 Christi

736 2778 1086 2832 transmutat,
1110 2782 1162 2823 et
1189 2771 1461 2824 tremenda
1495 2774 1745 2842 mysteria
1778 2773 1960 2832 eﬁicit,
1987 2772 2296 2827 mirandum

742 2860 933 2928 utique
962 2860 1089 2923 erit,
1123 2861 1168 2916 si
1205 2876 1310 2914 nou
1334 2871 1562 2931 possunt
1612 2879 1673 2915 ra
1706 2878 1826 2917 csse
1881 2863 2120 2932 perfecta
2171 2866 2298 2932 quia

736 2952 934 3021 exiguo
965 2950 1232 3006 fertnento
1264 2964 1474 3018 carent,
1508 2956 1807 3023 praesertim
1839 2972 1961 3010 cum
1998 2957 2100 3010 hac
2129 2964 2303 3009 mate-

738 3039 816 3092 ria
844 3037 1094 3093 Christus
1123 3041 1439 3111 mysterium
1468 3044 1756 3112 peregerit,
1785 3054 1842 3099 ut
1864 3055 1989 3099 ante
2011 3045 2300 3115 probatum

737 3139 841 3184 est.

2402 1945 2688 2014 ἄνθρωπός
2744 1948 2891 1998 ἐστιν
2942 1947 2970 1999 6
2999 1945 3171 1998 ποιῶν
3211 1946 3280 1998 τὰ
3329 1945 3671 2015 προκείμενα
3722 1946 3987 2012 γενέσθαι

2403 2036 2562 2104 σῶμα
2590 2036 2685 2088 καὶ
2738 2033 2878 2105 αἷμα
2913 2035 3175 2106 Χριστοῦ,
3225 2036 3343 2090 ἀλλ’
3379 2037 3538 2098 αὐτὸς
3573 2040 3600 2090 6
3645 2037 3988 2106 σταυρωθεὶς

2403 2128 2540 2196 ὑπὲρ
2571 2127 2729 2194 ἡμῶν
2758 2127 3016 2196 Χριστός.
3053 2125 3248 2198 Σῖῆμα
3278 2129 3505 2197 πληρῶν
3533 2131 3718 2199 μόνον,
3751 2131 3988 2200 ἕστηκεν

2400 2220 2428 2271 6
2462 2219 2642 2286 ἱερεὺς
2699 2219 2790 2270 καὶ
2845 2219 3150 2288 προσφέρει
3201 2220 3301 2290 τὴν
3355 2220 3568 2289 δέησιν,
3632 2223 3700 2274 τὰ
3759 2223 3985 2291 ῥήματα

2403 2310 2775 2380 φθεγγόμενος
2807 2311 2991 2362 ἐκεῖνα
3012 2325 3026 2341 ο
3061 2313 3092 2378 ἡ
3119 2309 3174 2362 δὲ
3211 2312 3372 2381 χάρις
3403 2315 3498 2366 καὶ
3527 2316 3560 2382 ἡ
3597 2312 3834 2382 δύναμίς
3871 2317 3984 2367 ἐστι

2400 2402 2493 2455 τοῦ
2530 2403 2691 2466 Θεοῦ,
2727 2404 2757 2471 ἡ
2797 2403 2973 2455 πάντα
3007 2405 3374 2474 ἐργαζομένη,
3411 2405 3584 2458 Τοῦτό
3620 2407 3724 2474 μού
3761 2409 3882 2458 ἐστι
3930 2405 3987 2458 τὺ

2404 2493 2587 2559 σῶμα,
2639 2495 2772 2563 φησί
2793 2510 2806 2523 ·
2844 2491 3003 2546 τοῦτο
3027 2496 3086 2545 τὸ
3125 2498 3297 2564 ῥῆμα,
3327 2496 3397 2547 τὰ
3421 2498 3760 2567 προκείμενα
3782 2499 3989 2568 μεταρο

2405 2585 2680 2654 ῥυθμίζει.
2715 2586 2824 2637 Καὶ
2853 2585 3106 2654 καθάπερ
3138 2587 3318 2656 ἐκείνη
3374 2589 3404 2656 ἡ
3445 2587 3598 2656 φωνὴ
3647 2590 3679 2655 ἡ
3718 2587 3983 2654 λέγουσα,

2409 2675 2740 2740 (Αύξπὶνεσθε
2764 2676 2859 2728 καὶ
2877 2675 3214 2744 πληθύνεσθε
3243 2680 3333 2731 καὶ
3357 2679 3684 2749 πληρώσατε
3704 2680 3805 2749 τὴν
3822 2682 3950 2748 γῆν,
3965 2699 3984 2734 ι

2403 2770 2602 2839 ἐρρέθη
2645 2768 2744 2836 μὲν
2779 2767 2948 2831 ἆπαξ,
2975 2768 3062 2820 διὰ
3090 2769 3293 2833 παντὸς
3323 2771 3378 2823 δὲ
3421 2772 3514 2823 τοῦ
3546 2773 3744 2841 χρόνου
3780 2772 3990 2839 γίνεται

2405 2861 2586 2930 ἔργον,
2617 2861 2931 2930 δυναμοῦσα
2948 2862 3046 2931 τὴν
3068 2864 3230 2930 φύσιν
3255 2863 3351 2931 τὴν
3378 2864 3660 2934 ἡμετέραν
3693 2865 3834 2933 προς
3859 2881 3986 2917 παι-

2404 2940 2668 3018 δοποιῖαν,
2693 2954 2834 3007 οὕτω
2859 2958 2950 3009 καὶ
2968 2957 3104 3025 αῦτη
3128 2958 3160 3024 ἡ
3184 2955 3356 3024 φωνὴ,
3373 2955 3521 3020 ἅπαξ
3552 2956 3811 3024 λεχθεῖσα
3839 2957 3988 3026 παρά

2405 3043 2505 3111 τῆς
2545 3045 2690 3107 θείας
2723 3045 2964 3115 γλώττης
3003 3047 3242 3115 ἐκείνης,
3267 3047 3346 3108 τὸ,
3383 3065 3400 3097 ι
3434 3046 3602 3098 Τοῦτό
3645 3046 3750 3114 μού
3783 3050 3901 3100 ἐστι
3935 3050 3991 3099 τὸ

2409 3136 2589 3204 σῶμα,
2628 3157 2645 3188 r
2671 3140 2792 3190 καθ’
2834 3141 3071 3209 ἑκάστην
3089 3139 3370 3208 τράπεζαν
3407 3141 3464 3190 ὲν
3492 3141 3610 3200 ταῖς
3666 3138 3990 3207 ἐκκλησίαις

738 3225 950 3277 ἐκείνου
974 3224 1067 3278 τοῦ
1099 3226 1348 3295 ῥήματος
1379 3230 1408 3296 ἡ
1440 3225 1689 3292 δύναμις,
1721 3227 1880 3295 μέχρι
1912 3226 2010 3294 τῆς
2039 3227 2299 3294 σήμερον,
2344 3229 2439 3280 καὶ
2468 3229 2598 3296 ἄχρι
2648 3231 2750 3298 τῆς
2785 3231 2949 3284 αὑτοῦ
2987 3232 3315 3300 παρουσίας,
3343 3232 3464 3302 ’τὴν
3515 3233 3712 3286 Θυσίαν
3801 3237 3987 3304 ἀπηρ-

736 3321 1001 3387 τισμένην
1053 3319 1367 3388 ὶργάζεται.
1413 3339 1431 3371 ι
1466 3320 1525 3372 Ei
1557 3315 1648 3372 οὖν
1699 3318 1857 3370 τοῦτο
1905 3320 1966 3371 τὸ
2021 3321 2171 3389 ῥῆμα
2233 3322 2314 3383 εἰς
2359 3321 2518 3387 σῶμα
2549 3322 2786 3390 Χριστοῦ
2819 3328 2913 3378 καὶ
2951 3322 3091 3394 αἷμα
3132 3325 3200 3376 τὰ
3268 3326 3606 3393 προκείμενα
3679 3328 3990 3394 μεταποιεῖ,

738 3415 833 3466 καὶ
889 3413 1096 3482 φρικτὰ
1152 3413 1427 3482 μυστήρια
1483 3413 1877 3480 ἀπεργάζεται,
1944 3414 2196 3466 ἀδυνατεῖ
2242 3415 2506 3471 δὲταῦτα
2542 3413 2682 3469 εἶναι
2714 3418 2915 3478 τέλεια,
2955 3419 3041 3469 διὰ
3100 3415 3162 3468 τδ
3228 3415 3304 3485 μὴ
3335 3415 3480 3484 ἔχειν
3519 3419 3728 3485 μικρὰν
3773 3419 3978 3487 ζύμην,

741 3509 926 3578 θαῦμα
951 3508 1016 3561 ἂν
1043 3510 1126 3578 είη
1158 3525 1170 3538 ·
1201 3508 1294 3562 καὶ
1323 3506 1496 3560 ταῦτα
1522 3510 1584 3574 τῇ
1614 3507 1714 3578 ὕλῃ
1741 3509 1913 3578 ταύτῃ
1940 3507 2034 3561 τοῦ
2071 3509 2313 3578 Χριστοῦ
2356 3512 2675 3573 τελέσαντος
2703 3511 2760 3562 τὸ
2808 3511 3106 3580 μυστήριον
3136 3511 3213 3573 ὼς
3246 3511 3760 3580 προαποδέδεικται.

1472 3603 1588 3656 νιι.

817 3698 880 3753 Ut
913 3706 1095 3750 autem
1135 3695 1443 3765 intelligant
1473 3710 1593 3763 quae
1631 3695 1696 3747 ad
1725 3696 1830 3748 hoc
1863 3695 2180 3764 mysterium
2220 3711 2311 3747 nc-

741 3788 981 3844 cessaria
1011 3795 1157 3846 sunt,
1187 3786 1396 3854 etquid
1432 3787 1804 3841 necessarium
1859 3786 1929 3839 ad
1963 3788 2062 3841 hoc
2095 3789 2311 3842 sacriﬁ-

741 3883 884 3936 cium
925 3882 1018 3942 sit,
1052 3896 1120 3934 ne
1147 3881 1200 3934 iu
1239 3878 1600 3942 disquirendo
1624 3879 1690 3931 de
1723 3893 1910 3948 azytno
1943 3880 2028 3931 vel
2065 3878 2310 3933 fermen-

744 3985 859 4028 tato
911 3975 1198 4039 laborent,
1249 3975 1411 4028 etiam
1446 3972 1562 4025 hrec
1610 3970 1991 4039 adiungemus.
2031 3970 2306 4025 Materiam

743 4067 976 4133 primum
1011 4067 1167 4132 panis
1201 4065 1508 4126 ett—tritico,
1536 4073 1589 4118 et
1614 4063 1798 4116 vinum
1837 4061 2048 4116 scilicet
2085 4077 2150 4115 ex
2179 4062 2311 4115 vite.

747 4157 1081 4220 Secundum,
1108 4156 1310 4210 Christi
1341 4155 1526 4217 verba,
1557 4154 1609 4207 id
1650 4163 1752 4208 est:
1789 4170 1808 4202 ι
1856 4151 1970 4206 Hoc
2000 4161 2083 4206 est
2112 4167 2312 4221 corpus

747 4271 953 4318 meum,
987 4271 1006 4303 ι
1045 4264 1121 4317 et,
1159 4269 1180 4305 ι
1225 4251 1324 4305 Hic
1367 4258 1452 4305 est
1496 4249 1717 4318 sanguis
1742 4263 1916 4301 meus.
1967 4267 1986 4299 ι
2024 4247 2266 4300 Tertium
2297 4288 2312 4311 ,

744 4348 1046 4402 sacerdos:
1091 4359 1213 4398 nam
1261 4345 1353 4411 qui
1397 4343 1653 4398 sacerdos
1696 4355 1803 4394 non
1845 4349 1948 4400 est,
1981 4338 2034 4391 id
2069 4346 2177 4402 est,
2217 4338 2310 4405 qui

747 4439 972 4507 gradum
1011 4435 1404 4490 sacerdotalem
1439 4448 1544 4486 non
1571 4432 1766 4494 habet,
1803 4430 2136 4485 sacriﬁcium
2173 4443 2316 4480 nun-

745 4542 908 4595 quam
941 4527 1213 4579 conﬁciet.
1248 4525 1536 4588 Quartum,
1565 4520 1812 4580 scientia,
1844 4518 1895 4571 id
1925 4527 2030 4583 est,
2059 4518 2314 4570 sacerdo-

746 4623 855 4670 tem
889 4615 942 4667 in
975 4613 1165 4683 primis
1195 4611 1552 4665 intentionem
1591 4611 1795 4663 habere
1835 4610 1900 4661 ad
1933 4624 1992 4661 ea
2026 4609 2169 4662 dona
2196 4620 2318 4670 quae

748 4715 1154 4775 proponuntur,
1192 4718 1295 4755 non
1331 4703 1437 4755 alio
1469 4711 1707 4756 mentem
1759 4698 2072 4754 deﬂectere.
2136 4697 2314 4761 Quiu-

752 4807 895 4858 tum,
928 4795 1120 4860 altare,
1156 4794 1208 4846 id
1245 4801 1348 4852 est,
1389 4808 1577 4846 mensa
1613 4807 1642 4844 a
1679 4794 1932 4860 porrtitice
1971 4795 2313 4842 consecrata.

755 4889 878 4943 llaec
913 4885 1224 4941 necessaria
1256 4895 1380 4939 sunt
1404 4895 1455 4938 et
1478 4885 1618 4948 sola,
1645 4882 1898 4952 quamvis
1924 4881 2174 4933 ultimum
2210 4893 2314 4932 non

749 4981 824 5035 sit
856 4988 918 5033 ut
963 4989 1160 5032 caetera
1193 4976 1587 5030 necessarium.
1626 4975 1722 5028 Sin
1762 4982 1945 5027 autem
1985 4972 2098 5024 haec
2127 4971 2311 5026 omnia
2354 4965 2396 5018 Ι)

748 5071 924 5124 otiosa
953 5078 1082 5123 sunt
1104 5069 1232 5137 quia
1264 5070 1484 5134 exiguo,
1518 5068 1608 5121 sed
1637 5066 1793 5119 acido
1826 5064 2091 5118 fermento
2113 5073 2322 5125 carent,

752 5161 992 5214 maxima
1027 5159 1214 5227 utique
1246 5157 1608 5212 admiratione
1632 5155 1856 5224 dignum
1894 5163 1999 5214 est,
2026 5170 2150 5206 cum
2181 5153 2316 5206 alta-

752 5267 834 5318 re,
868 5251 1122 5312 intentio,
1157 5250 1432 5315 sacerdos,
1486 5247 1748 5309 materia,
1801 5255 1856 5300 et
1897 5245 2043 5315 quod
2097 5246 2320 5297 maximi

757 5341 1028 5411 przeciptte
1057 5340 1314 5394 momenti
1348 5348 1430 5392 est
1454 5377 1468 5400 ,
1519 5335 1720 5390 Christi
1759 5334 1946 5398 verba,
1979 5348 2100 5402 qua:
2125 5347 2325 5402 propo-

755 5435 860 5488 sita
891 5433 944 5486 in
977 5433 1298 5501 sanguinem
1327 5439 1379 5483 et
1421 5444 1618 5497 corpus
1648 5435 2037 5486 trausmutaut,
2074 5439 2169 5491 per
2202 5437 2325 5491 qua:

755 5527 960 5580 calum
1012 5532 1387 5577 constructum
1439 5530 1544 5582 est,
1584 5528 1722 5572 terra
1777 5517 1999 5571 fundata
2041 5527 2094 5570 et
2146 5516 2326 5569 omnia

759 5617 1078 5678 constituta,
1104 5616 1219 5668 sine
1247 5614 1517 5669 fermento
1547 5611 1678 5666 nihil
1708 5612 1940 5682 possint,
1968 5610 2070 5664 hoc
2095 5624 2200 5663 nou
2223 5616 2326 5673 est,

767 5722 916 5760 sana:
944 5706 1141 5759 mentis
1173 5714 1570 5766 commentum,
1625 5704 1718 5758 sed
1751 5703 1952 5757 mentis
1983 5716 2210 5770 prorsus
2239 5700 2332 5754 dc-

766 5800 989 5854 mcutis.
1045 5799 1303 5855 Admiror
1351 5799 1512 5855 etiam
1545 5811 1653 5867 qua
1683 5795 1749 5851 de
1781 5810 1944 5852 causa
1989 5795 2174 5850 viuum
2224 5807 2332 5848 non

3160 3600 3234 3658 Z'.

2488 3696 2609 3749 Ἰνα
2642 3695 2697 3748 δὲ
2744 3695 2988 3764 μάθωσιν
3024 3695 3059 3748 ἃ
3107 3695 3248 3747 εἰσιν
3282 3693 3558 3760 ἀναγκαῖα
3594 3696 3732 3763 πρὸς
3783 3695 3844 3748 τδ
3893 3714 3994 3764 μυ-

2418 3789 2663 3856 στήριον,
2714 3788 2810 3840 καὶ
2836 3787 2889 3838 τί
2938 3787 3238 3853 ἀναγκαῖον
3282 3786 3421 3852 πρὸς
3455 3787 3556 3854 τὴν
3607 3786 3808 3840 θυσίαν
3858 3789 3993 3849 εστὶ,

2416 3878 2508 3928 καὶ
2563 3877 2638 3946 μὴ
2691 3879 2917 3946 ἑρευνᾷν
2952 3877 3148 3945 ἔχωσιν
3206 3878 3413 3945 ἄζυμον
3463 3879 3560 3929 καὶ
3609 3877 3872 3945 ἒνζυμον,
3906 3882 3994 3930 καὶ

2416 3967 2588 4020 ταῦτα
2635 3969 3039 4037 προσθήσομεν.
3073 3969 3243 4020 Πέντε
3275 3969 3483 4036 ὀφείλει
3523 3963 3666 4020 εἶναι
3714 3970 3776 4020 ὲν
3809 3972 3876 4038 τῇ
3908 3971 3993 4021 θυ-

2420 4061 2531 4130 σίᾳ.
2566 4061 2783 4128 Πρῶτον
2813 4063 2846 4128 ἡ
2880 4059 3005 4130 ῦλη,
3036 4060 3200 4128 ἄρτος
3231 4063 3294 4114 ὲκ
3342 4061 3490 4113 σίτου
3518 4078 3533 4092 ο
3567 4060 3662 4112 καὶ
3695 4054 3866 4123 οἶνος,
3901 4062 3992 4130 6.1-

2418 4152 2552 4220 λαδὴ
2584 4153 2642 4215 ἐξ
2675 4151 2951 4219 ἀμπέλου.
3005 4151 3293 4221 Δεύτερον,
3321 4153 3370 4204 οἱ
3397 4151 3493 4204 τοῦ
3529 4151 3775 4218 Χριστοῦ
3807 4153 3955 4219 λόγοι
3980 4168 3991 4181 ·

2417 4242 2498 4302 τὸ,
2532 4261 2549 4292 ι
2579 4241 2747 4294 Τοῦτό
2778 4243 2877 4308 μού
2907 4245 3022 4294 ἐστι
3049 4243 3108 4293 τὸ
3139 4243 3294 4309 σῶμα
3317 4257 3363 4293 'r
3392 4245 3519 4303 le,’
3545 4261 3562 4292 t
3600 4242 3779 4295 Τοῦτὸ
3802 4246 3920 4297 ἔστι
3941 4244 3994 4295 τὸ

2419 4327 2558 4398 αἴμά
2588 4350 2710 4399 μου.
2745 4351 2763 4384 ι
2789 4333 3005 4399 Τρίτον,
3039 4335 3066 4385 6
3087 4333 3362 4401 ἱερεὺς,ού
3385 4334 3492 4401 γὰρ
3524 4333 3641 4385 ἀνξε
3656 4351 3773 4402 ρος,
3805 4332 3995 4387 θυσίαν

2422 4424 2642 4493 ποιήσει
2671 4426 2798 4476 ποτέ
2824 4441 2837 4455 ο
2861 4426 3132 4487 τουτέστι,
3165 4425 3240 4492 μὴ
3266 4425 3402 4493 ἔχων
3428 4423 3640 4493 βαθμὸν
3671 4426 3990 4495 ἱερωσύνης.

2422 4515 2717 4581 Τέταρτον.
2771 4515 3010 4581 εἷδησις·
3048 4501 3321 4576 τουτέστι,
3375 4517 3816 4584 προηγουμένως
3864 4517 3995 4586 εχειν

2420 4605 2514 4659 τὸν
2550 4605 2751 4657 σκοπὸν
2779 4606 2873 4656 τὸν
2903 4607 3052 4674 ἱερέα
3080 4605 3216 4674 πρὸς
3243 4607 3308 4658 τὰ
3336 4607 3676 4676 προκείμενα
3705 4607 3888 4676 δῶρα,
3916 4611 3996 4661 καὶ

2425 4697 2500 4768 μὴ
2533 4697 2768 4766 ἀλλαχοῦ
2821 4697 2911 4748 τὸν
2952 4696 3078 4750 νοῦν
3111 4699 3430 4768 ἀναφέρειν.
3476 4699 3757 4766 Πέμπτον,
3800 4702 3866 4752 τὸ
3911 4702 3994 4752 Ou-

2425 4791 2765 4860 σιαστὴριον,
2813 4791 3088 4852 τουτέστι,
3121 4774 3500 4860 καθιερωμένη
3539 4791 3793 4859 τράπεζα
3849 4795 3992 4861 παρὰ

2425 4883 2726 4951 ἀρχιερέως
2757 4897 2770 4910 ·
2804 4882 2975 4934 ταῦτα
3001 4881 3111 4950 γάρ
3140 4883 3277 4933 εἰσιν
3314 4883 3588 4948 ἀναγκαῖα
3623 4883 3724 4934 καὶ
3762 4884 3932 4951 μόνα,
3955 4884 3994 4935 εξ

2425 4977 2517 5028 καὶ
2553 4975 2626 5044 μὴ
2667 4973 2838 5031 οὕτως
2886 4975 3184 5040 ἀναγκαῖον
3231 4973 3292 5025 τὸ
3329 4972 3559 5040 ἔσχατον
3599 4973 3678 5035 ὡς
3718 4976 3791 5025 τὰ
3844 4977 3991 5027 ἄλλα.

2424 5065 2484 5116 Εἰ
2514 5065 2571 5116 δὲ
2629 5063 2802 5116 ταῦτα
2854 5064 3033 5116 πάντα
3072 5063 3238 5133 ἀργὰ,
3273 5063 3361 5116 διὰ
3398 5064 3459 5116 τὸ
3509 5065 3584 5132 μὴ
3645 5065 3796 5135 ἔχειν
3827 5068 3993 5134 ὀξώδη

2427 5156 2630 5225 μικράν
2670 5155 2871 5226 ζύμην,
2930 5153 3117 5223 θαῦμα
3147 5153 3212 5207 ἂν
3253 5155 3338 5224 εἴη
3375 5157 3625 5224 μέγιστον
3649 5169 3666 5186 ⁶
3701 5157 3784 5208 ὅτι
3818 5160 3918 5210 καὶ
3945 5160 3993 5208 τὸ

2423 5248 2832 5316 θυσιαστήριον,
2894 5247 2988 5299 καὶ
3025 5246 3051 5298 6
3099 5246 3321 5307 σκοπὸς,
3379 5247 3471 5299 καὶ
3502 5248 3527 5297 6
3576 5246 3784 5316 ἱερεὺς,
3844 5248 3993 5313 καὶὴ

2425 5338 2548 5405 ὕλη,
2596 5337 2692 5390 καὶ
2734 5337 2969 5404 μάλιστα
3003 5336 3066 5388 τὸ
3107 5337 3488 5405 καιριώτερον,
3540 5339 3588 5388 οί
3634 5335 3730 5388 τοῦ
3760 5336 3993 5407 Χριστοῦ

2425 5427 2597 5494 λόγοι,
2629 5428 2824 5487 οἵτινες
2862 5427 3216 5496 μεταποιοῦσι
3254 5428 3324 5480 τὰ
3359 5429 3698 5496 προκείμενα
3728 5431 3813 5491 είς
3843 5430 3993 5497 σῶμα

2426 5519 2520 5571 καὶ
2550 5513 2709 5588 αἷμα,
2733 5519 2803 5571 δι’
2827 5513 2901 5573 ὧν
2927 5521 2955 5572 6
2978 5519 3203 5586 οὐρανὸς
3226 5519 3514 5588 ἡδρασται,
3543 5519 3614 5586 γῆ
3636 5519 3990 5586 ὲθεμελιώθτζ.

2428 5611 2523 5662 καὶ
2554 5609 2627 5661 τὰ
2665 5611 2843 5663 πάντα
2897 5610 3268 5672 συνίστανται,
3312 5610 3464 5662 οὐδὲν
3509 5609 3793 5679 ἰσχύουσιν
3844 5611 3991 5671 ἐκτὸς

2429 5703 2527 5771 τῆς
2559 5701 2736 5770 ζύμης
2762 5719 2777 5732 ·
2812 5701 2972 5754 τοῦτο
3005 5703 3067 5753 ού
3095 5701 3333 5763 διανοίας
3366 5702 3513 5753 ἐστὶν
3540 5701 3726 5769 ὑγιοῦς
3753 5702 3986 5771 εῦρημα,

2433 5795 2570 5848 ἀλλά
2597 5793 2861 5860 διανοίας,
2897 5793 3078 5863 πάσης
3108 5792 3314 5856 ἀνοίας.
3356 5791 3481 5856 Πῶς
3499 5792 3558 5846 δὲ
3586 5793 3688 5847 οὐκ
3717 5792 3985 5863 ἐγκαλεῖτε
