4160 6424
210 372 345 438 ῙΞῙἸ

704 376 856 436 PRO
898 376 1109 437 CONC.
1160 378 1543 441 FLORENT.
1580 378 1841 439 CAP.II.
1891 380 1988 441 DE
2031 378 2285 441 AZYMO
2326 381 2418 440 ET
2460 382 2994 444 FERMENTATO.

3320 386 3457 451 1218

201 492 332 560 ἡμῖν
379 490 475 543 καὶ
510 489 596 543 διὰ
628 491 720 543 τδν
749 486 915 553 οἶνον,
959 490 1248 559 θαυμάζω,
1285 492 1367 545 ὃτι
1398 493 1628 563 ἐρυθρὸν
1656 493 1751 546 πολ

1855 550 1856 555 η
1894 494 2235 562 improbatis.
2268 510 2392 548 cum
2427 498 2652 549 rubrum
2704 514 2847 565 saepe
2886 498 3208 564 oll'eramus,
3245 513 3341 559 aut
3373 506 3456 563 al-

198 582 355 644 λάκις
398 583 863 653 προσφέρομεν,ἢ
896 583 1107 646 λευκὸν,
1147 584 1179 653 ἢ
1218 584 1433 653 ἡδὺν,ἦ
1468 584 1770 653 αὐστηρὸν,

199 676 337 729 ἄλλά
367 676 530 744 μόνον
562 678 692 748 περὶ
740 676 832 730 τοῦ
877 678 1065 748 ἄρτου.
1101 679 1312 749 Ὠσπερ
1364 679 1473 747 γὰρ
1528 680 1770 749 εἴρηκεν,

196 768 261 821 ἐκ
291 768 384 821 τοῦ
419 770 756 837 γεννήματος
780 772 878 839 τῆς
920 772 1190 839 ἀμπέλω,
1218 773 1312 826 καὶ
1340 774 1400 826 οὺ
1437 772 1604 826 διεῖλε
1649 772 1774 827 λευ-

195 862 313 925 κὸν,
344 862 377 931 ἢ
406 862 658 931 ἐρυθρὸν,
706 861 847 915 οὕτω
886 864 983 916 καὶ
1022 866 1148 933 περὶ
1195 865 1288 918 τοῦ
1320 866 1490 935 ἄρτου
1518 883 1533 899 ο
1596 866 1772 919 είπὼν

193 951 379 1016 ἄρτον,
415 952 473 1003 οὐ
519 952 735 1015 διεῖλεν,
786 951 1080 1023 ενζυμονῆ
1127 952 1359 1022 ἄζυμον,
1416 953 1448 1024 ἦ
1508 951 1770 1022 λευκδνῆ

195 1043 421 1110 μέλανα,
472 1043 505 1111 ἢ
536 1044 667 1113 ἡδὺν
712 1044 745 1113 ἢ
789 1042 996 1113 ὀξώδηο
1034 1046 1123 1097 διὰ
1172 1045 1394 1115 τοῦτοή
1465 1045 1771 1114 Ἐκκλησία

193 1133 414 1200 στέργει
463 1133 770 1203 ἀδιαφόρως
820 1135 1108 1205 ἀμφότερα
1136 1152 1151 1167 ·
1204 1137 1387 1190 ίδοῦσα
1431 1139 1541 1209 γὰρ
1577 1141 1609 1209 ἡ
1645 1140 1772 1210 ίερά

195 1223 416 1287 σύνοδος
444 1225 710 1294 ἀκριϐῶς,
743 1227 825 1280 ὅτι
862 1228 1028 1296 ἄρτος
1061 1229 1206 1281 ἐστὶν
1232 1230 1567 1300 ἀμφότερον,
1596 1233 1771 1300 ἀναμ-

191 1316 434 1382 φιϐόλως
470 1320 782 1388 ίερουργεῖ·
826 1320 920 1372 καὶ
960 1321 1019 1372 οὑ
1067 1320 1341 1390 μέμφεται
1376 1322 1639 1393 Θάτερονο
1673 1325 1770 1377 καὶ

188 1408 364 1460 ταῦτα
397 1408 599 1476 μᾶλλον
629 1408 707 1472 ὡς
735 1410 1248 1477 προαποδέδεικται,
1282 1412 1378 1463 τοῦ
1409 1413 1649 1483 Χριστοῦ
1682 1433 1769 1468 τε·

189 1498 453 1571 λέσαντος
503 1500 740 1569 ἄζυμον.
773 1502 986 1556 Οὐκοῦν
1022 1503 1225 1566 ἀδίκως
1262 1505 1544 1571 ἐγκαλεῖτε
1573 1509 1639 1577 τῇ
1689 1510 1770 1560 ol-

186 1596 489 1663 κουμενικῇ
519 1595 742 1664 συνόδῳ,
772 1599 837 1665 τῇ
866 1595 1038 1660 οὕτως
1061 1596 1368 1668 κελευσάσῃ
1396 1613 1411 1627 ο
1438 1597 1531 1649 καὶ
1560 1598 1765 1661 ἀδίκως

184 1686 490 1760 ἡμᾶς-τοὺς
523 1687 656 1740 αὐτὸ
703 1690 1032 1759 στέργοντας
1075 1693 1167 1742 καὶ
1198 1690 1624 1760 ὁμολογοῦντας,
1662 1708 1758 1743 συο

186 1756 512 1843 κοφαντεττε
547 1778 640 1829 καὶ
672 1778 984 1848 διασύρετε.

270 1864 362 1928 Ὠς
380 1866 446 1920 ἂν
465 1868 520 1920 δὲ
540 1868 633 1921 καὶ
661 1869 709 1922 Ν
715 1872 976 1941 ικηφόρου
998 1872 1319 1937 Καλλίστου,
1348 1871 1441 1927 τοῦ
1460 1873 1765 1929 Ξανθοπού-

179 1956 281 2013 λου
319 1960 562 2029 μνησθῶ.
610 1960 785 2016 ἔπεισί
830 1980 919 2033 μοι
953 1966 1045 2017 καὶ
1078 1966 1286 2034 σφόδρα
1328 1967 1494 2038 γελᾷν
1520 1984 1533 2000 ο
1561 1967 1619 2030 ὃς
1647 1969 1763 2034 ἐφι-

180 2048 456 2121 λοτιμήθη
511 2052 612 2121 μὲν
669 2056 985 2126 συγγράψαι
1040 2060 1109 2112 τὰ
1148 2060 1207 2111 ὲν
1252 2058 1331 2129 τῷ
1364 2060 1615 2130 Τριῳδίῳ
1665 2057 1759 2112 νῦν

180 2142 553 2213 εὑρισκόμενα
583 2145 881 2216 συναξάρια
903 2164 919 2181 ·
952 2152 1018 2219 τῇ
1055 2152 1202 2223 ῥύμῃ
1226 2153 1281 2205 δὲ
1308 2151 1408 2221 τῆς
1434 2152 1635 2214 κακίας
1662 2150 1756 2205 τοῦ

180 2236 484 2305 σχίσματος
509 2238 768 2306 κινηθεὶς,
801 2241 1005 2311 ἔγραψε
1048 2244 1141 2295 καὶ
1174 2244 1303 2311 περὶ
1335 2244 1431 2313 τῆς
1456 2246 1754 2314 προκειμέ-

178 2345 283 2397 νης
322 2330 455 2399 ἡμῖν
487 2332 818 2395 ὑποθέσεως.
850 2335 1064 2404 μεγάλα
1092 2338 1186 2389 καὶ
1214 2336 1523 2403 θαυμαστά.
1558 2338 1680 2389 ’Ὁτι
1700 2337 1757 2389 δὲ

173 2419 357 2474 ταῦτα
408 2424 465 2475 ἐν
510 2424 1081 2482 Κωνσταντινουττόλει
1129 2430 1231 2482 οὐκ
1288 2431 1753 2497 ἀνεγινώσκοντο,

175 2510 383 2574 πάντες
416 2513 562 2568 ἴσασι
587 2532 603 2548 ο
643 2519 736 2570 καὶ
757 2518 817 2570 οὐ
847 2519 929 2573 δεῖ
964 2538 1030 2587 με
1068 2522 1384 2591 περαιτέρω
1409 2522 1751 2591 προϐαίνειν·

173 2607 237 2657 ὲν
288 2606 458 2677 ταύτῃ
503 2609 666 2676 μόνον
711 2615 775 2682 τῇ
830 2614 983 2667 πόλει
1026 2616 1168 2678 τινὲς
1226 2618 1529 2683 κατέταξιν
1586 2621 1643 2671 ἐν
1677 2617 1756 2687 τῷ

172 2697 414 2765 τριῳδίῳ
451 2700 526 2761 ὡς
565 2701 934 2771 εὑρίσκονται.
972 2706 1095 2759 Ὀτι
1127 2708 1180 2760 δὲ
1210 2708 1330 2761 λίαν
1358 2710 1750 2777 ἀσυλλόγιστα,

172 2786 203 2837 ὁ
245 2786 574 2859 βουλόμενος
627 2793 982 2861 ἀναλεξάσθω
1026 2800 1092 2851 τὰ
1140 2799 1290 2868 αὐτῷ
1337 2801 1623 2870 εἰρημένα,
1658 2801 1755 2854 καὶ

170 2876 404 2948 εὑρήσει
437 2882 597 2934 αὑτὸν
624 2884 681 2937 ὲν
712 2886 929 2950 πολλοῖς
977 2889 1158 2960 ἑαυτῷ
1186 2892 1557 2960 ἀντιλέγοντα.
1606 2895 1670 2947 Τί
1702 2895 1757 2946 δὲ

170 2967 239 3019 τὸ
270 2970 500 3041 φοϐερὸν
550 2976 714 3029 αὐτοῦ
749 2979 949 3046 λόγιον,
982 2981 1075 3033 καὶ
1106 2982 1181 3046 ὡς
1210 2984 1359 3054 αὑτῴ
1400 2986 1567 3051 δοκεῖ,
1596 2989 1758 3040 ἀναν-

170 3057 475 3129 τίρρητονς
504 3062 584 3133 Τῇ
639 3067 853 3159 μεγάλῃ
893 3070 1157 3143 Πέμπτῃ,
1216 3076 1296 3139 είς
1334 3053 1432 3145 τὴν
1460 3078 1755 3148 παράδοσιν
1786 3053 1807 3072 ⁸

168 3150 288 3202 τῶν
319 3153 654 3222 μυστηρίων,
682 3150 821 3227 μετά
851 3161 1021 3217 πολλὰ
1046 3165 1143 3218 καὶ
1169 3166 1326 3231 ἄλλα,
1360 3170 1543 3239 φησιν.
1580 3173 1753 3241 (Ὅρα

1803 1874 1840 1931 Β
1947 1869 2013 1926 Ut
2120 1882 2299 1927 autem
2407 1876 2705 1947 Nicephori

1879 580 2031 645 bum,
2066 586 2146 637 vel
2188 585 2369 649 dulce,
2406 588 2482 638 vel
2512 598 2830 652 austerum,
2865 589 2957 642 sed
2989 606 3180 658 panem
3218 604 3453 650 tantum.

1877 671 2012 725 Nam
2064 679 2523 743 quemadmodum
2575 682 2642 733 de
2680 680 2952 745 gvuimine
3002 682 3130 737 vitis
3164 683 3322 748 dixit,
3359 704 3458 744 nec

1875 764 2059 820 album
2095 767 2347 823 distinxit
2382 786 2408 821 a
2439 771 2627 835 rubro,
2658 776 2727 825 ita
2766 784 2818 827 et
2847 774 2913 828 de
2946 791 3086 845 pane
3119 778 3331 843 dicens.
3363 796 3457 850 pa-

1876 874 1998 913 nem
2027 876 2133 914 nou
2165 862 2411 915 disriuxit
2444 863 2831 919 fermentatum
2864 868 2933 921 ab
2965 885 3159 941 azymo
3188 889 3200 925 :
3252 871 3333 925 vel
3370 874 3456 929 al-

1876 951 2024 1017 bum,
2055 955 2135 1009 vel
2172 954 2407 1025 nigrum,
2429 958 2511 1012 vel
2542 959 2781 1023 dulcem,
2810 960 2892 1015 vel
2914 962 3129 1017 acidum
3157 982 3171 1030 ;
3200 975 3453 1033 prepter-

1873 1056 1935 1097 ea
2007 1054 2238 1114 utraque
2268 1048 2385 1101 siue
2412 1049 2522 1103 ullo
2550 1052 2873 1107 discrimine
2917 1055 3321 1123 amplectimur.
3348 1054 3457 1113 No-

1874 1150 2028 1190 scens
2044 1139 2185 1190 enim
2204 1140 2359 1206 plane
2375 1156 2527 1194 saera
2544 1145 2786 1212 synodus
2804 1157 3094 1215 utrumque
3110 1164 3297 1215 panem
3315 1165 3453 1214 esse,

1876 1229 2183 1295 promiscue
2242 1234 2535 1295 sacriﬁcat,
2580 1251 2677 1287 nec
2721 1238 3038 1292 alterutrum
3079 1241 3451 1308 reprehendit,

1874 1322 2166 1389 praesertim
2188 1339 2309 1377 cum
2332 1324 2583 1380 Cbrisms
2604 1327 2654 1379 iu
2681 1342 2871 1396 azymo
2891 1332 3206 1395 confecerit,
3226 1342 3277 1384 ut
3297 1342 3453 1386 antea

1871 1422 2148 1467 ostensum
2168 1425 2268 1469 est.
2298 1416 2443 1482 Ergo
2468 1417 3085 1483 iujuria'mcumenicam
3120 1422 3455 1477 insimulatis

1870 1502 2157 1571 synodum,
2190 1520 2311 1572 qua:
2336 1507 2612 1573 sicjubet,
2643 1518 2697 1561 et
2728 1510 2924 1577 injuria
2954 1527 3071 1574 nos,
3098 1514 3188 1579 qui
3213 1529 3331 1566 eam
3362 1529 3453 1570 se-

1869 1594 2088 1664 quimur
2130 1606 2183 1649 et
2211 1597 2556 1669 conﬁtemur,
2584 1601 2993 1657 calumniamini
3030 1612 3083 1658 et
3109 1606 3446 1675 suggillatis.

2801 1879 3012 1937 Callisti
3112 1882 3445 1956 Xantlmpuli

1867 1969 2194 2024 mentionem
2269 1950 2489 2035 rabiam,
2562 1974 2710 2028 subit
2776 1976 2908 2030 mihi
2995 1979 3288 2034 admodum
3366 1984 3449 2037 ri-

1862 2060 2035 2115 dere:
2092 2062 2184 2130 qui
2248 2062 2537 2123 ambitiose
2616 2067 2921 2132 contendit,
2971 2084 3032 2123 ea
3090 2084 3211 2138 quae
3299 2086 3447 2135 nune

1865 2151 1917 2203 iu
1976 2150 2201 2206 Triodio
2262 2155 2549 2224 synaxaria
2610 2158 2983 2225 reperiuntur,
3039 2163 3444 2230 conscribere;

1862 2245 2061 2312 impetu
2099 2261 2225 2302 vero
2256 2248 2543 2316 pravitatis
2576 2262 2757 2307 motus
2781 2293 2795 2319 ,
2841 2255 2909 2309 de
2962 2258 3246 2326 proposito
3282 2261 3443 2316 nobis

1860 2350 2182 2405 argumento
2216 2355 2407 2408 magna
2435 2351 2488 2396 et
2514 2346 2858 2400 admirabilia
2896 2349 3139 2418 scripsit.
3164 2350 3267 2405 Sed
3297 2354 3439 2422 quod

1860 2445 1922 2483 ea
1961 2431 2432 2503 Constantinopoli
2488 2451 2595 2490 non
2665 2437 2993 2508 legerentur,
3044 2444 3302 2498 omnibus
3356 2455 3441 2501 est

1859 2530 2193 2589 compertum
2238 2540 2252 2579 :
2290 2540 2392 2579 nec
2444 2537 2667 2595 oportet
2715 2543 2803 2582 me
2838 2530 3070 2584 ulterius
3117 2535 3433 2601 procedere.

1859 2612 1914 2667 In
1948 2614 2046 2668 bac
2082 2617 2217 2670 urbe
2242 2626 2454 2672 tantum
2483 2620 2705 2685 quidam
2742 2625 2793 2675 in
2819 2622 3045 2679 Triodio
3077 2629 3439 2697 quemadmo-

1857 2703 1984 2757 dum
2041 2706 2397 2762 invcuiuntur
2449 2711 2895 2779 collocaverunt,
2953 2731 3073 2769 esse
3128 2726 3307 2772 autem
3373 2735 3435 2774 ea

1859 2797 2013 2852 valde
2045 2798 2439 2855 irrationabilia
2475 2805 2519 2858 si
2571 2806 2693 2872 quis
2745 2808 2887 2860 scire
2940 2807 3232 2872 desiderat,
3293 2812 3437 2879 lgat

1858 2906 1976 2956 qua:
2014 2891 2129 2959 ipse
2165 2896 2496 2961 composuit,
2536 2897 2882 2966 reperietque
2910 2916 3031 2952 eum
3062 2902 3113 2953 in
3158 2902 3437 2972 ple-risque

1857 2984 1958 3036 sibi
1991 2984 2088 3053 ipsi
2117 2998 2443 3053 pugnantem
2475 3003 2616 3044 esse.
2651 2992 2753 3044 Sed
2780 2994 3055 3060 quodnam
3081 3004 3158 3047 est
3196 3005 3434 3049 tri-mru-

1857 3075 2121 3143 dumejus
2152 3078 2457 3141 oraculum,
2485 3088 2559 3143 et,
2596 3089 2655 3134 ut
2685 3082 2787 3134 sibi
2822 3083 3060 3147 videtur,
3095 3084 3434 3141 insolubile?

1858 3168 1916 3219 in
1948 3167 2138 3237 quinta
2173 3184 2370 3238 magna
2402 3171 2536 3224 feria
2564 3172 2616 3225 iu
2666 3176 3049 3245 mysteriorum
3083 3179 3430 3237 traditionem

167 3242 325 3306 ὅπως
352 3244 517 3313 ἄρτον
555 3247 705 3316 λέγει
732 3253 791 3303 τὸ
830 3255 988 3323 σῶμα
1034 3256 1223 3324 αὑτοῦ,
1260 3260 1322 3313 οὐ
1356 3263 1465 3333 μὴν
1496 3264 1705 3333 ἄζυμον
1729 3283 1743 3298 ·

1855 3267 1978 3327 post
2028 3260 2134 3314 alia
2177 3263 2345 3315 multa
2392 3263 2577 3318 dicit:
2628 3285 2645 3317 ι
2694 3242 2850 3331 \lide,
2901 3280 2961 3322 ut
3022 3284 3215 3338 panem
3274 3281 3431 3327 vocet

167 3337 617 3403 αἰσχυνέσθωσαν
637 3344 686 3394 οἱ
704 3345 769 3414 τῇ
797 3344 956 3417 θυσίᾳ
989 3348 1233 3419 ἀζύμους
1260 3357 1688 3427 προσφέροντες.
1722 3378 1743 3411 ιι

166 3429 348 3483 Τοῦτο
372 3430 420 3483 δ’
442 3432 518 3496 ὡς
553 3436 914 3508 φοσερώτατα
941 3443 1074 3513 παρ’
1098 3445 1268 3499 αὐτοῦ
1294 3452 1414 3519 είρη
1425 3452 1604 3517 μένον,
1636 3452 1748 3506 ἄνω

164 3520 269 3571 καὶ
292 3521 462 3575 ,κάτω
495 3527 893 3593 προϐάλλονται
920 3535 968 3586 οἱ
1000 3537 1194 3607 ἐκείνῳ
1226 3541 1505 3607 ἑπόμενοι,
1539 3545 1745 3608 ἐκεῖνός

162 3628 234 3675 γε
271 3612 378 3681 μὴν
406 3614 553 3668 δοκεῖ
603 3618 784 3687 λέγειν
818 3639 870 3676 τι
896 3638 911 3655 °
957 3625 1110 3679 οὐδὲν
1137 3629 1214 3691 δὲ,
1268 3629 1343 3692 ὡς
1376 3632 1743 3703 δειχθήσεται.

162 3703 282 3754 Kal
315 3708 420 3775 γὰρ
448 3708 608 3776 ἡμεῖς
641 3713 887 3783 μαθηταὶ
920 3715 1073 3780 ὄντες
1115 3718 1210 3772 τοῦ
1250 3723 1552 3791 φήσαντος,
1593 3744 1613 3777 ι
1652 3727 1745 3780 El-

164 3793 345 3864 ρήνην
391 3796 634 3863 διώκετε,
673 3819 692 3853 ι
728 3804 828 3871 οὐχ
876 3805 1176 3877 ὑδρίζομεν
1208 3813 1392 3879 αὑτὸν,
1426 3815 1502 3877 ὡς
1537 3818 1744 3883 ἐκεῖνος

159 3883 318 3951 ἡμᾶς
350 3904 362 3917 ·
414 3888 530 3940 ἀλλ’
581 3893 615 3958 ἡ
653 3893 917 3962 ἀπολογία
952 3898 1020 3967 ἢν
1043 3903 1383 3971 ποιησόμεθα
1440 3907 1577 3975 πρὸς
1615 3910 1745 3975 τοὺς

157 3974 337 4029 αὑτοῦ
373 3976 585 4047 λόγους,
621 3984 757 4054 αὑτὴ
808 3988 903 4040 καὶ
936 3991 1073 4059 μόνη
1105 3991 1263 4063 ὕϐρις
1302 3996 1437 4066 πρὸς
1463 3974 1628 4053 αὑτὸν
1659 3974 1744 4054 λοέ

155 4067 491 4138 γισθήσεται
517 4087 532 4105 ο
564 4074 644 4127 ὅτι
674 4076 999 4144 διδάσκαλος
1032 4084 1279 4154 οίόμενος
1331 4087 1494 4159 εἶναι,
1530 4092 1745 4165 ἐξελέγ-

154 4174 325 4227 χεται
351 4161 481 4231 παρ’
512 4165 694 4233 ἡμῶν,
730 4170 958 4239 ἀμαθῶν
986 4175 1157 4231 ὄντων
1186 4197 1199 4210 ·
1232 4184 1323 4235 καὶ
1350 4184 1411 4255 δή
1439 4204 1641 4255 φαμεν,
1667 4161 1743 4253 ὧς

152 4252 379 4314 ἐκεῖνος
410 4256 531 4306 καθ’
550 4258 744 4312 ἑαυτὸν
767 4262 1124 4334 λογιζόμενος
1152 4252 1469 4344 συγγράᾤαι
1500 4252 1742 4335 ἐναντίον

149 4344 226 4411 τῇ
289 4345 554 4421 καθολικῇ
617 4351 936 4428 Ἐκκλησίςι,
990 4361 1337 4437 διολισοήσας
1394 4372 1738 4440 ἐπιτηδείως,

148 4441 479 4535 κατωφερεῖ
508 4439 688 4514 βόθρῳ
713 4449 854 4500 νατά
890 4454 1134 4523 κεφαλῆς
1169 4456 1354 4516 ἔπεσε.
1387 4439 1574 4517 Εἰπὼν
1605 4470 1738 4535 γὰρ,

1855 3367 2053 3421 corpus
2078 3369 2264 3419 suum,
2302 3372 2409 3409 non
2444 3367 2625 3412 tamen
2656 3374 2934 3430 azymum.
2963 3362 3303 3418 Erubescant
3336 3369 3428 3434 qui

1854 3446 1911 3498 in
1946 3445 2218 3500 sacriﬁcio
2255 3462 2476 3516 azymos
2505 3449 2784 3504 adhibent.
2830 3469 2847 3502 ι
2882 3451 2939 3504 Id
2973 3462 3026 3506 ut
3056 3454 3297 3507 terribile
3323 3459 3430 3509 ad-

1852 3537 2070 3589 modum
2098 3538 2165 3589 ab
2197 3554 2261 3590 eo
2290 3540 2515 3601 dictum,
2546 3555 2763 3594 sursum
2806 3543 3062 3597 deorsum
3097 3546 3213 3613 ejus
3249 3558 3430 3601 secta-

1859 3638 2007 3683 tores
2040 3629 2356 3696 objectaut;
2392 3640 2556 3700 atque
2606 3634 2650 3686 is
2705 3635 2910 3701 aliquid
2960 3636 3174 3690 videtur
3206 3639 3425 3705 dicere,

1853 3722 1927 3774 uil
1970 3734 2148 3775 autem
2198 3724 2351 3784 dicit,
2419 3736 2474 3777 ut
2530 3727 3015 3781 demonstrabitur.
3068 3730 3281 3783 Etenim
3327 3749 3427 3787 nos

1849 3832 1970 3869 cum
2000 3817 2246 3885 discipuli
2280 3816 2400 3886 ejus
2442 3819 2638 3883 simus,
2670 3821 2761 3888 qui
2796 3821 2949 3886 dicit,
3003 3822 3195 3877 Pacem
3243 3826 3430 3895 sequi-

1853 3911 2009 3972 mini,
2061 3910 2260 3979 injuria
2294 3927 2417 3964 eum
2462 3928 2569 3964 nou
2614 3914 2876 3968 allicimus
2919 3916 3019 3985 (l),
3058 3928 3114 3970 ut
3155 3918 3239 3969 ille
3278 3935 3375 3973 uos
3410 3937 3425 3973 :

1849 4002 1941 4055 sed
1976 4003 2255 4070 responsio
2288 4013 2516 4068 tantum,
2554 4022 2715 4071 qttztm
2755 4007 3021 4060 adversus
3064 4009 3182 4075 ejus
3213 4024 3426 4062 sermo-

1849 4109 1943 4145 nes
1978 4093 2267 4148 aﬂ‘eremus
2295 4132 2309 4159 ,
2345 4110 2443 4163 pro
2479 4096 2673 4163 injuria
2728 4097 3071 4164 reputabitur
3115 4116 3127 4152 :
3167 4099 3259 4167 qui
3296 4114 3420 4154 cum

1847 4188 2159 4255 magistrum
2196 4203 2254 4240 se
2289 4204 2409 4242 esse
2440 4190 2717 4257 opinetur,
2750 4207 2778 4242 a
2808 4191 2987 4253 nobis,
3020 4193 3111 4258 qui
3138 4191 3280 4243 doeti
3317 4210 3419 4244 nun

1847 4295 2039 4333 sumus
2064 4321 2080 4345 ,
2112 4281 2475 4336 convincitur.
2507 4282 2630 4336 Ideo
2662 4282 2900 4336 dicimus
2929 4284 3075 4351 quod
3112 4282 3198 4335 ille
3232 4296 3417 4335 secum

1846 4389 2070 4427 versans
2124 4374 2393 4429 adversus
2434 4374 2759 4429 catholicam
2798 4373 3095 4429 Ecclesiam
3150 4374 3416 4439 scribere,

1844 4465 2191 4532 apertissime
2230 4467 2411 4534 lapsus
2444 4467 2496 4519 in
2551 4467 2888 4537 praecipitem
2943 4466 3157 4520 foveam
3212 4480 3417 4534 pronus

152 4544 175 4576 ι
206 4526 359 4596 Ὅρα
382 4530 531 4595 ὅπως
559 4535 723 4603 ἄρτον
739 4537 958 4605 λέγειτὸ
977 4544 1138 4613 σῶμα
1163 4549 1351 4616 αὐτοῦ,
1386 4554 1445 4605 ού
1479 4556 1585 4625 μὴν

1855 4555 2057 4609 cecidit.
2094 4555 2226 4609 Nam
2263 4572 2383 4609 cum
2416 4558 2664 4623 dixisset,
2698 4556 2863 4612 «Vide
2890 4559 3033 4626 quod
3067 4571 3258 4627 panem
3293 4572 3416 4611 cor-

151 4635 291 4684 μον,
321 4638 339 4668 ι
376 4622 673 4678 ἐπελάθετο
704 4629 786 4682 ὅτι
809 4634 901 4684 καὶ
933 4633 962 4684 ὁ
998 4634 1227 4706 ἄζυμος,
1258 4643 1423 4712 ἄρτος
1466 4622 1738 4705 παλεῖται.

150 4708 494 4803 ῘΕδοΕεΑγάρ
534 4717 705 4788 αὐτῷ,
738 4722 813 4784 ὡς
841 4723 972 4777 ὅταν
1006 4727 1138 4799 λέγῃ
1187 4732 1271 4795 τις
1299 4708 1484 4803 ἄρτον,
1532 4739 1621 4793 τὸν
1652 4740 1739 4793 ἔν-

141 4796 336 4892 ζυμον
357 4800 440 4892 δεί
468 4808 607 4859 νοεῖν
632 4824 646 4839 ⁸
683 4808 802 4863 ἀλλ’
831 4814 892 4865 ού
940 4796 1168 4871 δύναται
1200 4796 1359 4876 τοῦτο
1401 4796 1579 4892 δείξαι
1603 4846 1619 4863 ’
1657 4833 1737 4884 ὅτι

138 4889 437 4986 ⁴πολλαχοῦ
461 4895 559 4964 τῆς
588 4897 835 4969 Γραφῆς,
868 4907 961 4956 καὶ
987 4907 1015 4958 ὁ
1040 4909 1270 4978 ἄζυμος,
1301 4914 1465 4982 ἄρτος
1496 4889 1734 4986 λέγεται.

137 4981 302 5079 Φησὶ
470 4987 502 5055 ἡ
541 4987 664 5057 ιερὰ
700 4991 891 5064 Γραφή
922 5011 935 5025 ·
974 5016 992 5047 ι
1034 4999 1142 5051 Καὶ
1172 4981 1353 5055 λαϐὼν
1384 5009 1510 5070 τοὺς
1537 4981 1737 5079 ἄ-ρτευς

138 5074 290 5135 τοὺς
318 5072 582 5146 ἀζύμους.
618 5099 637 5132 ι
672 5082 781 5136 Kal
826 5085 906 5139 ἔτι
940 5088 997 5141 ὲν
1026 5094 1092 5159 τῇ
1136 5092 1356 5166 Ἐξὸδῳ,
1392 5116 1409 5150 ι
1442 5072 1599 5171 Λήψῇ
1639 5072 1735 5172 μοᾇ

137 5166 387 5258 σχάριον
427 5170 491 5221 ἐκ
532 5170 670 5239 βοῶν
707 5175 785 5240 ἓν,
824 5181 916 5231 καὶ
966 5185 1157 5249 κριοὺς
1199 5166 1604 5258 ἀμώμους
1639 5166 1737 5249 οιαὶ

134 5256 361 5326 ἄρτους
406 5259 649 5331 ἀζύμους
685 5272 1113 5340 πεφυραμένους
1155 5256 1341 5346 ἐλαίῳ,
1377 5284 1471 5333 καὶ
1524 5256 1734 5347 λάγανα

134 5348 345 5445 ἄζυμα
377 5355 713 5445 κεχρισμένα
762 5361 820 5413 ἐν
868 5364 1032 5433 ἐλαίῳ
1066 5382 1081 5396 ο
1117 5369 1400 5437 σεμίδαλιν
1432 5376 1496 5425 ἐκ
1543 5378 1734 5445 πυρῶν

132 5439 405 5501 ποιήσεις
432 5443 590 5510 αὐτὰ,
619 5449 712 5500 καὶ
742 5450 1034 5522 ἐπιθήσεις
1060 5458 1199 5512 αὑτά
1234 5464 1327 5513 ἐπὶ
1364 5464 1561 5519 κανοῦν
1592 5468 1671 5521 ἓν.
1704 5489 1723 5522 ι

126 5527 422 5627 καὶ-μετ’
453 5532 633 5627 ὀλίγα,
680 5556 701 5589 ‹
738 5540 848 5593 Καὶ
898 5544 1040 5615 λήψῃ
1073 5549 1236 5618 ἄρτον
1285 5553 1379 5606 ἕνα
1415 5555 1473 5620 ἐξ
1517 5558 1725 5627 ἐλαίου,

124 5619 247 5673 καὶ
280 5617 513 5688 λάγανον
538 5624 598 5681 ἓν
620 5626 728 5683 ἀπὸ
751 5631 846 5686 τοῦ
878 5637 1044 5691 κανοῦ
1073 5641 1178 5698 τῶν
1210 5644 1435 5715 ἀζύμων
1461 5650 1568 5707 τῶν
1594 5670 1727 5724 προσ

209 5801 303 5872 (1)
338 5803 541 5863 Contra
572 5808 867 5881 Ephesium

1844 4661 1943 4716 pus
1979 4663 2137 4701 suum
2167 4648 2319 4713 dicit,
2348 4664 2458 4702 non
2489 4664 2794 4719 azymum,’
2831 4651 3035 4704 oblitus
3063 4658 3148 4703 est
3183 4650 3329 4715 quod
3360 4660 3417 4704 et

1840 4753 2064 4809 azymus
2088 4742 2242 4808 panis
2265 4742 2585 4810 appellatur.
2614 4739 2803 4795 Visum
2834 4750 2917 4794 est
2940 4741 3085 4793 enim
3114 4740 3214 4807 ipsi
3240 4755 3417 4810 opor-

1840 4838 1958 4885 tere
1993 4846 2116 4883 cum
2150 4832 2277 4899 quis
2306 4847 2497 4901 panem
2536 4832 2687 4897 dicit,
2724 4833 2787 4886 de
2838 4830 3166 4885 fermentata
3201 4842 3409 4885 tantum

1838 4923 2106 4991 intelligi;
2139 4935 2193 4977 at
2218 4926 2318 4979 boc
2346 4923 2578 4993 probare
2610 4938 2720 4977 non
2753 4932 2953 4992 potest,
2981 4923 3108 4991 quia
3135 4922 3191 4976 in
3229 4923 3411 4977 uiultis

1842 5014 2141 5083 Scriptura:
2176 5015 2309 5069 locis
2341 5030 2567 5086 azymus
2615 5016 2780 5069 etiam
2834 5017 2987 5083 panis
3020 5016 3240 5069 dicitur.
3280 5017 3407 5085 quia

1838 5123 1993 5161 sacra
2030 5108 2312 5178 Scriptura
2345 5109 2501 5173 dicit,
2546 5128 2564 5160 ι
2604 5110 2757 5163 Tolle
2808 5125 3030 5179 azymos
3082 5125 3268 5177 panes;
3307 5131 3323 5157 ι
3356 5118 3405 5161 ιι

1835 5200 1889 5254 in
1935 5198 2142 5264 Exodo,
2186 5216 2204 5249 ι
2244 5201 2397 5254 Tolle
2444 5201 2679 5254 vitulum
2713 5216 2774 5254 ex
2812 5211 3066 5255 armento
3116 5216 3282 5254 unum
3308 5240 3324 5263 ,
3354 5210 3406 5255 et

1836 5294 2038 5345 arietes
2073 5292 2211 5345 duos
2264 5294 2670 5349 immaculatos.
2708 5307 2986 5362 panesque
3037 5308 3257 5361 azymos
3286 5294 3404 5345 oleo

1837 5399 2187 5451 conspersos,
2219 5384 2408 5453 lugaua
2448 5401 2662 5452 quoque
2693 5400 2881 5455 azyma
2921 5385 3042 5438 oleo
3075 5384 3165 5437 lita
3192 5426 3205 5449 ,
3233 5385 3299 5438 de
3330 5386 3406 5440 si-

1836 5475 1963 5528 mila
2029 5476 2238 5529 triticea
2274 5488 2472 5529 cuncta
2519 5477 2720 5540 iacies;
2755 5486 2807 5529 et
2856 5478 3030 5546 posita
3074 5477 3127 5530 in
3165 5476 3402 5532 canistro

1833 5568 2051 5621 oﬂeres.
2086 5586 2102 5617 ι
2139 5567 2203 5622 Et
2232 5579 2351 5637 post
2383 5584 2598 5638 pauca:
2633 5589 2649 5619 ι
2689 5569 2867 5622 Tolles
2902 5568 3058 5637 panis
3086 5568 3247 5623 unius
3277 5584 3403 5622 cru-

1837 5657 2032 5712 stulam
2055 5671 2408 5727 conspersam
2434 5660 2577 5727 oleo,
2610 5659 2859 5728 laganum
2887 5674 3056 5714 unum
3079 5658 3145 5715 de
3162 5660 3399 5715 canistro
