4160 6424
744 378 881 444 1219

1878 372 2197 434 JOSEPHI
2230 372 2784 435 METHONENSIS

3858 371 3992 436 me

742 504 1017 563 azymum,
1044 489 1188 559 quod
1223 488 1457 559 positum
1489 497 1572 543 est
1605 488 1658 542 in
1691 496 1984 555 conspectu
2027 484 2297 540 Domini.)

2423 490 2734 560 τεθειμένων
2793 490 2978 546 ἔναντι
3016 491 3249 563 Κυρίου.
3287 508 3307 543 ι
3372 490 3482 545 Kal
3532 488 3873 559 Θεοδώριτος
3918 492 3993 544 δέ.

744 588 823 637 Ac
855 583 1219 636 Theodoritus
1270 581 1324 634 in
1357 581 1698 649 expositione
1745 579 1798 632 in
1848 579 2165 647 prophetam
2203 579 2305 631 Da-

740 674 847 729 niel
881 675 1032 737 dicit,
1070 672 1263 728 «Panis
1300 672 1503 727 dicitur
1536 672 1912 734 fermentatus,
1937 678 1990 723 et
2019 684 2300 739 azymus.»

738 763 904 819 Vides
936 776 994 819 ut
1018 769 1329 835 et'azymus
1356 773 1586 818 vocatur
1611 763 1804 831 panis?
1828 762 2111 828 Quomodo
2146 762 2307 830 hujus

737 857 941 911 oblitus
978 871 1058 919 es,
1092 858 1230 909 bone
1252 854 1595 924 Nicephore?
1620 851 1752 907 Jure
1776 853 2117 922 Nicephorus
2150 868 2309 906 voea-

740 960 827 1005 tus
861 964 939 1011 es,
978 950 1105 1018 quia
1141 950 1194 1001 in
1233 947 1353 1002 foro
1384 950 1634 1001 sedentes
1668 946 1908 1016 plebeios
1940 947 2190 1000 homines
2226 945 2303 998 viv

737 1042 857 1095 ciSti
890 1040 989 1109 (ί),
1012 1056 1117 1093 non
1148 1041 1310 1108 quiin
1344 1040 1562 1094 excelso
1590 1040 1780 1093 sedent
1805 1049 1854 1092 et
1883 1038 2109 1092 rationis
2136 1037 2307 1105 parti-

737 1130 886 1196 cipes
908 1138 1057 1184 sunt.
1084 1130 1188 1182 Sed
1218 1130 1415 1197 aliquis
1443 1130 1677 1183 fortasse
1700 1132 1863 1192 dicet,
1891 1128 2001 1183 Imo
2027 1144 2124 1194 pro
2151 1128 2310 1183 nobis

736 1220 840 1273 hoc
860 1231 945 1275 est
977 1237 990 1271 :
1026 1235 1150 1273 nam
1184 1200 1273 1272 ubi
1307 1222 1606 1288 apponitur
1631 1219 1979 1285 adjectivum,
2007 1218 2078 1271 ibi
2109 1233 2310 1287 cogno-

737 1314 912 1368 scitur
946 1321 999 1366 et
1031 1329 1113 1367 res
1148 1328 1160 1363 :
1209 1314 1302 1366 uhi
1354 1313 1573 1381 quidem
1611 1327 1732 1366 cum
1781 1312 2053 1379 adjective
2083 1311 2307 1380 ponitur

737 1405 919 1473 panis,
956 1404 1006 1457 id
1044 1414 1126 1457 est
1155 1419 1398 1474 azymus,
1434 1412 1565 1458 tunc
1596 1412 1678 1457 est
1726 1412 1778 1456 et
1824 1403 2148 1471 intelligitur
2182 1419 2307 1473 azy-

739 1512 897 1562 ntus;
928 1497 1017 1549 ubi
1055 1512 1182 1550 vero
1218 1494 1547 1563 adjertivum
1580 1509 1683 1547 non
1716 1495 1960 1563 ponitur,
1988 1493 2043 1545 id
2074 1504 2159 1547 est
2186 1509 2309 1562 azy-

738 1602 880 1651 mus,
922 1596 1049 1642 tunc
1082 1587 1393 1641 necessario
1434 1585 1751 1654 intelligitur
1793 1583 2180 1639 fermentatus.
2211 1585 2308 1639 Hic

737 1680 902 1748 igitur
927 1678 1177 1733 Christus
1216 1694 1339 1731 cum
1372 1677 1445 1730 nil
1472 1676 1616 1730 aliud
1655 1677 2018 1730 nominaverit
2046 1677 2147 1729 nisi
2175 1676 2309 1729 sim-

739 1770 954 1840 pliciter
984 1786 1174 1839 panem
1197 1808 1212 1833 ,
1245 1778 1431 1837 aperte
1461 1768 1689 1838 protulit
1730 1783 1852 1822 esse
1891 1766 2304 1822 fermentatum.

2413 585 2472 638 ἐν
2495 588 2563 655 τῇ
2599 586 2857 654 ἐξηγήσει
2881 588 2948 656 τῇ
2983 586 3064 648 είς
3100 586 3191 638 τὸν
3220 587 3508 655 προφήτην
3537 586 3755 654 Δανιὴλ,
3796 587 3993 652 φησίν·

2417 696 2435 729 ι
2476 678 2676 744 "Apro;
2694 679 2803 746 γὰρ
2822 678 3067 745 λέγεται,
3098 679 3232 731 καὶὸ
3259 678 3493 747 ζυμίτης
3525 679 3619 730 καὶ
3644 679 3673 730 6
3699 678 3941 744 ἄζυμοτ.
3972 693 3988 725 ι

2422 770 2607 838 Ὁρᾷς.
2642 770 2761 832 πῶς
2787 771 2885 823 xal
2909 772 2936 822 6
2960 770 3165 839 ἄζυμος
3198 769 3362 840 ἄρτος
3397 770 3679 833 καλεῖταις
3711 767 3846 828 Πῶς
3873 771 3992 820 ἐπε-

2409 863 2574 916 λάθου
2597 862 2815 927 τούτου,
2872 864 3046 930 ἀγαθὲ
3088 862 3415 933 Νικηφὸρες
3466 863 3711 922 Είκότως
3754 861 3994 929 ἐκλήθης

2410 956 2731 1024 Νικηφόρος
2757 972 2771 989 ο
2816 955 2899 1007 ὅτι
2938 957 3065 1017 τοὺς
3114 955 3460 1023 καθημένους
3492 956 3585 1006 ἐπὶ
3616 955 3743 1015 τοὺς
3771 955 3994 1022 φόρους.

2413 1032 2628 1108 ἰδιώτας
2655 1045 2978 1116 ἀνθρώπους
3014 1046 3304 1114 ἐνίκησας,
3366 1048 3433 1099 οὐ
3472 1048 3586 1114 μὴν
3609 1046 3667 1098 δὲ
3702 1048 3837 1106 τοὺς
3868 1061 3995 1113 προ-

2413 1138 2763 1207 καθημένους
2793 1140 2850 1190 ἐν
2882 1138 3130 1207 ὑψηλοῖς,
3164 1138 3256 1190 καὶ
3289 1139 3418 1200 τοὺς
3460 1139 3731 1206 μετόχους
3760 1138 3864 1189 τοῦ
3900 1138 3996 1189 A6-

2411 1249 2532 1298 γον.
2572 1230 2713 1282 Ἀλλ’
2746 1232 2877 1292 ἴσως
2904 1232 3020 1296 ἐρεῖ
3049 1245 3152 1293 τις,
3184 1231 3265 1282 ὅτι
3288 1229 3429 1299 ὑπὲρ
3457 1229 3618 1297 ἡμῶν
3649 1230 3770 1280 ἐστι
3804 1232 3991 1280 τοῦτο’

2412 1324 2538 1377 ἔνθα
2568 1324 2676 1391 γὰρ
2721 1324 2928 1375 τίθεται
2961 1325 3055 1376 καὶ
3080 1324 3139 1376 τὸ
3187 1324 3460 1386 ἐπίθετον,
3497 1323 3617 1374 ἐκεῖ
3663 1322 3995 1391 γνωρίζεται

2414 1416 2507 1467 καὶ
2561 1415 2620 1467 τὸ
2661 1417 2919 1484 πρᾶγμα·
2981 1415 3113 1467 ἔνθα
3150 1414 3250 1483 μὲν
3291 1414 3499 1466 τίθεται
3534 1414 3702 1482 ἄρτος
3736 1416 3882 1480 μετὰ
3912 1409 3995 1462 τοῦ

2417 1505 2702 1571 ἐπιθέτου,
2752 1508 2873 1575 ἦτοι
2924 1504 3017 1558 τοῦ
3066 1506 3298 1573 ἄζυμος,
3347 1505 3457 1558 τότ’
3506 1506 3622 1558 ἐστὶ
3673 1505 3774 1557 καὶ
3803 1506 3997 1555 νοεῖται

2413 1600 2624 1669 ἄξυμος
2648 1615 2663 1628 °
2713 1599 2841 1652 ἔνθα
2884 1600 2940 1651 δὲ
2976 1600 3035 1651 οὐ
3068 1599 3278 1652 τίθεται
3304 1598 3365 1649 τὸ
3395 1597 3673 1658 ἐπίθετον,
3712 1598 3999 1649 τουτέστιν

2414 1688 2642 1757 ἄζυμος,
2672 1689 2782 1741 τότ’
2817 1690 3131 1757 ἀναγκαίως
3159 1692 3366 1743 νοεῖται
3394 1693 3423 1743 6
3459 1690 3718 1757 ἔνζυμοτ.
3739 1691 4002 1743 Ἐνταῦθα

2414 1781 2599 1834 τοίνυν
2636 1782 2732 1834 καὶ
2780 1781 2808 1832 6
2842 1782 3078 1852 Χριστὸς
3131 1781 3208 1852 μὴ
3259 1782 3609 1850 ἐπονομάσας
3646 1782 3782 1834 ἄλλο
3828 1784 3882 1834 εί
3938 1784 4001 1848 μὴ

737 1862 893 1916 Juste
922 1877 1052 1925 ergo
1098 1861 1243 1929 apud
1292 1860 1700 1928 Xanthopnlutn
1750 1860 2011 1929 scriptum
2048 1869 2134 1914 est
2163 1860 2305 1928 quod

2423 1874 2607 1936 ἅπλῶς
2650 1874 2839 1943 ἄρτον,
2889 1848 3377 1945 θιαρῤήδηννεῖπεν
3428 1848 3503 1937 ώς
3547 1876 3789 1942 ἐνζυμός
3838 1877 3999 1927 ἐστιν.

741 1968 933 2020 panem
958 1954 1091 2007 dicit
1119 1968 1318 2019 corpus
1354 1966 1535 2017 suum,
1572 1967 1678 2006 non
1706 1942 1887 2006 tamen
1922 1966 2198 2022 azymum.
2236 1950 2306 2005 At

738 2061 837 2100 nos
857 2044 1014 2098 facile
1033 2046 1368 2098 contrarium
1393 2043 1920 2109 demonstrabimus,
1951 2043 2002 2097 id
2028 2052 2136 2104 est,
2161 2042 2305 2111 quod

736 2151 860 2189 cum
889 2136 1043 2206 panis
1069 2135 1387 2204 simpliciter
1408 2136 1607 2189 dicitur
1630 2135 1747 2188 sine
1772 2134 2060 2203 adjectivo,
2081 2147 2307 2204 azymns

737 2243 857 2283 esse
890 2227 1162 2296 reperitur
1184 2265 1198 2288 ,
1237 2242 1333 2281 nec
1363 2226 1600 2295 cllugere
1629 2230 1831 2294 poteris
1862 2224 2268 2295 responsionem
2288 2261 2307 2292 ,

738 2336 864 2375 cum
908 2321 988 2373 sit
1038 2319 1403 2389 apertissima.
1440 2318 1564 2371 Dies
1622 2320 2038 2373 resurrectionis
2091 2316 2306 2373 Domini

741 2413 900 2466 tertia
930 2412 1045 2465 dies
1078 2421 1196 2465 erat
1226 2412 1410 2480 legalis
1433 2409 1735 2472 Paschalis,
1769 2420 1828 2464 ut
1867 2411 2197 2480 evangelista
2227 2410 2314 2463 di-

740 2504 816 2556 cit
864 2516 987 2555 cunt
1035 2500 1163 2556 .lesu
1216 2502 1576 2570 colloquens:
1615 2520 1634 2552 ι
1675 2501 1741 2553 Ει
1777 2516 1920 2555 nunc
1968 2516 2133 2569 super
2187 2500 2304 2556 huic

739 2592 949 2657 omnia,
984 2593 1139 2646 tertia
1171 2591 1291 2646 dies
1321 2603 1404 2646 est
1433 2593 1591 2646 hodie
1617 2592 1760 2662 quod
1786 2593 1903 2646 hac
1934 2591 2074 2646 facta
2111 2602 2265 2646 sunt.
2287 2611 2304 2643 ι

759 2704 777 2738 ι
818 2684 875 2739 In
908 2687 1007 2741 hac
1044 2689 1206 2755 igitur
1238 2687 1323 2740 die
1359 2687 1505 2740 ibant
1538 2688 1645 2740 duo
1676 2702 1739 2740 ex
1786 2687 2069 2755 discipulis
2108 2687 2226 2754 ejus
2257 2688 2311 2740 in

743 2779 1053 2843 castellum,
1086 2778 1229 2847 quod
1265 2778 1456 2832 aberat
1488 2780 1664 2846 spatio
1695 2778 1996 2833 stadiorum
2030 2780 2310 2845 sexaginta

742 2871 812 2924 ab
828 2868 1152 2936 Jerusalem,
1179 2870 1399 2923 nomine
1430 2871 1648 2925 Emaus.
1668 2890 1683 2921 ι
1714 2872 1775 2924 Ει
1798 2872 1960 2940 paulo
1990 2882 2111 2939 post
2137 2872 2267 2925 dicit
2292 2889 2306 2925 :

749 2968 853 3017 «Ac
884 2970 1169 3032 ccegerunt
1202 2977 1348 3026 eum,
1379 2959 1565 3016 Jesum
1596 2962 1822 3024 scilicet,
1862 2963 2132 3025 dicentes,
2154 2962 2312 3016 Mane

746 3055 1066 3119 nobiscum;
1106 3054 1363 3123 quoniam
1399 3055 1829 3122 advesperascit,
1862 3064 1917 3109 et
1947 3055 2204 3109 inclinata
2230 3064 2313 3109 est
2351 3044 2371 3063 ’

743 3146 853 3219 iam
877 3148 1014 3203 dies.
1051 3147 1251 3199 Eurum
1293 3147 1457 3214 igitur
1487 3146 1740 3215 precibus
1789 3162 1913 3201 cum
1944 3148 2268 3202 assensisset
2296 3186 2312 3212 ,

746 3240 990 3305 intravit,
1039 3248 1098 3293 nt
1133 3250 1377 3292 maneret
1413 3238 1573 3292 simul
1614 3253 1737 3290 cum
1764 3238 1864 3293 eis.
1900 3239 1963 3291 lit
1997 3237 2200 3291 factum
2234 3250 2317 3292 est

748 3331 875 3385 dum
912 3331 1256 3384 recumberet
1285 3346 1407 3383 cum
1444 3330 1546 3395 eis,
1575 3332 1782 3396 accepit
1816 3345 2029 3395 panem,
2062 3340 2111 3382 et
2151 3330 2316 3383 bene-

748 3422 906 3487 dixit,
941 3432 994 3476 et
1019 3422 1199 3491 fregit,
1228 3430 1281 3475 et
1309 3420 1634 3490 porrigebat
1665 3421 1828 3473 illis.»
1862 3418 1925 3471 Et
1955 3428 2079 3489 post
2111 3436 2316 3486 paura:

756 3512 853 3565 ιΕι
872 3520 1273 3580 cognoverunt,
1305 3513 1400 3569 ait,
1432 3511 1610 3578 ipsum
1641 3511 1690 3562 in
1726 3510 1988 3564 fractioue
2020 3512 2175 3576 panis
2208 3509 2271 3569 δε,
2295 3528 2312 3559 ι

749 3600 1033 3667 Quodnam
1063 3602 1349 3655 candidius
1382 3603 1481 3655 hoc
1514 3601 1595 3653 vel
1644 3601 1832 3669 purius
1859 3600 2117 3653 afferetur
2157 3618 2323 3666 trgu-

750 3704 993 3748 mentum
1039 3695 1104 3748 iis
1138 3694 1229 3762 qui
1261 3692 1590 3747 contendere
1639 3693 1852 3754 nolunt,
1905 3707 2000 3744 nec
2052 3677 2319 3745 scandala

752 3786 1182 3854 amplectuntur?
1203 3785 1402 3838 Panem
1428 3785 1747 3853 simpliciter
1773 3786 1859 3837 hic
1886 3784 2013 3838 dicit
2037 3785 2100 3837 Ι).
2127 3784 2323 3849 Litt-as,

751 3893 930 3947 nequc
982 3876 1405 3940 fermentatum,
1457 3893 1632 3945 neque
1689 3890 1967 3947 azytnunt.
2031 3878 2322 3942 Quodnam

750 3969 917 4038 igitur
941 3979 1057 4021 erat
1092 3968 1416 4036 cogitemus,
1456 3983 1551 4021 nec
1582 3968 1773 4021 oculos
1807 3971 1876 4019 ita
1920 3966 2184 4021 adversus
2215 3968 2325 4019 cla-

752 4064 971 4115 rissima
1022 4061 1414 4125 uccludamus;
1458 4073 1580 4111 nam
1620 4068 1677 4112 ut
1709 4060 1964 4128 cognitus
1999 4059 2066 4112 ab
2101 4058 2207 4111 illis
2242 4069 2329 4113 est.

755 4153 808 4207 in
855 4153 1124 4206 lractione
1176 4154 1352 4220 panis,
1403 4153 1483 4205 sic
1515 4160 1568 4205 et
1598 4168 1625 4203 a
1658 4152 1817 4205 nobis
1852 4152 2233 4220 dignoscctur,
2282 4153 2325 4204 si

753 4246 1056 4312 disquirere
1084 4244 1443 4303 voluerimus,
1473 4243 1600 4312 quia
1630 4258 1736 4297 non
1766 4243 1838 4296 ita
1865 4245 2085 4298 hebetes
2114 4259 2327 4308 sumus,

755 4344 816 4389 ut
845 4336 1125 4390 veritatem
1161 4349 1270 4389 non
1312 4335 1615 4390 videamus.
1653 4333 1919 4399 Quamvis
1942 4341 2087 4390 enim
2122 4334 2177 4389 in
2211 4335 2331 4403 phi-

756 4427 1107 4495 losOphorum
1150 4437 1203 4480 et
1236 4427 1517 4480 rhetorum
1547 4428 1743 4481 litteris
1765 4428 1964 4482 νει-εειιί
1996 4443 2101 4481 non
2127 4428 2322 4491 simus,

755 4528 811 4571 at
837 4528 1086 4571 naturam
1116 4516 1286 4584 ipsam
1312 4531 1408 4584 pro
1424 4519 1649 4572 doctore
1680 4519 1837 4572 nobis
1866 4519 2302 4589 eomparavimus

756 4626 877 4680 qua:
905 4611 1105 4680 optimc
1145 4609 1426 4662 veritatem
1458 4610 1781 4679 dignoscere
1827 4621 2004 4680 potest
2036 4622 2086 4665 et
2123 4611 2323 4667 falsum

757 4717 1076 4772 coarguere,
1113 4710 1167 4754 et
1196 4701 1341 4770 quod
1378 4703 1570 4755 melius
1601 4712 1684 4755 est
1716 4718 1745 4754 a
1776 4703 1957 4772 pejure
1988 4705 2326 4758 discernere.

757 4793 896 4861 Quid
921 4806 1050 4861 ergo
1066 4791 1354 4847 dicemus?
1376 4791 1790 4846 Fet-mentatum
1816 4807 1952 4848 erat.
1984 4795 2162 4849 Absit.
2189 4796 2332 4860 Quo-

760 4901 885 4939 nam
924 4882 1122 4937 modo?
1152 4882 1336 4938 Tertia
1371 4894 1491 4938 erat
1522 4885 1636 4939 dies
1666 4868 1851 4952 legalis
1888 4884 2191 4951 Paschatis,
2231 4901 2331 4942 nec

761 4983 1009 5047 poterant
1031 4974 1126 5037 qui
1161 4990 1288 5028 cum
1311 4974 1438 5029 Jesu
1462 4976 1625 5029 simul
1656 4976 1810 5029 ibunt
1836 4974 2108 5044 Cleophas
2137 4986 2189 5030 et
2216 4977 2322 5031 Lu-

759 5082 876 5131 cas,
918 5066 1021 5120 nisi
1063 5081 1311 5136 azyntum
1356 5064 1499 5120 ferre
1537 5065 1606 5135 ab
1636 5068 1769 5121 urbe
1804 5064 2105 5122 Jerusalem
2143 5067 2329 5138 profe-

761 5158 857 5215 cti.
893 5176 912 5210 ι
950 5155 1170 5228 Septem
1202 5155 1419 5220 diebus,
1450 5156 1624 5226 inquit
1650 5156 1756 5219 lex,
1782 5171 1971 5226 azyma
2005 5158 2326 5221 comedetis,

760 5257 815 5303 et
854 5262 1200 5317 nequaquam
1253 5245 1597 5302 fermentata.
1646 5266 1666 5298 ι
1705 5247 1841 5301 Nam
1882 5248 2102 5311 subdit,
2144 5265 2164 5298 ι
2198 5247 2333 5313 Qni-

761 5354 999 5408 cntnque
1028 5338 1323 5392 comederit
1353 5338 1984 5408 fermentatum,peribit
2017 5339 2197 5393 anima
2232 5342 2325 5394 illa

761 5446 826 5486 ex
858 5429 1042 5485 Israel.
1085 5448 1102 5480 ι
1137 5428 1192 5483 Si
1228 5443 1357 5498 ergo
1400 5429 1513 5482 haec
1550 5442 1847 5484 vera'sunt
1871 5472 1885 5493 ,
1917 5446 2025 5498 quo
2058 5445 2219 5501 pacto
2256 5432 2328 5487 ibi

763 5522 939 5591 potuit
966 5519 1291 5575 fermentum
1322 5519 1569 5588 reperiri,
1601 5521 1715 5588 lege
1750 5531 1964 5575 vetante
1990 5522 2042 5573 id
2073 5523 2264 5576 confici
2299 5538 2330 5577 a

763 5612 1170 5683 quartadecima
1230 5611 1318 5665 die
1381 5626 1555 5681 usque
1608 5613 1675 5665 ad
1728 5612 2040 5667 vicesimam
2101 5614 2331 5668 urimam

870 5748 915 5779 “
961 5747 1094 5803 Luc.
1126 5762 1280 5813 utv,
1305 5745 1370 5800 2i
1412 5763 1573 5818 seqq.

838 5861 916 5935 (Ι)
937 5861 1304 5934 Nicephorus,
1332 5879 1492 5926 quasi
1519 5865 1724 5922 vincens
1754 5863 1951 5931 forum.

2425 1966 2639 2022 Οὐκοῦν
2668 1967 2853 2030 καλῶς
2881 1969 3099 2037 εἴρηται
3129 1969 3281 2034 παρὰ
3306 1967 3380 2037 τῷ
3407 1966 3790 2035 Ξανθοπούλῳ,
3810 1966 3897 2018 ὅτι
3920 1966 4003 2029 ἄρ-

2422 2078 2515 2114 τον
2564 2060 2715 2129 λέγει
2746 2060 2806 2112 τὸ
2856 2059 3019 2130 σῶμα
3058 2061 3245 2125 αὐτοῦ,
3304 2061 3364 2112 οὐ
3404 2059 3510 2130 μὴν
3563 2060 3802 2127 ἄζυμον.
3874 2058 4003 2111 Ἀλλ’

2422 2158 2586 2226 ἡμεῖς
2618 2155 2867 2223 δείξομεν
2910 2154 3111 2225 ῥᾳδίως
3143 2153 3206 2205 τὸ
3241 2152 3484 2205 ἐναντίον
3506 2168 3522 2181 ο
3550 2151 3645 2215 τώς
3676 2152 3812 2203 ὅταν
3845 2150 4001 2217 λέγη-

2421 2269 2512 2305 ται
2544 2251 2640 2302 καὶ
2673 2248 2858 2309 ἁπλῶς
2892 2247 3058 2317 ἄρτος
3089 2245 3259 2314 χωρὶς
3296 2244 3392 2298 τοῦ
3437 2244 3718 2306 ἐπιθέτου,
3750 2245 4007 2312 εὑρίσκεο

2422 2364 2514 2398 ται
2547 2346 2755 2416 ἄζυμος
2784 2340 2946 2405 εἶναι,
2998 2345 3094 2397 καὶ
3124 2343 3185 2395 οὐ
3214 2342 3420 2412 δυνήσῃ
3453 2344 3651 2409 φυγεῖν
3677 2340 3781 2409 τὴν
3813 2340 4008 2393 ἀπολο-

2425 2440 2576 2507 γίαν,
2595 2436 2989 2508 φανερωτάτην
3014 2435 3208 2489 οὖσαν.
3233 2434 3299 2487 ’Π
3326 2435 3510 2503 ἡμέρα
3534 2436 3635 2502 τῆς
3651 2432 4010 2492 ἀναστάσεως

2423 2528 2520 2584 τοῦ
2554 2530 2782 2598 Κυρίου,
2820 2523 2890 2598 ἦν
2929 2528 3089 2595 τρίτη
3139 2525 3327 2593 ἡμέρα
3366 2523 3459 2575 τοῦ
3502 2524 3694 2590 Πάσχα
3729 2520 3827 2574 τοῦ
3863 2538 4010 2588 νομι-

2425 2621 2549 2684 κοῢ,
2582 2620 2656 2681 ὣς
2690 2636 2853 2688 φησιν
2900 2618 2927 2669 6
2972 2614 3390 2684 εὐαγγελιστὴς,
3438 2612 3827 2681 διαλεγόμενος
3884 2611 4011 2680 μετὰ

2427 2712 2522 2765 τοῦ
2564 2711 2761 2779 Ἰησοῦ,
2793 2710 2874 2776 τὸ,
2910 2728 2929 2760 ι
2979 2709 3140 2761 Ἀλλὰ
3170 2724 3235 2775 γε
3265 2708 3363 2760 σὺν
3394 2708 3526 2758 πᾶσι
3550 2706 3785 2769 τούτου,
3818 2705 4012 2772 τρίτην

2428 2805 2633 2864 ταύτην
2651 2805 2861 2873 ἡμέραν
2884 2803 3010 2870 ἄγει
3034 2802 3297 2870 σήμερον,
3320 2801 3414 2868 ἀφ’
3437 2795 3497 2851 οὗ
3520 2798 3695 2850 ταῦτα
3726 2798 3972 2863 ἐγένετ.
3990 2816 4006 2845 ι

2439 2896 2530 2949 Ἐν
2561 2895 2698 2966 αὐτῇ
2742 2892 2834 2950 οὖν
2866 2898 2932 2965 τῇ
2985 2895 3166 2963 ἡμέρα
3214 2889 3355 2963 ἦσαν
3402 2892 3770 2957 πορευόμενοι
3826 2889 3928 2939 δύο
3956 2890 4011 2940 ἐκ

2426 2988 2539 3040 τῶν
2576 2987 2834 3056 μαθητῶν
2867 2986 3057 3051 αὐτοῦ,
3090 2988 3173 3048 είς
3200 2986 3393 3054 κώμην
3416 2986 3738 3051 ἀπέχουσαν
3765 2982 4013 3038 σταδίους

2429 3081 2694 3147 ἐξήκοντα
2724 3078 2829 3131 ἀπο
2860 3079 3239 3147 Ἰερουσαλὴμ,
3311 3078 3483 3144 ὖνοςια
3512 3074 3824 3143 Ἐμμαούς.
3866 3093 3885 3125 ι
3912 3074 4015 3124 Kal

2434 3173 2571 3239 μετὰ
2614 3174 2812 3241 μικρόν
2846 3190 2982 3241 φησι
3011 3186 3024 3200 ·
3070 3190 3087 3221 ι
3133 3172 3244 3223 Kal
3278 3168 3691 3235 παρεϐιάσαντο
3718 3167 3909 3227 αὐτὸν,
3931 3165 4015 3230 δη·

2424 3266 2599 3317 λδννῖτι
2628 3265 2719 3316 τὸν
2766 3266 2995 3335 Ἰησοῦν,
3028 3264 3304 3328 λέγοντες,
3344 3264 3537 3315 Μεῖνον
3568 3259 3691 3326 μεθ’
3726 3260 4013 3327 ἦμῶννδτι

2424 3360 2563 3416 stuic
2601 3357 2845 3426 ἑσπέραν
2885 3358 3020 3417 ἐστὶ,
3059 3358 3154 3409 καὶ
3186 3356 3438 3409 κέκλικεν
3473 3356 3505 3423 ἡ
3538 3345 4013 3421 ἡμέρα.Ἑπινεῦ-

2431 3466 2528 3508 σας
2565 3448 2659 3501 οὖν
2706 3452 2771 3518 τῇ
2810 3449 3026 3516 αἰτήσει
3060 3447 3259 3508 αὐτῶν,
3295 3445 3512 3512 εἰσῆλθε
3559 3442 3659 3496 τοῦ
3701 3446 3889 3510 μεῖναι
3924 3440 4013 3492 σὺν

2423 3543 2628 3594 αὐτοῖς.
2664 3542 2774 3593 Kal
2809 3542 3027 3607 ἐγένετο
3057 3541 3115 3590 ἐν
3146 3540 3225 3607 τῷ
3256 3536 3658 3603 κατακλιθῆναι
3695 3534 3870 3587 αὐτὸν
3905 3548 4014 3599 μετ’

2425 3635 2625 3695 αὐτῶν,
2662 3634 2844 3685 λαϐὼν
2870 3636 2960 3685 τὸν
2992 3633 3157 3698 ἄρτον
3189 3634 3454 3697 εὐλόγησε
3480 3647 3495 3661 ο
3529 3632 3622 3679 κτὰ
3652 3629 3871 3684 κλάσας
3900 3628 4017 3676 ἐπε.

2425 3726 2568 3778 δίδου
2618 3726 2823 3785 αὐτοῖς.
2868 3744 2886 3774 ι
2924 3725 3034 3777 Καὶ
3074 3725 3192 3790 μετ’
3226 3723 3405 3787 ὀλίγα,
3443 3740 3459 3769 ι
3490 3722 3597 3773 Καὶ
3634 3720 3712 3780 ὡς
3749 3716 4015 3782 ἐγνώσθη,

2428 3817 2619 3883 φησιν,
2658 3817 2842 3877 αὐτοῖς
2878 3817 2934 3866 ἐν
2966 3818 3029 3882 τῇ
3065 3814 3258 3866 κλάσει
3305 3814 3398 3864 τοῦ
3432 3814 3623 3879 ἄρτον.
3670 3829 3689 3861 ι
3732 3811 3939 3861 Τούτου
3969 3806 4017 3858 τί

2431 3908 2497 3960 ἂν
2535 3916 2747 3970 γένδττο
2795 3907 3118 3973 λευκότειςθν
3175 3906 3206 3974 ἣ
3261 3904 3653 3972 καθαρώτερον
3704 3903 4012 3966 γνώρισμα,

2428 4003 2541 4062 τοῖς
2574 4001 2647 4068 μὴ
2677 4000 3008 4067 φιλονεικεῖν
3050 4000 3313 4062 ἐθέλουσι,
3359 3999 3455 4049 καὶ
3497 3998 3612 4057 τοῖς
3645 3996 3712 4047 τὰ
3746 3993 4011 4047 sativis):

2433 4092 2507 4160 μὴ
2545 4092 2835 4158 ἀγαπῶσιν
2866 4106 2879 4156 ;
2924 4090 3138 4152 Ἀπλῶς
3170 4089 3336 4158 ἄρτον
3374 4088 3523 4155 λέγει
3555 4086 3804 4139 ἐνταῦθα
3834 4088 3864 4137 6
3888 4085 4015 4143 θεῖος

2430 4184 2647 4246 Λουκᾶς
2674 4200 2687 4213 ο
2724 4184 2817 4236 καὶ
2860 4181 2984 4236 οὔτε
3032 4181 3270 4249 ἒνζυμον
3316 4179 3489 4246 λέγει,
3524 4178 3642 4232 οὔτ’
3680 4180 3919 4248 ἄζυμον.
3955 4178 4016 4230 τί

2430 4278 2540 4345 ἄρα
2569 4273 2659 4349 ἦν,
2712 4277 3083 4345 ἐννοήσωμεν,
3118 4276 3212 4329 καὶ
3251 4277 3327 4343 μὴ
3358 4274 3485 4337 τοὺς
3525 4273 3862 4343 ὀφθαλμοὺς
3890 4292 4016 4341 καμ-

2434 4368 2694 4438 μύσωμεν
2716 4367 2859 4421 οὕτω
2879 4368 3015 4436 πρδς
3040 4369 3108 4420 τὰ
3132 4368 3408 4434 φανῦτατα
3434 4385 3446 4396 ”
3478 4367 3575 4421 καὶ
3600 4366 3716 4437 γὰρ
3751 4367 3835 4428 ὥς
3864 4366 4016 4432 ἐγνὼο

2434 4458 2536 4526 σθη
2571 4459 2758 4519 αὐτοῖς
2793 4459 2850 4509 ἐν
2875 4458 2940 4524 τῇ
2981 4455 3171 4509 κλάσει
3203 4453 3299 4507 τοῦ
3349 4455 3540 4523 ἄρτου,
3577 4453 3729 4506 οὕτω
3767 4456 3874 4509 καὶ
3901 4454 4015 4523 ἡμῖν

2308 4561 2323 4586 ν
2365 4555 2408 4611 ι)
2436 4547 2834 4616 γνωσθήσεται,
2868 4547 2917 4597 εἰ
2957 4545 3264 4615 θελήσομεν
3293 4544 3552 4608 ἐξετάσαι
3575 4561 3589 4574 θ
3622 4544 3687 4594 οὐ
3719 4545 3839 4613 γάρ
3870 4549 4017 4609 ἐσμεν

2435 4638 2690 4691 τοσοῦτον
2724 4636 3012 4700 ἀσύνετί,
3047 4638 3189 4690 ὥστε
3222 4638 3295 4704 μὴ
3343 4636 3472 4687 ἰδεῖν
3502 4636 3602 4704 τὴν
3633 4636 3931 4705 ἀλήθειαν.
3962 4635 4013 4686 Εἰ

2437 4727 2544 4796 γὰρ
2581 4727 2676 4779 καὶ¹
2724 4726 2803 4794 μὴ
2849 4724 3221 4793 φιλοσόφοιςῆ
3255 4725 3514 4793 ῥήτορσιν
3560 4725 4015 4793 ἐνετρυφήσαμεν

2435 4815 2636 4885 λόγοις,
2671 4815 2814 4870 ἀλλὰ
2849 4816 2949 4886 τὴν
2986 4815 3153 4884 φύσιν
3183 4816 3353 4884 αὐτὴν
3383 4813 3709 4868 διδάσκαλον
3757 4814 4014 4879 ἐπλουτή-

2440 4923 2657 4977 σαμενο
2710 4907 2794 4960 ὅτι
2833 4907 3069 4975 μάλιστα
3122 4906 3356 4972 ξυνιδεῖν
3407 4905 3644 4972 τάληθὲς
3691 4906 4010 4975 δυναμένην.

2438 4999 2535 5053 καὶ
2566 4998 2845 5067 διελέγξαι
2879 4998 2941 5051 τὸ
2983 4998 3202 5066 ψεῦδος,
3236 4999 3331 5052 καὶ
3360 4998 3641 5067 διακρῖναι
3680 4998 3740 5051 τὺ
3773 5002 4009 5064 κρεῖττον

2436 5091 2548 5146 ἀπὸ
2591 5091 2686 5145 τοῦ
2738 5091 3007 5161 χείρονος.
3056 5089 3124 5143 Τί
3166 5086 3260 5143 οὖν
3295 5089 3571 5160 ἐροῦμενς
3605 5089 3896 5159 Ἐνζυμον
3936 5087 4009 5159 ἦν,

2437 5185 2642 5251 ἄπαγε.
2689 5183 2813 5245 Πῶς
2848 5183 2996 5251 γάρ;
3033 5182 3203 5251 Τρίτη
3238 5178 3306 5250 ἦν
3327 5182 3510 5251 ἡμέρα
3531 5180 3623 5234 τοῦ
3658 5181 3898 5249 νομικοῦ
3923 5182 4011 5234 [ίὲο

2444 5290 2572 5341 σχα,
2604 5273 2702 5325 xal
2731 5273 2833 5325 οὐκ
2861 5272 3147 5341 ἠδύναντο·
3174 5273 3224 5323 oi
3264 5271 3910 5339 συμπαραπορευόμενοι
3949 5267 4011 5331 τῷ

2450 5364 2653 5435 Ἰησοῦ,
2683 5363 2957 5426 Κλεώπας
2987 5379 3045 5415 τε
3098 5364 3193 5415 καὶ
3234 5363 3471 5423 Λουκᾶς,
3508 5360 3833 5429 βαστάζειν,
3867 5362 3919 5411 ει
3950 5358 4009 5425 μὴ

2438 5457 2667 5526 ἄζυμον,
2686 5453 3099 5526 ἐρχόμενοι-ἀπὺ
3125 5453 3489 5524 Ἰερουσαλήμ
3509 5491 3523 5507 .
3553 5470 3572 5500 ι
3592 5450 3773 5503 Ἑπτᾶ
3789 5452 4008 5519 ἡμέρας,

2441 5550 2607 5617 φησιν
2632 5551 2660 5602 6
2679 5548 2864 5616 νόμος,
2895 5546 3077 5599 ἒδεσθε
3106 5544 3316 5612 ἄζυμα,
3340 5544 3435 5596 καὶ
3458 5543 3725 5612 μηδαμῶς
3748 5541 4003 5609 ἔνζυμα.»

2441 5640 2551 5694 Καὶ
2574 5639 2681 5710 γὰρ
2706 5638 2909 5705 ἐπάγει
2936 5652 2949 5666 ⁸
2975 5654 2997 5689 ι
3026 5637 3122 5699 Ὃς
3148 5634 3215 5687 ἂν
3242 5633 3392 5706 φάγῃ
3411 5632 3679 5703 ζυμωτδν,
3710 5629 4009 5698 ἐξολεθρευ-
