4160 6424
169 372 277 435 1221

642 369 792 429 PRO
829 367 1038 429 CONC.
1080 365 1452 429 FLORENT.
1486 364 1652 427 CAP.
1699 365 1717 423 l

1824 364 1919 424 DE
1961 354 2217 422 ᾹΖΥΜΟ
2241 355 2335 418 ΕΤ
2378 358 2913 421 FERMENTATO.

3240 361 3376 433 1292

157 482 358 541 θήσεται
378 477 567 549 ἡψυχὴ
594 479 774 547 ἐκείνη
794 480 858 530 ἐκ
892 477 1212 544 συναγωγῆς
1230 475 1364 527 υίῶν
1404 476 1647 543 Ἰσραήλ.
1682 493 1701 526 ι

1824 471 2051 524 nensis?
2081 471 2266 536 Itaque
2297 480 2415 522 eral
2449 484 2693 540 azymus.
2727 470 2783 525 Si
2811 470 2957 524 enim
2997 470 3375 536 fermentatus,

156 571 211 623 Εί
242 565 327 623 οὖν
374 569 525 622 ταῦτ’
576 569 775 638 ἀληθῆ,
813 570 929 631 πῶς
980 567 1213 634 ὠφειλεν
1245 568 1361 618 ἐκεῖ
1413 565 1702 634 εὑρεθῆναι

153 662 391 728 ἔνζυμον,
428 659 521 712 τοῦ
553 660 719 729 νόμου
755 658 1089 720 κελεύοντος,
1120 660 1241 728 μηδ’
1272 659 1412 721 ὃλως
1447 659 1699 729 εὑρίσκε-

153 750 263 800 σθαι
302 748 407 801 ἀπὸ
439 749 540 816 τῆς
567 750 1195 819 τεσσαρεσκαιδεκάτης,
1225 750 1328 811 ἕως
1360 750 1461 816 τῆς
1486 751 1702 813 εἰκάδος

151 839 237 890 καὶ
268 843 412 905 μιᾶς.
442 838 532 891 τοῦ
574 841 741 910 μηνός
770 856 785 908 ;
826 842 986 893 Ὥστε
1015 840 1220 910 ἄζυμος
1262 838 1350 910 ἦν.
1386 841 1443 893 Ei
1474 842 1574 909 μὲν
1607 843 1712 911 γὰρ

150 930 388 997 ἒνζυμος,
428 932 671 983 κάκεῖνοι
706 933 1039 1001 παρανόμως
1070 934 1333 1003 ἐποίησαν
1366 934 1709 1002 προσφέρον-

150 1039 230 1081 τες
254 1022 483 1090 ἕνςυμον
519 1026 585 1093 τῇ
617 1025 728 1075 τῶν
776 1024 1026 1091 Ἀζύμων
1050 1025 1233 1092 ἡμέρᾳ
1254 1040 1268 1052 ’
1297 1024 1389 1075 καὶ
1420 1026 1447 1077 6
1475 1024 1709 1093 Χριστὸς

150 1113 469 1181 παραόάτης
509 1115 804 1177 ἐδείκνυτο,
845 1116 1050 1176 κλάσας
1079 1115 1333 1183 ἒνζυμον,
1374 1116 1463 1167 καὶ
1492 1115 1708 1176 ἐπιδοὺς

148 1204 352 1267 αὐτοῖς·
376 1208 425 1257 εί
453 1206 498 1258 δ’
520 1206 748 1276 ἄζυμος,
768 1206 957 1278 ὥσπερ
991 1210 1084 1260 καὶ
1109 1204 1197 1276 ἦν,
1230 1208 1405 1277 μάτην
1427 1208 1708 1274 ἐγκαλεῖτε

148 1296 275 1363 ἡμῖν
306 1295 491 1349 λοιπόν
517 1316 531 1329 ’
562 1300 657 1351 καὶ
680 1299 789 1366 γὰρ
820 1299 1112 1367 πληρωτὴς
1138 1300 1231 1351 τοῦ
1257 1299 1421 1367 νόμου
1451 1300 1711 1369 ὑπάρχων

143 1386 171 1436 ὁ
202 1387 451 1454 Χριστὸς,
482 1389 582 1439 οὐκ
619 1391 684 1441 ἂν
723 1389 953 1442 ἔκλασεν
984 1391 1170 1453 αὐτὸν,
1201 1393 1250 1444 εἰ
1283 1391 1404 1462 ᾔδει
1439 1392 1521 1444 ὃτι
1555 1390 1710 1454 ἑνζυ-

147 1495 244 1547 μος
273 1474 341 1549 ἦν
359 1494 372 1509 ·
409 1483 532 1533 ἐπεὶ
558 1482 615 1531 ἐν
644 1483 764 1542 ταῖς
791 1484 905 1551 ἀπη
923 1486 1277 1551 γορευμέναις
1304 1485 1536 1553 ἡμέραις
1562 1484 1712 1552 παρᾶ

142 1570 237 1623 τοῦ
272 1572 434 1639 νόμου
480 1573 657 1625 ἐποίει
704 1572 883 1626 τοῦτο.
930 1575 1192 1627 Κάκεῖνοι
1251 1575 1306 1626 δὲ
1331 1578 1401 1629 τὰ
1448 1574 1712 1629 Ἰουδαϊκὰ

1810 562 1845 613 ii
1880 562 2046 629 legem
2082 561 2375 615 violassent
2408 565 2791 614 fermentatum
2825 562 2877 614 in
2927 560 3015 614 die
3050 562 3372 632 Azymorum

1809 652 2105 717 offerendo,
2155 663 2207 707 et
2254 654 2512 708 Christus
2557 662 2931 722 transgressor
2984 656 3278 721 evaderet,
3330 658 3378 712 si

1815 745 2201 798 fermentatum
2252 745 2501 815 fregisset
2544 759 2609 798 ac
2660 745 2994 798 tradidisset.
3049 744 3105 799 Si
3152 761 3379 814 azytnus

1817 841 1900 905 (ut
1933 838 2093 906 crat),
2138 847 2340 890 temere
2373 842 2590 889 tandem
2628 852 2726 887 nos
2756 836 3020 891 incusatis
3054 852 3072 889 :
3103 852 3226 890 nam
3254 852 3377 891 cum

1816 940 2004 985 auctor
2042 929 2175 997 legis
2208 929 2568 997 adimplenda
2597 927 2850 982 Christus
2892 939 3062 993 esset,
3096 943 3234 984 eum
3271 945 3378 983 non

1816 1022 2082 1092 fregisset,
2105 1023 2149 1074 si
2170 1022 2548 1075 fermentatum
2573 1035 2693 1074 esse
2717 1020 2931 1082 scisset,
2961 1035 3084 1072 nam
3112 1022 3166 1073 in
3187 1021 3381 1074 diebus

1816 1130 1843 1167 a
1877 1114 1991 1183 lege
2020 1114 2198 1166 vetitis
2228 1114 2278 1166 id
2313 1113 2579 1166 cﬂ'ecissct
2607 1132 2621 1180 ;
2656 1115 2690 1167 ii
2721 1129 2846 1168 vero
2880 1114 3023 1166 sicut
3046 1111 3218 1166 Judaei
3252 1129 3377 1169 sen-

1814 1206 2043 1269 tiebant,
2075 1212 2128 1258 et
2154 1205 2351 1273 legem,
2389 1214 2446 1257 ut
2486 1205 2789 1273 oportebat,
2834 1204 3144 1270 servabant,
3178 1220 3285 1260 non
3317 1220 3382 1259 eo

1816 1311 2058 1368 tempore
2082 1307 2313 1362 tantum,
2347 1298 2440 1351 sed
2464 1308 2515 1350 ct
2551 1308 2671 1367 post
2699 1299 3161 1354 resurrectionem
3194 1307 3249 1352 et
3283 1299 3383 1352 Do-

1815 1392 1946 1445 mini
1971 1390 2427 1459 assumptionetn.
2454 1389 2596 1458 Ergo
2622 1405 2683 1443 ex
2717 1390 2797 1443 his
2824 1392 3076 1444 omnibus
3104 1391 3379 1459 sequitur,

1815 1497 2061 1552 azymum
2099 1482 2400 1544 exstitisse,
2435 1482 2528 1550 qui
2565 1495 2594 1533 a
2629 1479 2758 1534 Jcsu
2794 1480 3000 1535 fractus
3020 1481 3232 1535 duobus
3294 1480 3380 1533 di-

1824 1573 2049 1641 scipulis
2087 1573 2319 1626 traditus
2351 1581 2453 1625 est.

143 1666 224 1719 ἔτι
276 1667 555 1755 ἐφρόνουν,
592 1668 823 1721 καὶτὸν
854 1667 1042 1736 νόμον,
1077 1669 1152 1731 ὡς
1207 1669 1313 1722 εδει
1369 1672 1620 1740 ἐτήρουν,
1653 1670 1712 1723 οὐ
1743 1672 1901 1740 μόνον
1929 1670 2074 1733 τότε,
2107 1670 2240 1722 ἀλλᾶ
2287 1669 2382 1721 καὶ
2416 1670 2555 1738 μετὰ
2589 1669 2688 1738 τὴν
2739 1654 3091 1735 ἀνάστασιν,
3126 1670 3225 1723 καλ⁸
3285 1670 3387 1739 τὴν

141 1762 233 1814 τοῦ
285 1762 487 1829 Κυρίου
523 1762 812 1833 ἀνάληψιν.
858 1763 1069 1817 Οὐκοῦν
1121 1765 1316 1817 ἕπεται
1363 1767 1450 1821 διὰ
1504 1766 1709 1821 τούτων
1743 1767 1998 1822 ἁπάντων
2046 1765 2255 1836 ἄζυμον
2288 1764 2428 1821 εἶναι
2506 1766 2598 1820 τὸν
2642 1766 2793 1837 παρὰ
2860 1766 2954 1820 τοῦ
3033 1768 3208 1838 Ἰησοῦ
3251 1770 3384 1821 κλα-

144 1857 342 1910 σθέντα
367 1857 458 1910 καὶ
481 1856 702 1910 δοθέντα
739 1860 853 1921 τοῖς
891 1859 1014 1911 δυσὶ
1051 1859 1348 1930 μαθηταῖς.

886 1960 970 2014 H'.

216 2049 279 2102 Ei
310 2048 365 2101 δέ
392 2065 475 2113 τις
522 2050 767 2119 ἀνοήτως
806 2049 1089 2104 καὶτοῦτο
1134 2052 1287 2123 εῐπῃ,
1340 2053 1422 2105 ὅτι
1472 2052 1575 2118 ἔξω
1611 2052 1711 2121 τῆς

148 2139 517 2211 Ἰερουσαλὴμ
571 2136 734 2208 ἦσαν,
790 2140 885 2192 καὶ
948 2140 1214 2210 ἠδύναντο
1248 2142 1480 2212 ἐνζυμον
1519 2144 1714 2209 φαγεῖν

141 2236 336 2303 ἄρτον,
372 2233 733 2303 ἐνθυμηθήτω
760 2232 843 2286 δτι
869 2234 895 2285 6
924 2236 1084 2302 νόμος
1116 2235 1305 2302 φησιν,
1341 2250 1362 2284 ι
1382 2233 1474 2286 Ἐν
1513 2235 1715 2296 πάσαις

140 2329 269 2389 ταῖς
300 2324 563 2395 γειώραις
594 2326 687 2377 καὶ
723 2324 1011 2394 αὐτόχθοσι
1037 2324 1134 2391 τῆς
1166 2325 1266 2393 γῆς
1292 2340 1308 2356 ’
1342 2324 1437 2378 καὶ
1465 2324 1521 2375 ἐν
1552 2324 1715 2377 παντὶ

139 2418 560 2487 κατοικητηρίῳ
590 2417 766 2484 ὑμῶν,
798 2416 978 2469 ἐδεσθε
1010 2417 1196 2483 ἄζυμα
1226 2416 1320 2469 καὶ
1344 2416 1402 2469 οὐ
1430 2416 1676 2483 ζυμωτόν
1696 2431 1710 2447 ο

136 2514 201 2575 ὃς
216 2511 347 2565 δ’ἂν
372 2512 545 2582 φάγῃ.
573 2510 1090 2579 ἐξολοθρευθήσεται
1110 2508 1169 2572 ἐξ
1205 2509 1422 2579 Ἰσραήλ
1449 2525 1496 2558 ο»
1528 2507 1716 2576 ὥσπερ

136 2606 255 2674 γὰρ
286 2605 346 2657 ἐν
377 2603 452 2672 τῷ
477 2604 677 2671 δείπνῳ
705 2603 762 2653 ἐν
792 2604 859 2671 τῇ
887 2602 1096 2671 ἑσπέρα
1135 2601 1228 2654 τοῦ
1262 2600 1585 2669 μυστηρίου,
1621 2599 1717 2650 λα-

139 2697 258 2750 ϐὼν
288 2696 379 2748 τὸν
413 2696 620 2763 ἄζυμον
648 2696 856 2747 ἐκεῖνον
885 2694 1069 2762 ἄρτον,
1101 2694 1195 2746 καὶ
1238 2694 1445 2755 κλάσας
1474 2693 1714 2745 ἐπεδίδου

136 2788 265 2848 τοῖς
319 2786 607 2854 μαθηταῖς,
663 2782 857 2847 εἰπὼν,
898 2800 917 2833 ι
970 2782 1202 2843 Λάϐετε,
1251 2783 1475 2849 φάγετε,
1521 2798 1539 2831 ι
1576 2779 1719 2832 οὓτω

138 2878 432 2931 κάνταῦθα
487 2878 711 2948 ἔπραξε.
748 2876 850 2929 Διά
898 2875 1064 2927 τοῦτο
1111 2876 1206 2927 καὶ
1244 2874 1487 2940 ἔγνωσαν
1531 2872 1717 2934 αὐτὸν,

139 2970 496 3040 μεμνημένοι
532 2970 625 3021 τοῦ
658 2969 779 3021 τότε
812 2968 1149 3037 πραχθέντος
1174 2983 1187 2997 ·
1220 2967 1422 3019 ὡσανεὶ
1454 2965 1723 3034 μελετῶν-

134 3079 239 3124 τες
280 3062 489 3131 ἠρέμα,
536 3060 595 3111 '0
628 3059 947 3122 διδάσκαλός
999 3061 1167 3129 ἔστιν,
1207 3060 1233 3109 6
1284 3057 1379 3110 καὶ
1408 3060 1472 3125 τῇ
1518 3056 1721 3123 προλαο

135 3150 327 3220 δούσῃ
356 3151 446 3202 τὸν
464 3149 629 3218 ἄρτον
651 3148 853 3210 κλάσας
877 3148 1327 3216 τοιουτοτρόπως,
1356 3147 1452 3199 καὶ
1475 3145 1722 3208 δεδωκὼς

132 3248 261 3306 τοῖς
290 3244 558 3311 ἀδελφοῖς.
596 3241 918 3307 Βυυλόμενοι
949 3241 1004 3293 δὲ
1044 3240 1285 3308 ἅψασθαι
1319 3239 1503 3303 αὑτοῦ,
1555 3239 1723 3305 ἄφαν-

1738 1963 1786 2022 Β

2478 1958 2618 2014 VIII.

1887 2052 1943 2106 Si
1977 2066 2102 2107 vero
2131 2050 2324 2105 stolide
2348 2050 2471 2119 quis
2502 2049 2743 2114 dixerit,
2778 2064 2872 2105 eos
2900 2059 3053 2105 extra
3079 2050 3379 2106 Jerusalem

1824 2145 2017 2209 fuisse,
2058 2152 2110 2198 et
2149 2144 2220 2196 ita
2274 2142 2657 2196 fermentatum
2696 2144 2979 2197 comedere
3036 2159 3226 2211 panem
3284 2159 3385 2213 po-

1824 2238 2018 2300 tuisse,
2046 2243 2259 2303 reputet
2292 2235 2433 2303 quod
2465 2235 2548 2288 lex
2586 2234 2715 2287 dicit
2748 2250 2759 2286 :
2800 2252 2817 2285 ‹
2857 2234 2913 2287 In
2941 2234 3197 2290 omnibus
3222 2236 3383 2288 adve-

1819 2332 1905 2385 nis
1932 2338 1984 2385 et
2005 2328 2276 2398 indigenis
2310 2338 2486 2387 terrae.
2514 2336 2566 2381 et
2602 2327 2653 2381 in
2688 2328 2835 2381 otnni
2858 2327 3171 2381 habitaculo
3204 2336 3385 2383 vestro

1818 2424 2112 2479 comedetis
2170 2436 2381 2491 azyma,
2461 2435 2566 2473 non
2622 2420 3025 2475 fermentatum.
3072 2420 3392 2488 Quicunque

1818 2516 2141 2577 comederit,
2178 2514 2375 2584 peribit
2406 2529 2471 2566 ex
2494 2512 2682 2568 Israel.
2732 2530 2749 2562 ι
2789 2511 2920 2566 Nam
2949 2514 3113 2567 veluti
3149 2514 3199 2566 in
3231 2528 3388 2567 etena

1819 2608 2029 2675 vesperi
2070 2605 2317 2673 mysterii
2378 2614 2620 2671 tempore
2682 2619 2871 2673 azymo
2906 2615 3123 2671 sumpto
3157 2618 3292 2671 pane
3340 2615 3392 2658 et

1822 2703 1994 2753 fracto
2027 2698 2329 2759 discubuit,
2360 2696 2644 2764 discipulis
2674 2696 2882 2757 dicens,
2923 2715 2940 2747 ι
2987 2696 3249 2764 Accipite,
3295 2710 3389 2749 co-

1821 2792 2041 2855 medite,
2076 2809 2094 2841 ι
2128 2792 2207 2843 sic
2258 2800 2309 2843 et
2353 2789 2458 2841 hoc
2512 2789 2632 2840 loco
2674 2788 2819 2841 fecit.
2856 2788 3061 2841 Idcirco
3114 2802 3387 2856 cognove.

1822 2893 1946 2937 runt
1970 2896 2116 2946 eum,
2144 2883 2194 2933 in
2240 2880 2552 2933 memoriam
2591 2882 2895 2933 revocando
2928 2895 3046 2947 qua:
3098 2890 3210 2932 tum
3243 2890 3393 2946 gesta

1825 2985 1971 3040 sunt,
2008 2974 2163 3042 quasi
2195 2974 2354 3024 tacite
2404 2986 2586 3024 secum
2624 2970 2970 3034 meditantes,
3006 2971 3102 3024 llic
3137 2972 3395 3039 magister

1822 3077 1907 3119 est
1933 3067 2024 3135 qui
2054 3066 2137 3116 die
2169 3064 2438 3133 superiori
2475 3078 2666 3131 panem
2702 3064 2882 3133 fregit,
2917 3065 3107 3117 eodem
3146 3065 3308 3117 modo
3338 3072 3393 3117 ct

1829 3157 2089 3210 fratribus
2121 3155 2361 3218 tradidit,
2402 3164 2453 3206 et
2508 3168 2629 3207 cum
2665 3155 2967 3208 voluissent
3001 3172 3125 3208 eum
3177 3166 3397 3223 tangere

1827 3249 2067 3302 evanuit.
2133 3247 2235 3299 Sed
2288 3247 2564 3315 quomodo
2625 3246 2994 3313 intelligamus
3049 3246 3114 3299 de
3166 3248 3398 3314 panibus

132 3351 233 3396 τος
279 3331 375 3386 ἀπ’
419 3331 599 3385 αὐτῶν
652 3331 886 3397 ἐγένετο.
926 3331 995 3380 Ἦ
1051 3330 1168 3390 πῶς
1210 3330 1555 3396 ἐννοήσωμεν
1597 3330 1719 3390 τοὺς

1830 3341 2244 3410 propositionis,
2284 3342 2348 3391 de
2375 3340 2574 3405 quibus
2630 3337 2762 3392 dicit
2823 3339 3076 3393 Christus
3107 3339 3282 3408 capite
3310 3354 3400 3391 εει

129 3425 353 3491 ἄρτους
378 3422 475 3490 τῆς
505 3420 838 3489 προθέσεως,
868 3420 996 3486 περὶ
1029 3413 1103 3470 ὧν
1132 3419 1158 3469 6
1194 3418 1430 3487 Χριστὸς
1462 3417 1633 3482 λέγει,
1665 3419 1722 3467 ἐν

132 3514 436 3583 κεφαλαίῳ
464 3510 698 3581 είκοστῷ
724 3509 975 3579 τετάρτῳ
1006 3511 1099 3562 τοῦ
1149 3508 1536 3576 εὐαγγελιστοῦ
1570 3509 1726 3575 Μάρ-

126 3623 243 3659 κου
267 3621 287 3672 ;
312 3605 451 3671 Φησὶ
473 3604 580 3674 γὰρ
606 3606 741 3673 πρὸς
764 3604 889 3667 τοὺς
907 3603 1211 3666 Ἰουδαίους,
1229 3601 1581 3664 ὀνειδίζοντας
1600 3601 1725 3659 τοὺς

136 3696 502 3760 ἀποστόλους
522 3697 802 3759 τίλλοντας
824 3696 952 3757 τοὺς
986 3696 1247 3763 στάχυας,
1277 3694 1421 3745 «Οὐκ
1454 3695 1722 3757 ἀνέγνωτε

120 3790 186 3842 τί
216 3789 455 3857 ἐποίησε
474 3788 657 3851 Δασὶδ,
677 3789 765 3840 ὅτε
798 3788 987 3858 χρείαν
1019 3786 1140 3855 ἔσχε
1165 3802 1179 3818 ·
1212 3790 1303 3838 καὶ
1326 3784 1610 3836 ἐπείνασεν
1631 3785 1725 3833 αὺ-

120 3882 230 3944 τὸς
268 3879 366 3931 ιιιαλ⁸
394 3880 442 3930 οἱ
488 3880 603 3946 μετ’
632 3878 839 3944 αὐτοῦ;
880 3877 1003 3939 Πῶς
1035 3876 1283 3944 εἰσῆλθεν
1327 3876 1405 3937 είς
1454 3876 1543 3924 τὸν
1576 3871 1723 3926 οἷκον

112 3969 234 4022 τοῦ
273 3967 416 4020 Θεοῦ
447 3968 547 4039 ἐτι).Δ
578 3966 848 4036 ’Δὸιάθαρ
879 3967 1205 4035 ἀρχιερέως,
1243 3964 1337 4018 καὶ
1366 3968 1487 4027 τοὺς
1528 3964 1725 4033 ἄρτους

112 4062 239 4129 τῆς
293 4059 607 4127 προθέσεως
632 4058 858 4126 ἔφαγεν,
885 4056 976 4120 οὓς
1013 4058 1110 4109 οὐκ
1140 4057 1317 4120 ἔξεστι
1347 4059 1543 4123 φαγεῖν
1576 4058 1621 4107 εί
1652 4055 1725 4123 μὴ

107 4157 249 4216 τοῖς
291 4151 501 4221 ἱερεῦσι
556 4151 761 4217 μόνοις,
796 4152 891 4203 καὶ
934 4150 1104 4204 ἔδωκε
1144 4150 1237 4201 καὶ
1289 4150 1402 4210 τοῖς
1431 4150 1529 4201 σὺν
1576 4148 1724 4214 αὑτῴ

110 4242 347 4307 οὗσινς
393 4262 412 4295 ιι
464 4244 790 4313 Ἐρωτῶμεν
828 4242 922 4295 οὖν
967 4243 1113 4311 ὑμᾶς
1142 4259 1153 4270 ·
1191 4243 1240 4294 οί
1288 4241 1445 4309 ἄρτοι
1493 4240 1639 4293 οὗτοι
1676 4243 1724 4293 οί

103 4339 228 4408 τῆς
272 4337 620 4407 προθέσεως,
649 4337 875 4405 ἐνζυμοι
908 4338 1173 4405 ὑπῆρχον,
1204 4335 1235 4403 ἢ
1264 4334 1462 4402 ἄζυμοι
1490 4351 1503 4396 ;
1536 4334 1595 4385 Εἰ
1629 4334 1725 4401 μὲν

106 4430 397 4498 ενξυμοι,
438 4428 778 4498 ίουδαῖζομεν
804 4429 899 4481 καὶ
925 4429 1083 4495 ἡμεῖς
1119 4427 1236 4477 καθ’
1265 4425 1404 4493 ὑμᾶς
1437 4422 1711 4494 ἐνζύμους

97 4527 351 4592 ἄρτους
389 4520 580 4572 θυσίαν
628 4518 945 4578 ποιοῦντεςο
988 4519 1037 4570 εί
1090 4517 1135 4569 δ’
1174 4516 1375 4586 ἄζυμοι
1417 4511 1577 4585 ἦσαν,
1618 4516 1726 4584 ἄρα

1827 3434 2004 3486 eundo
2038 3434 2177 3500 apud
2204 3431 2445 3485 Marcum
2484 3433 2909 3499 evangelistam;
2944 3433 3075 3485 dicit
3130 3432 3274 3485 enim
3324 3433 3389 3483 ad

1827 3523 2045 3575 Judtcos
2078 3523 2431 3589 obiurgantes
2468 3523 2745 3589 apostolos
2787 3522 2930 3590 quod
2990 3524 3169 3589 spicas
3233 3522 3394 3575 velle-

1827 3616 1957 3668 bant
1995 3632 2009 3667 :
2052 3613 2336 3680 Nunquam
2373 3614 2582 3679 legistis
2614 3614 2741 3681 quid
2778 3614 2965 3666 fecerit
3000 3614 3162 3665 David
3180 3614 3395 3681 quando

1829 3707 2208 3760 necessitatem
2249 3706 2460 3765 habuit,
2486 3716 2536 3757 et
2566 3704 2756 3758 esuriit
2790 3704 2923 3770 ipse,
2962 3712 3013 3757 et
3038 3702 3127 3771 qui
3165 3717 3287 3756 cum
3330 3718 3393 3755 eo

1826 3795 2322 3862 erant?qtton:odo
2347 3795 2594 3847 introivit
2622 3795 2675 3846 in
2716 3794 2933 3846 domum
2974 3793 3064 3845 Dei
3103 3792 3201 3845 sub
3230 3792 3397 3844 Abia-

1835 3889 1958 3941 thar
1990 3886 2233 3953 principe
2287 3885 2652 3947 Sacerdotum,
2704 3892 2755 3936 et
2792 3898 2960 3952 panes
3010 3882 3396 3951 propositionis

1833 3976 2205 4037 manducavit,
2243 3989 2380 4041 quos
2411 3990 2514 4026 non
2556 3974 2675 4025 licet
2716 3972 2819 4025 nisi
2848 3972 3397 4026 sacerdodbusman-

1830 4070 2053 4131 ducare,
2081 4080 2133 4121 et
2175 4067 2321 4119 dedit
2354 4065 2433 4118 eis
2466 4064 2557 4132 qui
2586 4080 2709 4116 cum
2755 4079 2819 4117 eo
2854 4064 3048 4117 erant?
3101 4065 3396 4115 Perconta—

1831 4176 1954 4214 mur
1990 4160 2153 4227 igitur
2197 4175 2323 4221 vos,
2374 4172 2539 4225 panes
2588 4157 2976 4225 propositionis
3019 4156 3397 4208 fermentatine

1831 4262 1986 4307 erant
2018 4268 2083 4303 an
2122 4249 2338 4319 azymi?
2369 4249 2422 4302 Si
2460 4247 2791 4309 fermentati,
2826 4263 2921 4299 nos
2952 4248 3116 4299 etiam
3144 4246 3392 4315 jurlaiza-

1831 4360 1973 4407 mus,
2008 4353 2067 4395 ut
2120 4357 2216 4396 vos
2268 4340 2619 4401 existimatis,
2662 4340 2715 4392 in
2771 4339 3113 4409 fermentatis
3160 4339 3395 4407 panibus

1831 4436 2231 4491 sacriﬁcantes.
2258 4434 2312 4486 Si
2351 4448 2479 4487 vero
2519 4434 2714 4503 azymi,
2753 4447 2880 4500 ergo
2933 4441 2986 4485 et
3030 4430 3203 4500 azymi
3233 4446 3397 4498 panes

1832 4536 2114 4580 vocantur.
2150 4526 2413 4578 Praeterea
2443 4524 2487 4577 si
2528 4524 2831 4577 fermentati
2886 4531 3044 4575 erant
3107 4536 3273 4590 panes
3320 4522 3393 4575 illi

96 4615 220 4667 καὶ
273 4611 336 4664 οι
388 4610 609 4679 ἄζυμοι,
642 4609 796 4679 ἄρτοι
842 4607 1159 4663 καλοῦνται.
1206 4608 1327 4659 Ἔτι
1362 4607 1409 4658 εί
1445 4606 1545 4676 μὲν
1575 4605 1719 4670 ἐνζυ-

1832 4617 2238 4690 propositionis,
2274 4614 2598 4669 sacrificium
2653 4616 2705 4667 in
2762 4613 3086 4668 fermentata
3120 4610 3393 4665 Christum

94 4722 215 4774 μοι
262 4698 424 4773 ἦσαν
456 4701 505 4752 oi
537 4700 693 4770 ἄρτοι
727 4701 926 4753 ἐκεῖνοι
964 4700 1064 4767 τῆς
1108 4698 1441 4768 προθέσεως,
1485 4699 1596 4753 ἔδει
1635 4701 1724 4752 τὸν

88 4792 389 4866 Χριστὸν
431 4790 639 4844 παῦσαι
688 4790 785 4861 τὴν
841 4790 1034 4843 θυσίαν
1088 4790 1187 4859 τὴν
1242 4790 1311 4843 δι’
1340 4790 1616 4858 ἐνζύμων,
1652 4790 1728 4851 ὡς

86 4885 390 4941 παλαιάν
418 4897 477 4935 τε
513 4885 606 4936 καὶ
638 4882 897 4951 νόμιμον,
926 4881 1012 4933 ἵνα
1039 4881 1114 4951 μὴ
1146 4882 1213 4933 τὰ
1243 4881 1406 4949 ὅμοια
1441 4884 1555 4943 τοῖς
1597 4882 1726 4934 Ἰου-

85 4979 317 5039 δαίοις
378 4974 643 5043 ποιῶμεν,
697 4976 791 5026 καὶ
839 4972 1045 5042 ταύτην
1102 4973 1312 5039 διδάξαι
1374 4971 1622 5040 γίνεσθαι
1658 4970 1725 5023 δι’

80 5068 416 5137 ἀζύμων·
459 5066 507 5115 εί
551 5063 595 5115 6'
628 5063 826 5132 ἄζυμοι
869 5058 1037 5133 ἦσαν,
1094 5065 1187 5115 καὶ
1214 5064 1246 5115 6
1294 5062 1525 5130 ἄζυμος,
1561 5062 1724 5131 ἄρτος

81 5162 428 5215 καλεῖται.
469 5148 712 5225 Ἐδείχθη
728 5152 821 5211 οὖν
850 5156 1075 5219 ίκανῶς,
1105 5157 1275 5221 ἀγαθὲ
1306 5156 1617 5223 Νικηφόρε,
1643 5154 1725 5206 ὄτι

78 5255 205 5309 καὶ
247 5251 291 5303 ὁ
331 5248 548 5317 ἁζυμος
611 5248 775 5317 ἄρτος
808 5248 1050 5314 λέγεται,
1082 5248 1178 5300 καὶ
1206 5247 1346 5312 ἐστι,
1377 5247 1470 5298 καὶ
1500 5248 1720 5309 νοεῖται,

74 5349 313 5420 χωρὶς
354 5342 447 5394 τοῦ
478 5341 751 5396 ἐπιθέτου.
781 5342 944 5395 Ὥστε
986 5340 1160 5403 οὐδεὶς
1196 5339 1259 5394 ἂν
1305 5335 1362 5392 εὖ
1400 5338 1613 5407 φρονῶν
1647 5338 1724 5390 ετ-

73 5456 226 5503 ﬁat,
281 5434 383 5495 ὡς
436 5434 495 5486 οὐ
528 5433 807 5500 δυνάμεθα
855 5433 1104 5502 ἐννοῆσαι
1164 5433 1373 5501 ἄζυμον
1413 5429 1481 5482 δι’
1528 5424 1588 5483 οὗ
1625 5432 1724 5498 τὴν

71 5531 342 5586 Θυσίαν
378 5525 632 5595 ἐποίησεν
660 5529 687 5578 6
720 5528 979 5595 Χριστὸς,
1013 5526 1098 5578 διὰ
1125 5525 1184 5576 τὸ
1208 5525 1299 5577 τὸν
1329 5524 1722 5592 εὐαγγελιστὴν

67 5623 317 5681 εἰπεῖν
366 5618 535 5687 χωρὶς
584 5617 679 5670 τοῦ
733 5616 1012 5680 ἐπιθέτου,
1055 5618 1221 5685 ἄρτον
1254 5615 1437 5667 λαϐεῖν
1468 5616 1556 5666 τδν
1594 5613 1723 5683 Χρι-

64 5718 238 5771 στὸν
290 5712 387 5779 τῇ
434 5709 542 5761 τῶν
587 5708 836 5777 Ἀζύμων
882 5710 1068 5778 ἡμέρᾳ
1106 5710 1198 5759 καὶ
1248 5710 1312 5777 τῇ
1343 5706 1459 5776 ὥρῃ
1487 5707 1578 5758 τοῦ
1610 5708 1721 5757 Πά-

64 5828 235 5883 σχα.
287 5801 560 5872 Ἀζυμος
586 5798 654 5874 ἦν
680 5801 788 5873 ἄρα
815 5802 889 5867 ὡς
922 5801 1157 5869 ἐδείχθη,
1204 5802 1297 5853 καὶ
1332 5800 1540 5868 ἄζυμον
1572 5800 1715 5853 ἐννο-

1832 4712 2024 4767 tollere
2055 4710 2360 4779 oportebat,
2393 4716 2657 4776 tanquam
2696 4714 2929 4759 veterem
2960 4716 3013 4757 ct
3050 4704 3295 4773 legalem,
3328 4720 3395 4757 ne

1828 4804 2043 4861 Judaeos
2083 4802 2447 4862 imitaremur,
2482 4806 2537 4852 et
2563 4799 2614 4850 in
2660 4812 2850 4866 azymo
2885 4796 3214 4850 sacrificium
3240 4796 3395 4850 insti-

1830 4904 1978 4946 tuere
2012 4904 2067 4947 et
2118 4892 2430 4959 praecipere.
2493 4888 2549 4941 Si
2609 4888 2785 4958 azytni
2844 4895 3021 4950 erant,
3067 4901 3197 4955 ergo
3239 4886 3393 4955 panis

1825 4988 1986 5038 etiam
2003 4998 2094 5051 azy
2106 4997 2223 5036 mus
2236 4980 2554 5049 appellatur.
2574 4978 2914 5033 Sufllcienter
2934 4977 3097 5045 igitur
3110 4985 3390 5030 ostensum

1827 5084 1929 5138 est,
1965 5088 1997 5127 ο
2024 5074 2161 5126 bone
2192 5069 2519 5138 Nicephore,
2556 5068 2699 5138 quod
2752 5074 2805 5121 et
2856 5065 3011 5135 panis
3039 5064 3242 5118 dicitur
3267 5079 3392 5133 azy-

1831 5182 1978 5226 mus,
2007 5174 2058 5218 et
2087 5172 2193 5229 est,
2229 5162 2553 5230 intelligitur
2584 5160 2699 5215 sine
2724 5158 3012 5226 adjective.
3031 5155 3389 5221 Quamobrem

1829 5264 1988 5305 nemo
2048 5250 2289 5318 prudens
2330 5261 2567 5315 unquam
2628 5244 2830 5298 dixerit
2901 5257 3002 5296 nos
3050 5255 3390 5309 nequaquam

1830 5352 1988 5407 posse
2020 5337 2324 5406 intelligere
2350 5349 2621 5406 azymum,
2664 5335 2717 5387 in
2764 5348 2871 5401 quo
2913 5331 3238 5386 sacrificium
3269 5330 3395 5385 fecit

1827 5429 2119 5491 Christus;
2156 5438 2208 5481 et
2234 5429 2373 5496 quod
2407 5428 2524 5481 sine
2568 5424 2835 5493 adjectivo
2876 5423 3011 5477 dixit
3041 5424 3389 5493 evangelista,

1832 5536 2023 5591 panem
2053 5522 2325 5587 accepisse
2374 5520 2649 5574 Christum
2695 5519 2749 5571 in
2802 5519 2891 5572 die
2935 5518 3285 5586 Azymorum,
3340 5523 3394 5569 et

1831 5612 2113 5667 Paschatis
2148 5621 2414 5679 tempore.
2461 5612 2700 5679 Azymus
2728 5624 2852 5677 ergo
2885 5620 3026 5671 erat,
3063 5618 3113 5662 et
3144 5621 3393 5676 azymum

1831 5706 2205 5775 intelligimus,
2236 5714 2291 5758 ut
2349 5704 2459 5771 jam
2502 5710 2781 5756 ostensum
2830 5710 2932 5756 est.
2984 5699 3078 5755 llis
3107 5700 3269 5767 igitur
3320 5698 3394 5751 ita

1831 5796 2115 5868 expositis,
2146 5795 2715 5865 argumentatiunrula
2741 5804 2842 5849 ate
2864 5791 3273 5861 adducta,quod
3296 5806 3392 5843 oa-
