4160 6424
758 388 898 456 1223

1895 380 2212 444 JOSEPHl
2254 378 2806 440 METHONENSIS

3870 367 3997 431 1225.

761 523 882 561 nem
922 503 1051 560 dicit
1077 516 1276 573 corpus
1296 516 1482 570 suum,
1521 516 1626 558 non
1688 508 1866 553 tamen
1907 497 2321 554 fermentatum,

2444 490 2615 557 ιῦμεν.
2649 489 2869 540 Τούτων
2917 486 3062 539 οὕτω
3087 484 3438 554 δειχθέντων,
3474 483 3536 538 τδ
3587 481 3686 548 μὲν
3718 480 3878 550 παρα
3911 477 3997 533 σοῦ

759 597 893 652 satis
950 604 1036 649 est
1095 594 1379 648 dissoluta.
1416 594 1488 646 Ea
1524 607 1653 647 vero
1711 590 1897 650 verba,
1933 606 1951 638 ι
1981 587 2319 640 Erubescant

763 689 854 756 qui
893 688 944 740 in
977 701 1165 756 azymo
1203 686 1534 738 sacriﬁcium
1583 683 1838 740 oil‘erunt,
1879 699 1896 730 ι
1936 693 2042 732 non
2075 678 2205 730 libet
2234 691 2322 728 re-

760 778 996 841 ﬂectere,
1057 776 1148 829 sed
1200 777 1253 828 in
1304 791 1399 830 eos
1445 776 1536 843 qui
1592 773 1843 827 nesciunt
1868 771 2008 839 quod
2047 769 2118 822 sit
2165 767 2318 831 illud,

761 868 870 920 imo
900 869 1078 922 sciunt
1117 867 1358 933 quidem,
1391 868 1482 920 sed
1516 874 1735 934 propter
1765 877 1984 930 pravam
2011 859 2320 913 suasionem

761 976 823 1013 ac
857 960 1073 1014 stultam
1108 958 1578 1027 praesumptionem
1604 956 1746 1010 aliud
1770 956 2011 1008 sentiunt
2041 952 2321 1015 etdieunt,

760 1051 812 1104 id
832 1053 1004 1118 ipsum
1023 1051 1256 1104 dicimus
1269 1051 1505 1102 dedecus
1524 1049 1848 1116 retorqueri,
1869 1047 2008 1112 quod
2027 1043 2324 1111 sine;dubio

760 1144 1052 1206 credimus,
1090 1141 1343 1210 quodque
1385 1140 1648 1194 librorum
1694 1139 2109 1201 adulteratores,
2150 1143 2202 1188 et
2230 1133 2322 1203 qui

762 1235 829 1287 oh
896 1235 1086 1289 malam
1136 1234 1688 1301 prmsumptionemet
1746 1230 2004 1283 malitiam
2063 1229 2324 1281 adversus

761 1326 1064 1380 Romanam
1107 1313 1399 1380 Eaclesiam
1451 1325 1716 1389 scribunt,
1782 1337 2060 1390 nunquam
2094 1320 2323 1373 salutem

762 1420 1020 1488 consequi
1043 1428 1324 1488 poterunt,
1354 1420 1460 1470 imo
1485 1419 1535 1469 in
1557 1415 1856 1484 diejndicii
1885 1413 2050 1467 veluti
2081 1410 2326 1466 veritatis

762 1511 946 1565 hostes
977 1511 1321 1564 erubescent.
1358 1508 1587 1573 Quidam
1618 1517 1793 1560 tamen
1825 1515 2018 1574 prmter
2058 1504 2324 1557 rationem

764 1604 1056 1657 admodum
1097 1604 1344 1672 imperite
1374 1611 1428 1656 et
1459 1603 1580 1655 ideo
1607 1599 1820 1665 stolide,
1860 1609 1918 1652 ut
1943 1599 2014 1652 ita
2048 1599 2244 1660 dicam,
2273 1606 2328 1649 et

765 1695 1105 1758 impudenter
1157 1693 1445 1758 objiciunt,
1505 1691 1768 1756 Quamvis
1823 1689 2150 1759 Azymorum
2212 1686 2327 1740 dies

767 1798 974 1849 essent,
1015 1796 1073 1838 ut
1105 1785 1311 1847 dicitis,
1345 1801 1444 1838 nec
1475 1783 1859 1837 fermentatum
1901 1781 2126 1833 inveniri
2164 1794 2326 1849 opor-

770 1880 938 1942 tebat,
978 1888 1155 1929 tamen
1195 1891 1319 1928 cum
1372 1875 1514 1927 Deus
1546 1880 1708 1933 esset,
1749 1884 1998 1940 asymum
2037 1867 2330 1921 fermenta-

773 1983 884 2024 tum
919 1971 1128 2024 cllicere
1183 1977 1394 2035 poterat
1431 1983 1446 2020 :
1507 1967 1640 2020 nihil
1684 1976 1769 2019 est
1808 1965 1949 2018 enim
2002 1949 2335 2031 impossibile

770 2065 914 2133 apud
951 2062 1375 2132 omnipotentem
1420 2060 1611 2112 Deum.
1663 2058 1806 2111 Nibil
1843 2072 1965 2111 esse
2002 2055 2337 2124 impossibile

774 2157 1065 2225 apudcum
1139 2153 1230 2221 qui
1264 2165 1443 2221 potest
1469 2153 1670 2211 omnia.
1699 2165 1888 2204 omnes
1945 2149 2274 2203 conlitentur
2318 2163 2333 2202 :

773 2263 874 2301 nec
915 2248 1086 2301 solum
1134 2263 1379 2316 azymum
1445 2245 1828 2298 fermentatum
1877 2240 2109 2307 efﬁcere,
2146 2242 2239 2296 sed
2282 2249 2336 2296 et

768 2339 973 2406 lapides
998 2339 1142 2404 ipsos
1165 2351 1332 2406 panes
1361 2353 1374 2389 :
1409 2347 1462 2388 at
1499 2336 1871 2389 necessitatem
1935 2338 2095 2398 hanc,
2156 2331 2331 2401 quoad

771 2434 872 2484 hoc
913 2430 1282 2496 peragendum
1308 2431 1620 2492 duceretur,
1658 2442 1758 2496 ego
1780 2427 2088 2494 perspicere
2107 2439 2212 2477 neu
2245 2438 2335 2478 va-

775 2521 878 2574 leo.
911 2519 1152 2584 Quanam
1182 2521 1247 2573 de
1285 2535 1450 2573 causa
1504 2529 1750 2572 statuere
1786 2518 2060 2584 voluisset,
2104 2515 2337 2571 fermen-

780 2621 951 2666 tatum
985 2613 1166 2679 potius
1199 2626 1359 2680 quam
1397 2627 1649 2681 azymuin
1682 2626 1880 2678 corpus
1933 2625 2091 2664 suum
2120 2610 2335 2672 conﬁci,

782 2707 920 2757 hanc
975 2704 1101 2756 mihi
1150 2703 1415 2770 explicate
1477 2705 1876 2766 necessitatem,
1947 2702 1993 2755 si
2034 2706 2250 2756 nostis:
2281 2711 2337 2756 at

778 2809 1050 2861 nunquam
1070 2793 1538 2861 poteritis.Nescio
1561 2795 1724 2846 etiam
1759 2809 1824 2845 an
1858 2809 2048 2861 panem
2068 2793 2335 2849 fermento

699 2899 706 2906 ‘
773 2893 1070 2946 carentem,
1089 2899 1287 2953 corpus
1309 2893 1362 2937 et
1386 2885 1700 2951 sanguinein
1723 2900 1880 2938 suum
1900 2883 2015 2937 ﬁeri
2031 2885 2339 2954 prohibuis-

775 2985 878 3040 set,
930 2977 1010 3028 vel
1050 2991 1146 3029 sua
1197 2974 1380 3029 divina
1428 2975 1858 3030 consecralionis
1910 2977 2073 3028 verba
2102 2977 2336 3030 invalida

775 3069 999 3121 reddere
1048 3067 1313 3123 libuisset.
1347 3065 1453 3121 Sed
1485 3069 1534 3121 id
1572 3084 1748 3137 neque
1813 3068 2072 3134 ha‘retici,
2107 3086 2282 3140 neque
2309 3087 2340 3124 a

773 3160 1078 3214 Christiana
1099 3160 1354 3229 religione
1373 3159 1532 3213 alieni
1554 3161 1790 3215 sentient
1810 3162 2132 3230 unquamvel
2153 3163 2350 3217 dicent.

2431 583 2722 649 εἰρημένον
2752 579 3008 645 λογίδιον,
3064 579 3145 630 ὅτι
3176 578 3340 644 ἄρτον
3371 575 3520 642 λέγει
3553 575 3610 626 τὸ
3641 574 3805 641 σῶμα
3840 570 3998 624 αύτοῖ

2428 674 2488 726 ού
2515 674 2622 742 μὴν
2649 672 2879 740 ἄζυμον,
2915 670 2990 731 ὣς
3015 686 3080 736 γε
3110 669 3277 732 δοκεῖ,
3315 667 3514 727 ἱκανῶς
3539 664 3781 732 διελύθη.
3822 663 3899 714 Th
3926 662 3998 725 δὲ,

2429 765 2884 835 Αἱσχυνέσθωσαν
2914 764 2962 814 οί
2996 764 3061 831 τῇ
3096 761 3259 829 θυσία
3296 758 3542 829 ἀζύμους
3571 756 4000 825 προσφέροντες,

2428 861 2488 915 οὐ
2519 859 2824 929 βουλόμεθα
2874 853 3230 923 ἀντιστρέψαι
3256 867 3268 880 ·
3296 850 3435 904 ἀλλά
3476 849 3614 917 πρὸς
3651 850 3781 909 τοὺς
3830 847 3904 914 μὴ
3933 848 4002 896 εἰ-

2429 955 2588 1014 δότας
2619 951 2671 1001 τί
2697 946 2765 1020 ἦν
2800 951 2995 1009 ἐκεῖνο,
3040 946 3072 1015 ἢ
3110 944 3316 1011 μᾶλλον
3355 943 3561 1002 εἰδότας
3600 939 3725 1008 μὲν,
3763 939 3856 990 διὰ
3897 953 4002 988 πει-

2434 1044 2637 1114 σμονὴν
2687 1042 2745 1094 δὲ
2799 1043 2890 1094 καὶ
2941 1039 3178 1109 ματαίαν
3212 1034 3486 1105 πρόληψιν
3527 1031 3868 1100 φρονοῦντας
3920 1030 4002 1078 καὶ

2430 1141 2686 1206 λέγοντας
2710 1136 2920 1204 ἕτερον,
2945 1132 3081 1200 πρὸς
3103 1125 3584 1193 ὲκείνουςλέγομεν
3600 1125 3699 1191 τὴν
3751 1120 4005 1190 αἰσχύνην

2430 1232 2850 1300 ἀποστραφῆναι
2877 1243 2891 1257 ·
2922 1226 2949 1278 ὃ
2972 1225 3066 1278 και
3095 1222 3424 1287 πιστεύομεν
3469 1216 3888 1285 ἀναμφιϐόλως,
3922 1214 4002 1263 καὶ

2432 1324 2579 1392 ὡςζοῖ
2600 1339 2658 1375 τε
2684 1317 3050 1390 βιϐλιοφθόροι
3071 1315 3163 1366 καὶ
3183 1313 3310 1365 οἵτε
3342 1313 3428 1362 διὰ
3463 1309 3768 1377 πεισμονὴν
3803 1307 3895 1360 καὶ
3915 1323 4005 1356 κα-

2433 1423 2558 1475 κίαν
2575 1417 2874 1488 γράφοντες
2895 1409 3144 1475 κατάτής
3158 1406 3478 1475 Ῥωμαῖκῆς
3493 1402 3650 1457 Ἐκκλ
3663 1401 3854 1469 ησίας,
3876 1397 4010 1448 ούδὶ-

2433 1528 2562 1565 ποτε
2591 1511 2774 1579 τυχεῖν
2805 1504 3080 1573 σωτηρίας
3111 1501 3433 1569 δυνήσονται
3451 1513 3464 1526 ·
3493 1493 3696 1564 μᾶλλον
3717 1491 3776 1543 δὲ
3802 1491 4010 1557 αἰσχυν-

2435 1608 2693 1676 θήσονται
2723 1605 2778 1654 ὲν
2803 1603 2868 1670 τῇ
2907 1599 3092 1667 ἡμέρᾳ
3121 1595 3222 1662 τῆς
3248 1592 3503 1660 κρίσεως,
3529 1587 3604 1649 ὡς
3633 1587 3736 1654 τῆς
3761 1583 4010 1676 ἀληθείας

2433 1675 2584 1759 ὄντες
2617 1694 2884 1760 πολέμιοι.
2913 1688 3070 1749 Τινὲς
3095 1686 3139 1737 δ’
3167 1683 3573 1747 ἀσυλλογίστως
3593 1679 3742 1731 πάνυ
3759 1676 3856 1728 καὶ
3878 1675 4014 1741 ἀμα-

2435 1791 2562 1853 θῶς,
2593 1786 2690 1840 καὶ
2710 1783 2800 1838 διὰ
2831 1781 2990 1836 τοῦτο
3027 1777 3225 1847 μωρῶς
3258 1773 3513 1833 ἴν⁹οὓτως
3533 1771 3696 1831 εἴπω,
3733 1769 3829 1820 καὶ
3854 1765 4014 1818 ταῦτα

2433 1879 2902 1958 ἀνερυθριάστως,
2925 1869 3329 1942 προσφέρουσιν
3350 1867 3436 1918 ὅτι
3458 1864 3505 1916 εί
3525 1864 3618 1916 καὶ
3639 1861 3754 1914 τῶν
3771 1857 4016 1926 Ἀζύμων

2433 1951 2644 2058 ἡμέραι
2680 1971 2824 2046 ἦσαν
2852 1969 2926 2031 ὼς
2959 1967 3172 2033 λέγετε,
3214 1961 3313 2014 καὶ
3343 1959 3447 2011 οὐκ
3477 1958 3583 2010 ἔδει
3617 1955 3922 2058 εὑρεθῆναι
3944 1951 4016 2002 ἓν.

2435 2047 2632 2144 ζυμον,
2667 2065 2804 2122 ἀλλὰ
2845 2061 2977 2122 Θεὸς
3012 2057 3109 2124 ὣν,
3156 2055 3391 2125 ἠδύνατο
3433 2050 3662 2117 ποιῆσαι
3715 2047 3779 2098 τὸ
3810 2047 4015 2108 ἄζυμον

2435 2138 2729 2239 εὑρεθῆναι
2758 2157 2994 2223 ενζυμον
3021 2167 3034 2181 ·
3070 2149 3132 2201 οὐ
3176 2151 3285 2216 γὰρ
3320 2143 3578 2198 ἀδυνατεῖ
3620 2158 3674 2192 τι
3713 2138 3796 2207 τῷ
3822 2152 4015 2239 πιςτο-

2431 2230 2657 2328 δυνάμιρ
2687 2252 2805 2322 Θεῷ
2829 2268 2841 2282 ·
2867 2249 2968 2302 οὐκ
2996 2244 3246 2298 ἀδυνατεῖ
3281 2243 3382 2310 μὲν
3414 2235 3492 2306 τῷ
3525 2235 3704 2289 πάντα
3737 2230 4018 2299 δυναμένῳ

2436 2356 2588 2410 οὐδέν
2612 2369 2627 2383 ο
2663 2353 2714 2404 oi
2742 2349 2943 2407 πάντες
2972 2336 3298 2411 ὁμολογοῦσι
3319 2353 3333 2366 ·
3365 2336 3459 2388 καὶ
3497 2333 3558 2384 ού
3599 2331 3766 2402 μόνον
3794 2330 3856 2381 τὸ
3892 2329 4015 2390 ἄζυ-

2443 2466 2540 2518 μον
2569 2445 2801 2513 ἕνζυμον
2832 2443 3059 2508 ποιῆσαι
3083 2451 3096 2465 ·
3134 2432 3274 2488 ἀλλὰ
3314 2433 3407 2483 καὶ
3451 2428 3635 2489 λίθους
3671 2425 3903 2483 αὐτοὺς,
3932 2422 4019 2488 ἄρα

2437 2516 2598 2603 τουςο
2649 2537 2751 2605 τὴν
2804 2533 2848 2585 δ’
2900 2530 3152 2597 ἀνάγκην
3195 2524 3263 2578 δι’
3297 2525 3364 2591 ἣν
3411 2521 3477 2574 ἂν
3509 2519 3671 2572 τοῦτο
3734 2516 4013 2581 ἐποίησεν,

2440 2632 2613 2698 ἔγωγε
2649 2628 2710 2679 ού
2744 2625 2980 2692 δύναμαι
3028 2620 3285 2689 συνορᾷν.
3323 2614 3480 2675 Τίνος
3511 2612 3698 2664 ἕνεκεν
3729 2606 3822 2659 οὖν
3871 2606 4017 2667 Evin-

2447 2739 2546 2789 μον
2582 2717 2786 2786 μᾶλλον
2827 2717 2860 2786 ἢ
2900 2715 3113 2782 ἄζυμον
3145 2710 3415 2779 ἠθέλησεν
3446 2706 3512 2759 ἂν
3548 2705 3606 2756 τὸ
3635 2701 3833 2755 ἑαυτοῦ
3869 2700 4021 2765 σῶμα

2442 2809 2807 2880 νομοθετῆσαι
2863 2805 3154 2872 γίνεσθαι;
3198 2802 3390 2854 εἴπατε
3441 2798 3574 2866 ἡμῖν
3620 2794 3721 2865 τὴν
3772 2793 4018 2859 ἀνάγκην

2445 2903 2494 2954 εί
2540 2901 2718 2953 οἴδατε
2746 2914 2759 2928 ο
2807 2896 2920 2950 ἀλλ’
2952 2896 3052 2948 ούκ
3081 2896 3148 2947 ἄν
3200 2909 3331 2944 ποτε
3362 2887 3705 2958 δυνηθείητε.
3742 2887 3863 2938 υύκ
3911 2880 4018 2936 οίδα

2445 2989 2536 3046 οὖν
2571 2995 2619 3044 εἰ
2649 2989 2884 3043 ἐκώλυεν
2910 2988 2996 3048 ἂν,
3033 2987 3066 3055 ἢ
3091 2986 3197 3039 οὐκ
3227 2983 3469 3053 ὲνεργεῐς
3493 2979 3668 3032 ἐποίει
3693 2978 3822 3037 τοὺς
3848 2977 4022 3035 θείους

2453 3085 2645 3149 λόγους
2687 3081 2874 3145 αὐτοῦ,
2915 3081 2942 3132 ὁ
2974 3077 3048 3148 μὴ
3079 3076 3216 3146 ἔχων
3241 3073 3422 3142 ζύμην
3448 3073 3631 3138 ἄρτος.
3664 3070 3747 3131 είς
3779 3068 3842 3119 τὸ
3877 3069 4024 3134 γενέ-

2475 3172 2599 3223 σθαι
2660 3170 2820 3238 σῶμα
2853 3169 2949 3222 καὶ
2973 3163 3113 3236 αἷμα
3156 3163 3323 3218 αὑτοῦ
3353 3178 3368 3191 ο
3401 3159 3514 3214 ἀλλ’
3546 3155 3699 3227 οἶμαι
3730 3157 3898 3210 τοῦτο
3927 3153 4023 3207 οὐδ’

784 3254 832 3304 ot
891 3253 1178 3323 αίρετικοὶ,
1232 3255 1351 3306 οὐδὲ
1395 3255 1441 3304 οἱ
1477 3253 1749 3323 ἀλλότριοι
1796 3255 1894 3322 τῆς
1953 3257 2348 3330 Χριστιανικῆς
2377 3262 2673 3334 θρησκείας
2701 3265 2833 3318 ποτὲ
2863 3262 3246 3332 φρονήσουσιν.
3285 3258 3317 3326 ἦ
3357 3259 3575 3310 εἴπωσι.

853 3343 1005 3409 Quod
1031 3353 1209 3396 autem
1235 3343 1329 3398 Dei
1366 3344 1602 3398 Ecclesia
1640 3347 1849 3400 nullum
1889 3364 2011 3403 esse
2049 3351 2339 3407 discrimen

2520 3357 2630 3411 Καὶ
2659 3357 2743 3409 ὅτι
2781 3357 2879 3426 μὲν
2925 3357 2957 3422 ἡ
2998 3351 3092 3406 τοῦ
3127 3349 3263 3404 Θεοῦ
3307 3347 3605 3416 Ἐκκλησία
3640 3347 3917 3414 διαφοραν
3949 3347 4026 3395 ὲν-

783 3437 925 3491 inter
951 3452 1199 3508 azymum
1234 3445 1287 3492 et
1319 3438 1704 3492 fermentatum
1733 3440 2050 3506 arbitratur,
2077 3446 2262 3501 multis
2291 3456 2348 3502 et

780 3531 1012 3599 egregiis
1040 3531 1608 3599 argumentationibus
1630 3531 1739 3597 jam
1769 3544 2052 3590 ostensum
2072 3539 2349 3597 est.Nunc

782 3621 1242 3675 demonstrabitnr
1292 3638 1401 3691 quo
1436 3632 1593 3692 pacto
1644 3623 1888 3679 Romana
1925 3627 2170 3685 Ecclesia
2222 3647 2348 3702 azy-

786 3728 956 3779 inum,
992 3724 1044 3768 et
1066 3715 1360 3771 Orientalis
1392 3714 1635 3771 Ecclesia
1664 3716 2048 3775 fermentatum
2103 3725 2347 3790 coniicit,

785 3820 877 3871 per
907 3805 1226 3876 Gregorium
1256 3806 1563 3877 Dialognm,
1589 3809 1762 3862 virum
1798 3815 2224 3881 sanctissimum,
2255 3820 2347 3887 qni

786 3910 908 3951 ante
943 3897 1308 3952 Ecclesiarum
1349 3903 1646 3954 schismata
1684 3903 1834 3968 vixit,
1898 3907 2057 3975 cujus
2111 3923 2350 3966 comme-

786 3991 1142 4044 morationem
1178 4001 1363 4046 nostra
1393 3994 1554 4047 etiam
1582 3993 1821 4050 Ecclesia
1847 4013 2174 4069 unoquoque
2207 4017 2350 4059 anno

784 4099 906 4135 cum
942 4084 1100 4137 laude
1133 4084 1280 4138 facit.
1318 4084 1415 4138 llic
1462 4088 1603 4139 enim
1663 4090 1866 4156 optime
1920 4107 2116 4147 causas
2175 4096 2352 4151 reddit

785 4179 955 4245 azymi
997 4187 1050 4231 et
1076 4179 1402 4240 fermentati,
1434 4179 1702 4248 traditque
1742 4180 2138 4239 Occidentalem
2172 4187 2353 4243 Eccle-

787 4271 919 4322 siam
961 4285 1235 4338 azymum,
1267 4269 1598 4323 Orientalem
1632 4271 2018 4327 lermentatum
2047 4276 2350 4345 antiquitus

787 4360 840 4412 in
893 4375 994 4413 usu
1045 4361 1327 4426 habuisse,
1385 4362 1632 4429 b0naque
1696 4372 1750 4416 et
1827 4363 2083 4419 laudabili
2139 4369 2352 4423 ratione

791 4461 1078 4518 utramque
1109 4450 1175 4503 ad
1210 4449 1262 4503 id
1303 4449 1640 4505 elliciendum
1665 4452 1834 4506 fuisse
1869 4466 2164 4521 permotam
2187 4459 2354 4521 ;scri-

793 4542 870 4593 hit
895 4541 1040 4594 enim
1073 4557 1088 4593 :
1129 4559 1148 4590 ι
1190 4538 1341 4594 Solet
1374 4542 1577 4596 multos
1621 4545 1942 4611 perturbare
1996 4548 2351 4614 quamobrem

789 4634 847 4687 in
883 4631 1127 4686 Ecclesia
1149 4633 1369 4700 quidam
1403 4647 1568 4701 panes
1602 4650 1839 4702 azymos,
1863 4639 2080 4706 quidam
2120 4639 2354 4696 offerunt

791 4724 1168 4778 ieiznentatos.
1195 4722 1440 4778 Romana
1472 4725 1711 4780 Ecclesia
1743 4726 1901 4782 oﬂert
1938 4745 2159 4799 azymos
2187 4747 2355 4800 panes

795 4827 1084 4885 propterea
1144 4817 1289 4881 quod
1352 4815 1614 4870 Dominus
1668 4818 1787 4872 sine
1822 4819 1926 4873 ulla
1975 4824 2355 4878 commistione

791 4907 1035 4976 suscrpil
1084 4924 1346 4962 carnem:
1390 4907 1484 4962 sed
1549 4921 1761 4965 eadem
1820 4911 2074 4968 Ecclesia:
2123 4914 2358 4970 oﬂerunt

793 4999 1174 5054 fermentatum
1205 5015 1302 5068 pro
1335 5016 1399 5054 eo
1429 5002 1569 5069 quod
1611 5003 1844 5057 Verbum
1883 5004 2061 5059 Patris
2109 5008 2356 5061 indutum

794 5104 879 5147 est
908 5106 1097 5156 carne,
1121 5102 1176 5146 et
1206 5101 1285 5146 est
1308 5109 1470 5146 verus
1501 5094 1642 5148 Deus
1694 5107 1747 5149 et
1785 5111 1946 5151 verus
1981 5098 2164 5155 homo.
2223 5101 2356 5154 Item

794 5197 848 5240 et
881 5184 1207 5238 fermentum
1231 5186 1618 5240 commiscetur
1649 5187 1855 5254 farinte,
1890 5200 1943 5243 et
1971 5191 2198 5245 ellicitur
2234 5208 2358 5247 cor-

799 5293 902 5347 pus
932 5277 1146 5330 Domini
1207 5279 1375 5331 nostri
1401 5277 1528 5331 Jesu
1563 5277 1764 5332 Christi
1813 5281 1941 5334 vivi.
1974 5282 2102 5344 Sed,
2139 5286 2253 5339 sive
2302 5287 2355 5339 in

798 5384 991 5439 azymo
1022 5369 1135 5422 sive
1167 5370 1218 5421 in
1257 5367 1579 5423 fermentato
1613 5371 1962 5437 conﬁciatur,
1994 5372 2202 5427 Domini
2240 5391 2358 5429 cor-

797 5470 970 5528 pus'et
989 5460 1284 5514 Salvatoris
1309 5463 1476 5516 nostri
1499 5465 1782 5515 sumimus.
1815 5481 1832 5513 ι
1856 5463 2065 5519 Audisti
2088 5469 2359 5534 quomodo

798 5565 1031 5620 magnus
1063 5550 1154 5605 hic
1175 5549 1332 5604 Pater
1361 5553 1566 5605 nullum
1603 5551 1743 5606 inter
1775 5568 2023 5622 azymuni
2048 5567 2098 5609 et
2137 5557 2373 5613 fermen-

801 5650 972 5695 tatum
1013 5641 1220 5696 indicat
1245 5657 1365 5696 esse
1404 5644 1698 5698 discrimen
1731 5644 1753 5697 ?
1781 5649 2034 5713 quodque
2069 5647 2372 5705 indubitate

805 5742 1033 5800 utroque
1059 5734 1218 5787 modo
1253 5736 1538 5789 coniicitur
1559 5751 1760 5805 corpus
1802 5737 2048 5802 Domini;
2084 5740 2372 5808 idquejam

803 5825 898 5877 diu
926 5839 1058 5878 usus
1096 5826 1334 5881 obtinuit
1365 5827 1418 5882 in
1474 5826 1750 5893 Ecclesiis,
1795 5831 1934 5895 apud
1968 5829 2370 5884 Occidentalem

2449 3449 2621 3518 ζύμου
2658 3465 2716 3500 τε
2757 3448 2852 3499 καὶ
2906 3446 3120 3515 ἀζύμου
3180 3442 3452 3512 μηδεμίαν
3503 3441 3700 3497 οἴεται.
3754 3437 4028 3488 δέδεικται

2449 3542 2662 3603 πολλοῖς
2707 3541 2803 3592 καὶ
2845 3539 3038 3599 καλοῖς
3069 3537 3283 3604 λόγοιςο
3315 3533 3410 3587 νῦν
3448 3533 3504 3584 δὲ
3542 3530 3899 3599 δειχθήσεται
3931 3527 4025 3578 τίνι

2449 3635 2634 3702 τρόπῳ
2666 3634 2696 3701 ἡ
2745 3631 3029 3699 Ῥωμαῑκὴ
3075 3626 3374 3695 Ἐκκλησία
3398 3625 3628 3692 ἄζυμον,
3667 3625 3764 3674 καὶ
3793 3624 3826 3690 ἡ
3874 3625 4026 3674 Ἀνα-

2450 3724 2640 3791 τολικη
2678 3722 2979 3789 ἰἑκκλησία
3009 3720 3240 3787 Ενζυμον
3287 3720 3454 3780 ποιεῖ,
3494 3716 3581 3768 διὰ.
3624 3715 3720 3767 τοῦ
3760 3715 4026 3782 μακαρίςυ

2451 3815 2758 3887 Γρηγορίου
2790 3815 2884 3866 τοῦ
2910 3814 3194 3878 Διαλόγου,
3226 3811 3418 3879 ἀνδρὸς
3455 3808 3769 3875 ἀγιωτάτου
3805 3808 3902 3859 καὶ
3932 3805 4030 3873 πρὸ

2452 3908 2545 3961 τοῦ
2579 3909 2877 3976 σχίσματος
2917 3905 3025 3955 τῶν
3071 3901 3413 3970 Ἐκκλησιῶν
3456 3900 3753 3967 γενομένου
3781 3915 3796 3930 ·
3832 3891 3896 3949 οὗ
3940 3899 4029 3963 τὴν

2456 4001 2678 4070 μνήμην
2741 3998 2836 4049 καὶ
2885 3997 2916 4056 ἡ
2955 3996 3201 4065 ἡμετέρα
3255 3992 3552 4061 Ἐκκλησία
3606 3988 3852 4041 ἑκάστου
3886 3991 4031 4047 ἐστο-,ξς

2457 4092 2573 4160 μετ’
2618 4088 2897 4158 εὐφημίας
2931 4089 3087 4153 ἄγεν
3132 4083 3287 4148 οὗτος
3319 4085 3429 4154 γὰρ
3476 4083 3747 4151 ἑκατέρου
3799 4081 4026 4148 ὲνζύμον

2453 4204 2510 4239 τε
2545 4189 2638 4240 καὶ
2686 4185 2918 4254 ἀζύμου,
2953 4185 3154 4254 ἄριστα
3186 4184 3282 4244 τὰς
3336 4181 3515 4240 αἰτίας
3555 4178 3862 4230 ἀποδίδωσι
3891 4195 3904 4207 ·
3942 4178 4030 4226 καὶ

2453 4279 2535 4346 τῷ
2570 4278 2666 4347 μὲν
2693 4278 2888 4346 ἁζύμῳ
2918 4276 3016 4347 τὴν
3039 4275 3295 4344 Δυτικην,
3324 4273 3400 4342 τῷ
3414 4274 3458 4325 δ’
3489 4272 3714 4340 ἐνζύμῳ
3735 4273 3842 4338 τὴν
3883 4271 4031 4323 Ἀνα-

2453 4367 2675 4436 τολικὴν
2705 4368 2768 4418 ἐκ
2802 4366 3037 4419 παλαιοῦ
3078 4364 3316 4435 χρῆσθαι
3349 4381 3514 4433 φησιν
3549 4363 3921 4431 Ἐκκλησίαν·
3947 4361 4031 4410 καί

2455 4461 2637 4524 καλῶς
2682 4478 2740 4516 τε
2778 4464 2871 4514 καὶ
2923 4463 3222 4523 ἐπαινετῶς
3276 4460 3464 4529 ἄμφω,
3513 4458 3806 4527 διαφόροις
3862 4457 4030 4519 λόγοις

2457 4553 2716 4615 ποιούσας
2741 4571 2756 4586 ·
2794 4555 2944 4621 λέγει
2971 4556 3080 4623 γάρ
3106 4571 3119 4584 ·
3163 4571 3182 4604 ι
3218 4553 3391 4605 Εῗωθε
3420 4553 3650 4614 πολλοὺς
3677 4556 3880 4612 κινεῖν,
3912 4552 4030 4605 διότι

2458 4647 2517 4697 ὲν
2562 4648 2628 4716 τῇ
2675 4644 2969 4715 Ἐκκλησία
3020 4645 3162 4706 τινὲς
3218 4646 3314 4712 μὲν
3367 4644 3782 4714 προσφέρουσιν
3850 4647 4030 4715 ἄρτρέδς

2462 4737 2730 4807 ἀζύμους,
2758 4738 2900 4797 τινὲς
2944 4737 3001 4789 δὶ
3029 4736 3332 4806 ὲνζύμους·
3369 4737 3402 4805 ὴ
3443 4735 3554 4805 γὰρ
3603 4736 3918 4805 Ἐκκλησία
3943 4741 4030 4804 τῆς

2471 4827 2690 4898 Ῥώμης
2733 4827 3039 4898 προσφέρει
3084 4827 3328 4897 ἀζύμους
3365 4827 3586 4896 ἄρτους,
3621 4829 3704 4880 ὅτι
3767 4833 3797 4881 ὁ
3843 4831 4028 4898 Κύριος

2461 4918 2582 4987 δίχα
2633 4919 2777 4981 τινὸς
2834 4919 3037 4988 μίξεως
3089 4918 3395 4988 προσέλαϐε
3443 4920 3622 4986 σάρκα
3648 4935 3664 4949 ο
3691 4920 3750 4970 αί
3790 4920 3852 4971 δὲ
3893 4920 4028 4973 ἄλλαι

2464 5011 2751 5079 ἐκκλησίαι
2809 5011 3213 5080 προσφέρουσιν
3247 5011 3531 5079 ὲνζύμους,
3560 5011 3642 5060 ὅτι
3679 5013 3707 5061 δ
3743 5013 3923 5078 Λόγος
3951 5009 4028 5059 τοί

2467 5102 2679 5169 Πατρδς
2740 5102 2964 5171 ὲνεδύθη
2992 5103 3192 5171 σάρκα,
3227 5103 3319 5153 καὶ
3350 5102 3493 5153 ἔστιν
3521 5101 3730 5170 ἀληθὴς
3773 5104 3931 5164 Θεὸς,
3952 5103 4031 5151 καὶ

2466 5193 2671 5263 ἀληθὴς
2703 5193 3008 5261 ἄνθρωπος.
3042 5194 3152 5246 Καὶ
3184 5194 3289 5262 γὰρ
3319 5194 3352 5260 ἡ
3381 5192 3527 5259 ζύμη
3561 5194 3943 5260 συμμίσγεται
3966 5189 4030 5257 τῷ

2470 5285 2776 5352 φυράματι.
2825 5285 2965 5337 Ἀλλ’
2997 5287 3142 5354 ὅμως
3173 5285 3279 5337 εἴτε
3310 5284 3378 5337 δι’
3407 5282 3618 5352 ἀζύμου
3646 5285 3762 5334 εἴτε
3793 5287 3866 5338 δι’
3897 5284 4031 5347 Evil-

2472 5393 2574 5444 μου
2605 5377 2836 5443 γίνεται,
2862 5377 2920 5428 τὸ
2944 5377 3038 5428 τοῦ
3063 5376 3268 5445 Κυρίου
3294 5379 3453 5445 σὶνμα
3481 5376 3574 5427 καὶ
3598 5376 3865 5446 Σωτῆρος
3895 5374 4030 5445 ἡμῶν

2470 5467 2841 5536 λαμϐάνομεν.
2887 5486 2906 5518 ι
2944 5470 3220 5529 Ἤκουσας
3269 5468 3362 5521 τοῦ
3401 5468 3639 5537 μεγάλου
3681 5470 3890 5522 τούτου
3938 5469 4029 5519 Il:-

2470 5557 2617 5626 τρὸς,
2657 5557 2771 5619 πῶς
2805 5559 2904 5610 οὐκ
2957 5561 3129 5611 οἴεται
3163 5558 3428 5628 διαφορὰν
3469 5554 3607 5609 εἷναί
3651 5574 3781 5610 τινα
3813 5559 4028 5623 ὲνζύμεν

2471 5665 2529 5700 τε
2563 5648 2658 5701 καὶ
2685 5650 2896 5717 ἁζύμου
2924 5663 2940 5715 ;
2979 5648 3071 5700 καλ⁵
3105 5650 3185 5700 ὅτι
3220 5647 3279 5712 ἐξ
3313 5649 3622 5718 ἁμφοτέρου
3655 5649 4028 5716 ἀναμφιϐόλως

2474 5742 2535 5792 τὸ
2566 5742 2660 5793 τοῦ
2691 5742 2894 5810 Κυρίου
2930 5743 3136 5808 γίνεται
3168 5742 3326 5811 σῶμα
3352 5757 3366 5772 ⁸
3401 5745 3494 5793 καὶ
3523 5743 3604 5793 ὅτι
3636 5741 3817 5802 οὕτως
3849 5743 3904 5792 ἑν
3929 5739 4024 5792 ταῖς

2477 5834 2794 5898 ἐκκλησίαις
2851 5835 3194 5904 ἐπεκράτησε
3252 5831 3576 5902 πρόπαλαι·
3634 5835 3701 5902 τῇ
3768 5832 4020 5901 Ῥωμαϋὲ
