4160 6424
162 403 292 467 1225

152 616 508 684 περικείμενον
544 612 662 665 κατ’
706 611 802 681 ἐμὲ
838 612 1132 678 διεσάφησε
1156 625 1169 638 °
1203 610 1304 680 τὴν
1348 611 1449 677 μὲν
1482 610 1609 676 γὰρ,
1642 608 1722 689 τῷ,

149 707 336 774 actium
368 703 603 775 χρῆσθαι
653 721 808 771 φησι.
842 703 927 755 δή
958 703 1017 755 τὸ
1064 703 1360 771 εἰλικρινές
1398 720 1456 754 τε
1491 703 1583 754 καὶ
1621 720 1719 755 κα-

150 802 463 869 θαρώτατον
494 798 590 866 τῆς
618 797 822 864 σσρκὸς
844 795 935 847 τοῦ
966 795 1171 865 Κυρίου
1201 810 1212 822 ·
1245 794 1325 847 ὅτι
1355 793 1631 861 ἄψαυστύν
1658 811 1716 845 τε

150 897 240 945 καὶ
268 892 618 944 ἀνεπίδεκτον
648 890 841 959 μώμου
872 890 1103 951 παντός·
1134 888 1233 959 τὴν
1263 888 1339 951 δὲ,
1378 888 1455 956 τῷ
1479 887 1719 958 ἐνζύμῳ,

151 986 235 1037 διὰ
264 986 362 1053 τὴν
409 984 607 1035 ἕνωσιν
652 984 751 1051 τῆς
785 980 1037 1050 Θεότητὸς
1068 998 1125 1032 τε
1158 982 1252 1032 καὶ
1298 980 1721 1049 ἀνθρωπὸτητος

145 1080 241 1141 τῆς
271 1076 436 1129 αὐτοῦ
468 1077 842 1135 ὑποστάσεως.
876 1074 985 1125 Καὶ
1014 1073 1240 1134 εἰκότως
1265 1088 1280 1102 ο
1317 1070 1506 1141 ὥσπερ
1532 1072 1641 1141 γὰρ
1662 1071 1723 1123 τὸ

146 1171 353 1239 ἄζυμον
384 1166 713 1221 λεπτότατόν
736 1184 795 1218 τε
824 1166 912 1218 καὶ
951 1163 1341 1234 καθαρώτατον
1375 1166 1512 1228 ἐστι,
1549 1164 1635 1217 διὰ
1665 1164 1725 1216 τὸ

144 1264 270 1316 ἄνευ
315 1260 795 1331 ζύμτ,ς,γενέσθαι
838 1260 993 1322 αὐτὸ,
1030 1258 1180 1326 ζύμη
1218 1260 1328 1327 γὰρ
1380 1259 1414 1327 ἡ
1468 1257 1725 1326 ἁμαρτία

146 1355 299 1425 παρὰ
334 1358 396 1424 τῇ
434 1353 619 1422 Γραφῇ
677 1352 913 1419 λέγεται,
955 1350 1099 1404 οὕτω
1154 1352 1249 1403 καὶ
1284 1349 1341 1402 τὸ
1375 1348 1469 1401 τοῦ
1514 1349 1721 1418 Κυρίου

149 1450 308 1516 σῶμα
358 1447 742 1517 καθαρώτατον
769 1445 849 1508 ὃν,
902 1445 997 1498 καὶ
1042 1445 1397 1498 ἀνεπίδεκτον
1446 1444 1725 1513 ἁμαρτίας

145 1544 348 1610 πάσης,
380 1540 447 1593 δι’
481 1539 693 1608 ἀξύμσυ
736 1542 1124 1608 ἱερουργεῖται.
1161 1538 1272 1591 Καὶ
1299 1536 1492 1607 ῶσπερ
1516 1539 1545 1590 ὁ
1572 1537 1726 1601 ἕνζυ-

145 1652 249 1703 μσς
323 1634 412 1687 διὰ
461 1636 556 1703 τῆς
613 1632 791 1701 ζύμης
860 1634 1238 1701 ἁρτσποιεῖται
1281 1633 1376 1684 καὶ
1446 1636 1526 1695 εἰς
1594 1632 1724 1684 ὑπό-

145 1745 345 1780 στασιν
376 1727 694 1797 παχυτέραν
726 1727 956 1792 γίνεται,
993 1726 1135 1779 οὕτω
1176 1726 1267 1779 καὶ
1289 1728 1347 1779 τὸ
1381 1726 1473 1779 τοῦ
1516 1727 1724 1793 Κυρίου

145 1819 310 1889 σῶμα
344 1822 434 1873 διὰ
472 1819 567 1872 τοῦ
619 1821 940 1889 φυράματος
986 1819 1083 1888 τῆς
1119 1819 1470 1888 ἀνθρωπίνης
1523 1821 1725 1890 σαρκὸς

612 398 763 461 1W)
805 397 1017 461 CONC.
1062 398 1439 459 FLORENT.
1495 398 1651 459 CAP.
1704 399 1723 456 l

1837 400 1913 457 )E
1956 399 2210 461 ΑΖΥΜΟ
2258 397 2354 462 ET
2396 406 2933 470 FERRIENTATO.

151 522 407 591 δηλονότι,
443 521 536 571 καὶ
568 520 690 580 ταῖς
738 520 799 570 ἐν
841 520 906 587 τῇ
945 516 1227 585 ’Λνατολῇ.
1267 518 1500 584 Ἀριστα
1533 516 1640 585 γὰρ
1670 515 1729 568 τὸ

1837 513 2056 582 inquam
2082 526 2133 571 et
2163 515 2497 573 Orientalem
2539 537 2551 575 :

2595 537 2718 576 nam
2747 523 2972 593 optime,
3007 532 3063 578 ut
3094 526 3208 594 ipse
3258 531 3405 585 arbi-

1828 614 1962 669 tror,
1998 606 2298 663 declaravit
2345 612 2491 680 quod
2527 629 2670 666 nunc
2723 617 3063 684 propositum
3114 626 3218 685 cst,
3268 619 3409 675 hanc

1830 713 2026 768 azyn-o
2061 716 2213 754 usam
2247 717 2371 758 esse
2414 703 2491 757 ait
2517 715 2734 774 propter
2756 708 3129 763 sinceritatem
3159 720 3213 764 ct
3250 717 3406 781 puri-

1829 800 1995 845 tatem
2037 794 2225 849 carnis
2268 796 2510 863 Domini,
2542 799 2671 867 quia
2707 800 2966 855 immunis
2997 810 3051 857 et
3089 818 3283 873 expers
3321 818 3403 859 est

1830 889 2008 943 omnis
2068 889 2186 944 vitii
2224 890 2417 946 :illam
2454 892 2789 949 fermentato
2845 910 3063 967 propter
3104 900 3409 954 divinitatis

1830 989 1880 1033 et
1906 979 2261 1035 humanitatis
2291 984 2547 1040 unionem
2586 986 2637 1039 in
2672 987 2845 1055 ipsius
2882 990 3160 1058 hypostasi
3192 1004 3206 1044 :
3244 992 3412 1061 idque

1834 1073 2031 1125 merito
2062 1089 2076 1137 ;
2127 1088 2250 1126 nam
2282 1085 2340 1128 ut
2378 1091 2628 1145 azymum
2678 1078 3103 1136 subtilissimum
3138 1097 3202 1137 ac
3235 1085 3411 1152 puris-

1832 1164 2030 1218 simum
2093 1176 2197 1230 εει,
2262 1168 2389 1234 quia
2448 1175 2569 1223 sine
2630 1174 2901 1224 fermento
2935 1172 3226 1228 coniicitur
3258 1176 3405 1244 (nam

1832 1252 2100 1309 fermento
2147 1272 2246 1324 pro
2296 1268 2520 1326 peccato
2575 1258 2853 1329 Scriptura
2914 1262 3131 1331 utitur),
3206 1262 3285 1317 sic
3353 1274 3411 1317 et

1834 1346 2043 1403 Domini
2077 1366 2277 1420 corpus
2292 1366 2414 1405 cum
2445 1351 2797 1420 purissimum
2830 1368 2929 1408 nec
2950 1354 3182 1423 alicujus
3204 1357 3412 1423 peccati

1833 1442 2183 1509 pcrccptibilc
2240 1445 2348 1507 sit,
2386 1444 2438 1496 in
2492 1445 2668 1514 azymi
2701 1448 2973 1501 sacriﬁcio
3002 1448 3307 1513 conficitur,
3346 1464 3411 1501 ac

1836 1542 1895 1585 ut
1940 1532 2331 1588 fermentatum
2388 1550 2484 1603 per
2514 1536 2838 1591 fermentum
2878 1538 2932 1592 in
2978 1555 3169 1607 panem
3192 1556 3415 1595 conver-

1834 1628 1990 1690 titur,
2063 1634 2117 1681 et
2180 1630 2542 1683 substantiam
2610 1632 2938 1687 crassiorem
3004 1635 3171 1697 subit,
3230 1634 3309 1688 sic
3360 1644 3413 1688 et

1835 1718 2050 1773 Domini
2075 1735 2276 1790 corpus
2309 1737 2403 1789 per
2464 1722 2718 1777 humana:
2754 1725 2939 1779 carnis
2965 1727 3409 1796 conspersionem

1834 1813 1889 1866 in
1925 1828 2088 1867 unam
2144 1814 2442 1869 divinitatis
2488 1827 2541 1869 et
2594 1818 2951 1872 humanitatis
2993 1834 3278 1887 personam
3313 1835 3411 1889 per

141 1917 225 1975 ci;
262 1914 564 1967 ὑπόστασιν
596 1912 725 1979 μίαν
760 1913 1016 1980 Θεὸτητός
1048 1929 1103 1965 τε
1149 1914 1243 1965 καὶ
1279 1913 1725 1981 ἀνθρωπότητσς,

1837 1905 2155 1960 fermentum
2206 1908 2504 1961 indicatur.
2578 1911 2761 1978 Itaque
2828 1928 2923 1981 per
2983 1914 3309 1967 fermentum
3357 1925 3411 1969 et

141 2007 232 2058 διὰ
266 2004 360 2057 τοῦ
394 2004 625 2073 ἐνζύμου
655 2005 991 2057 ἐνδείκνυται
1013 2022 1026 2036 ο
1062 2008 1153 2057 καῖ
1185 2004 1360 2069 οὕτως
1391 2006 1457 2058 δι’
1488 2006 1727 2076 ἐνζύμου

143 2117 207 2150 τε
244 2099 341 2151 καὶ
370 2096 578 2165 ἁζύμου
604 2096 663 2148 τὸ
690 2096 785 2148 τοῦ
814 2096 1019 2165 Κυρίου
1048 2096 1255 2163 γίνεται
1298 2098 1455 2166 σῶμα
1487 2099 1732 2167 ἀναμφι-

142 2192 356 2254 ϐόλως·
399 2191 493 2243 καὶ
536 2191 646 2253 τοῖς
689 2188 1007 2241 πιστεύουσι
1069 2189 1420 2259 σωτηριώδης
1452 2192 1568 2242 ἐστὶ
1609 2208 1727 2242 κοι-

144 2285 338 2339 νωνία.

906 2376 983 2431 9’.

236 2469 372 2524 Ἰδοὺ
404 2472 499 2522 καὶ
534 2472 593 2523 τὸ
625 2471 882 2540 δεύτερον
917 2473 1027 2524 τῶν
1061 2472 1192 2541 παρ’
1222 2473 1353 2543 ἡμῖν
1391 2471 1732 2540 ἐγκαλουμέ-

145 2582 287 2629 νων,
320 2566 618 2633 ἀπεδείχθη
656 2566 857 2629 καλῶς,
889 2566 964 2628 ὡς
996 2566 1224 2633 ἀμαθῶς
1267 2568 1399 2635 ἡμῖν
1427 2566 1731 2633 ἰγκαλεῖτε,

146 2656 250 2707 καὶ
306 2656 513 2717 σκαιῶς
564 2655 664 2725 τὴν
710 2656 1098 2724 οἰκουμενικὴν
1141 2656 1429 2726 διασύρετε
1490 2657 1733 2723 σύνοδον,

147 2749 525 2801 πιστεύουσαν
557 2752 613 2801 ἐν
641 2749 836 2825 ἀζύμῳ
865 2749 925 2800 τὸ
955 2750 1116 2818 σῶμα
1145 2750 1238 2802 τοῦ
1264 2750 1528 2819 Χριστοῦ,
1559 2753 1656 2803 καὶ
1680 2753 1737 2803 ἐν

148 2845 380 2913 ὲνςύμῳ
412 2846 509 2912 οὐχ
546 2839 707 2913 ἧττον
741 2844 1036 2907 τελεῖσθαι,
1064 2845 1182 2901 ἐνὸς
1219 2844 1372 2905 ὄντος
1416 2845 1507 2895 τοῦ
1537 2844 1736 2896 δεσπο-

148 2942 313 2993 τικοῦ
346 2940 618 3007 σώματος,
645 2940 739 2991 καὶ
762 2938 819 2991 οὐ
844 2938 1204 3008 μεριζομένου
1231 2940 1309 3000 είς
1336 2938 1451 3003 δύο,
1476 2938 1550 3001 ὡς
1575 2940 1735 3008 ἡμεῖς

144 3038 197 3087 οἱ
228 3038 302 3105 τῇ
341 3034 547 3102 συνόδῳ
586 3034 658 3103 μὴ
708 3022 985 3101 ὲπύμενοι,
1020 3031 1245 3094 ἄκοντές
1276 3049 1333 3083 τε
1362 3033 1453 3084 καὶ
1508 3032 1581 3101 μὴ
1615 3031 1738 3101 βου-

145 3132 397 3198 λόμενοι,
431 3131 476 3179 εί
511 3130 604 3180 καὶ
638 3129 715 3196 μὴ
745 3126 831 3178 διὰ
862 3125 1104 3194 γραφῆς,
1134 3125 1251 3177 ἀλλ’
1284 3128 1339 3177 ὲν
1371 3124 1449 3194 τῷ
1483 3126 1736 3177 ἀπιστεῖν

141 3227 269 3284 τοῖς
313 3223 652 3291 λεγομένοις,
689 3221 1089 3292 συμπεραίνετε
1117 3236 1131 3251 ο
1180 3218 1276 3272 καὶ
1306 3220 1394 3273 διὰ
1444 3218 1602 3273 τοῦτο
1632 3220 1732 3272 οὐκ
1763 3250 1805 3307 C

144 3315 453 3384 ἐκφεύγετε
485 3316 575 3367 τὸν
601 3315 814 3367 ὄλισθον
842 3314 938 3381 τῆς
958 3312 1245 3380 αἱρέσεως.
1285 3310 1345 3364 Ὀ
1371 3310 1476 3381 γὰρ
1500 3310 1734 3378 Χριστός

141 3428 292 3479 φησι
326 3408 424 3479 τὴν
466 3408 793 3477 Ἐκκλησίαν
826 3407 994 3460 αὐτοῦ
1028 3406 1300 3475 μηδέποτε
1354 3405 1736 3475 πλανηθῆναι,

139 3504 279 3556 ἐπεὶ
312 3503 680 3571 ἐπηγγείλατο
717 3501 836 3569 μετ’
863 3500 1037 3566 αὐτῆς
1064 3496 1207 3561 εἶναι
1232 3499 1523 3569 διηνεκῶς.
1552 3498 1616 3551 El
1644 3496 1738 3549 οὖν

136 3594 365 3665 ἀληθής
401 3596 546 3645 ἐστιν
592 3595 619 3643 ὁ
656 3594 909 3661 Χριστὸς,
942 3593 1038 3645 καὶ
1072 3592 1169 3662 τὴν
1202 3591 1538 3658 ἐπαγγελίαν
1568 3590 1736 3642 αὐτοῦ

136 3692 228 3741 δεῖ
286 3688 566 3740 πιστεύειν
613 3681 752 3739 εἶναι
798 3687 1007 3755 ἁληθῆο
1060 3687 1195 3755 φησὶ
1237 3686 1367 3752 γὰρ,
1406 3702 1424 3735 ι
1467 3685 1577 3737 Καὶ
1626 3682 1735 3734 ίδου

134 3781 269 3848 ἐγὼ
310 3780 428 3848 μεθ’
481 3778 636 3848 ὑμῶν
678 3781 800 3847 εἰμι
850 3778 1030 3839 πάσας
1088 3779 1187 3838 τὰς
1243 3777 1457 3846 ⁴ἡμέρας
1501 3776 1605 3836 ἕως
1635 3773 1737 3843 τῆς

138 3871 477 3931 συντελείας
525 3870 618 3922 τοῦ
650 3870 841 3932 αἰῶνος
867 3886 880 3900 ο
920 3888 936 3920 ι
976 3870 1070 3920 καὶ
1102 3870 1265 3936 ἡμεῖς
1298 3866 1441 3919 οὕτω
1483 3864 1737 3917 πιστεύο-

134 3982 255 4033 μεν
297 3965 438 4032 μετὰ
483 3964 580 4029 τῆς
622 3962 953 4031 Ἐκκλησέας
989 3960 1153 4013 αὐτοῦ
1194 3955 1335 4012 εἶναι
1390 3958 1478 4009 διὰ
1513 3956 1733 4021 παντὸς,

130 4060 245 4111 καὶ
305 4056 577 4127 μηδέποτε
614 4055 967 4123 καταλείψειν
1010 4054 1205 4122 αὐτήν.
1241 4053 1301 4105 Εί
1343 4051 1396 4103 δὲ
1437 4051 1557 4103 καθ’
1592 4050 1737 4119 ὑμᾶς

126 4149 527 4220 ἐπηγγείλατο
581 4147 683 4215 μὲν
728 4146 1004 4215 διαμένειν
1041 4144 1308 4213 διηνεκῶς
1373 4145 1492 4212 μετ’
1536 4142 1732 4209 αὐτῆς.

127 4244 423 4297 κατέλιπε
454 4240 511 4293 δὲ
552 4240 743 4309 αὐτὴν,
784 4240 879 4292 καὶ
909 4238 1061 4315 εἴασε
1090 4236 1455 4308 πλανηθῆναι,
1488 4234 1547 4298 ἐξ
1574 4235 1732 4302 ἐνάγ-

124 4353 249 4407 κης
289 4333 535 4403 ψεύστης
565 4332 712 4385 ἐστίν
739 4347 753 4362 ·
777 4330 825 4383 εί
852 4329 907 4383 δὲ
931 4330 1195 4398 ψεύστης,
1222 4330 1285 4381 οὐ
1309 4328 1460 4391 Θεός.
1498 4327 1607 4381 Καὶ
1634 4327 1735 4394 ὅρα

121 4430 239 4495 τὴν
277 4422 519 4476 ἀτοπίαν
546 4420 638 4473 τοῦ
671 4419 854 4486 λέγειν
889 4418 1034 4488 ὑμᾶς
1069 4416 1158 4470 τὸν
1190 4416 1427 4485 Χριστὸν
1448 4414 1692 4484 ψεύστην
1718 4427 1735 4443 ·

1834 2016 2086 2071 azymum
2143 2003 2291 2056 omni
2352 2014 2559 2059 remota
2631 2005 2974 2061 dubitatione
3027 2009 3244 2063 Domini
3289 2024 3412 2063 cor-

1836 2109 1936 2162 pus
1960 2094 2269 2157 coniicitur,
2296 2106 2351 2149 et
2380 2097 2521 2165 apud
2550 2098 2836 2154 credentes
2872 2101 3130 2157 salutaris
3164 2102 3219 2156 lit
3261 2117 3413 2157 com-

1837 2203 2043 2241 Ιιιυηιο.

2550 2374 2641 2428 IX.

1906 2468 2046 2522 Ecce
2070 2468 2320 2523 secuudre
2369 2468 2479 2538 jam
2514 2471 2851 2526 accusationi
2890 2481 3084 2528 vestrm
3144 2476 3280 2530 bene
3334 2491 3415 2529 re-

1838 2562 2190 2631 spondimus,
2250 2565 2702 2633 ostemlimusque
2776 2567 2921 2637 quod
2995 2568 3245 2638 imperite
3312 2585 3415 2623 nos

1838 2656 2232 2721 crizuinamini,
2291 2666 2345 2711 et
2382 2658 2607 2713 sinistre
2675 2663 3075 2717 meumenicam
3124 2665 3419 2719 lraducitis

1839 2750 2104 2817 synodum
2138 2766 2256 2817 qua!
2283 2765 2436 2817 aeque
2488 2752 2538 2805 in
2567 2768 2761 2821 azymo
2793 2765 2845 2807 et
2882 2755 3151 2810 fermento
3176 2756 3418 2813 Domini-

1840 2858 1963 2895 cum
2013 2859 2214 2912 corpus
2243 2846 2438 2898 conﬁci
2492 2847 2684 2911 credit,
2726 2862 2850 2900 cum
2885 2864 3049 2901 unum
3086 2850 3157 2903 sit
3199 2850 3414 2905 Domini

1840 2950 2063 3003 corpus,
2095 2938 2268 2991 nonin
2296 2937 2405 2991 duo
2434 2938 2781 3001 distractum,
2812 2949 2868 2993 ut
2898 2955 2995 2995 vos
3028 2943 3119 3011 qui
3149 2946 3417 3012 synodum

1842 3044 1947 3081 non
1994 3030 2310 3097 sequimini,
2373 3032 2621 3085 nolentes
2683 3034 2951 3096 volentes,
3008 3037 3259 3104 quamvis
3310 3054 3414 3091 non

1843 3122 2069 3189 scripto,
2104 3122 2196 3176 sed
2234 3125 2485 3193 negando
2513 3141 2634 3193 quae
2666 3126 2922 3189 dicimus,
2974 3129 3321 3196 concluditis,
3362 3144 3417 3186 et

1844 3214 1965 3268 ideo
1998 3231 2063 3267 ne
2093 3215 2144 3267 in
2172 3215 2389 3269 haeresis
2419 3216 2626 3285 lapsum
2674 3219 2947 3287 incidatis,
3001 3238 3109 3277 non
3151 3224 3412 3295 eil‘ngitis.

1842 3308 1977 3361 Nam
2028 3309 2286 3365 Christus
2319 3311 2454 3365 dicit
2494 3328 2772 3381 nunquam
2811 3328 2965 3368 suam
3012 3332 3197 3371 errare
3231 3318 3420 3373 Eccle-

1843 3402 2002 3464 siam,
2028 3402 2155 3471 quia
2190 3419 2247 3458 sc
2282 3419 2501 3473 semper
2531 3420 2655 3458 cum
2689 3421 2750 3459 ea
2784 3421 3108 3462 mansurum
3146 3411 3423 3479 pollicitus

1841 3505 1942 3550 est.
1975 3496 2029 3549 Si
2077 3512 2207 3564 ergo
2259 3512 2422 3550 verus
2452 3506 2535 3549 est
2568 3496 2844 3564 Christus,
2900 3510 2953 3553 et
2995 3504 3417 3569 promissionem

1842 3603 1998 3641 suam
2035 3603 2219 3641 veram
2253 3602 2376 3641 esse
2416 3597 2677 3654 oportet;
2734 3592 2807 3644 ita
2848 3592 2992 3647 enim
3028 3594 3187 3659 dixit,
3239 3614 3257 3645 ι
3305 3596 3417 3666 Ego

1840 3680 2121 3734 vobiscum
2163 3695 2281 3734 sum
2309 3681 2561 3735 omnibus
2609 3682 2797 3738 diebus
2836 3700 3010 3754 usque
3043 3687 3107 3738 ad
3152 3668 3421 3741 consum-

1842 3774 2140 3827 mationem
2180 3775 2367 3828 saeculi
2395 3775 2459 3838 ‘7,
2524 3795 2541 3825 ι
2580 3790 2789 3844 nosque
2834 3779 2908 3830 ita
2958 3781 3258 3845 credimus,
3291 3797 3417 3835 cum

1842 3881 1964 3919 cum
1993 3865 2237 3921 Ecctesia
2272 3882 2371 3921 sua
2424 3883 2642 3936 semper
2670 3884 2791 3923 csse
2840 3887 3281 3938 permansurum,
3316 3890 3417 3928 nec.

1845 3972 1965 4011 eam
1990 3958 2382 4013 derelictnrunt
2412 3976 2675 4029 unquam.
2716 3962 2769 4017 Si
2811 3980 2939 4017 vero
2978 3969 3277 4019 secumlum
3317 3982 3419 4021 vos

1842 4064 1964 4103 cum
1996 4063 2057 4103 ea
2112 4064 2173 4103 se
2210 4065 2424 4119 semper
2492 4067 2811 4108 mansurum
2846 4055 3120 4123 pollicitus
3150 4067 3253 4120 est.
3321 4060 3415 4112 sed

1841 4143 2129 4212 dereliquit
2156 4145 2301 4198 illam
2348 4154 2400 4199 et
2427 4160 2614 4200 errare
2656 4148 2925 4214 permisit,
2966 4165 3029 4203 ex
3089 4152 3417 4206 necessitate

1842 4236 2079 4290 mendax
2112 4249 2219 4292 est.
2254 4234 2311 4289 Si
2342 4254 2474 4291 vero
2523 4239 2778 4304 mendax,
2829 4241 2972 4294 Deus
3025 4257 3130 4294 non
3168 4251 3271 4296 cst.
3328 4244 3419 4297 Vi--

1843 4332 1967 4384 dete
2004 4331 2058 4385 in
2080 4346 2246 4399 quam
2271 4332 2667 4387 absurditatcm
2695 4334 3290 4399 ineidistis,Christum
3322 4352 3418 4391 vo-

1843 4425 2020 4477 cando
2049 4424 2389 4489 mendacem,
2424 4440 2547 4478 nam
2582 4427 2683 4479 hoc
2708 4444 2924 4482 omnem
2967 4428 3314 4497 iniquitatem
3361 4441 3418 4484 et

119 4522 321 4576 τοῦτο
344 4520 453 4587 γὰρ
483 4517 661 4585 πάσης
704 4514 935 4582 ἀνομίας
974 4512 1066 4565 καὶ
1097 4509 1450 4581 βλασφημίας
1476 4508 1731 4577 ὑπέρκει-

1844 4515 2244 4585 blasphemiam
2274 4526 2529 4585 superat:
2557 4518 2653 4571 sed
2689 4534 2815 4572 cum
2846 4534 2909 4573 ea
2943 4518 3067 4584 fuit,
3112 4530 3165 4575 et
3206 4533 3310 4585 cst,
3365 4533 3421 4576 et

116 4635 255 4670 ται.
312 4612 477 4666 Ἀλλὰ
528 4610 647 4680 μετ’
687 4608 861 4676 αὐτῆς
898 4602 988 4677 ἦν,
1028 4605 1124 4658 καὶ
1168 4602 1287 4656 ἐστι
1331 4603 1426 4654 καὶ
1460 4601 1611 4654 ἔσται
1644 4598 1731 4652 καὶ

1843 4607 1969 4670 erit,
2016 4616 2071 4660 et
2098 4606 2338 4661 manebit
2367 4607 2418 4660 in
2456 4608 2686 4672 saecula,
2712 4610 2964 4678 quamvis
2987 4611 3419 4681 disrumpantur,

120 4708 312 4778 μενεῖ
348 4705 425 4766 εἰς
458 4704 549 4756 τὸν
581 4701 754 4755 αίῶνα
804 4700 897 4752 τὸν
933 4699 1186 4751 ἅπαντα·
1234 4693 1337 4748 κᾶν
1376 4692 1731 4762 διαρῤήγνυν-

1843 4701 1935 4768 qui
2001 4709 2191 4753 contra
2238 4714 2400 4769 quam
2464 4698 2709 4756 Ecclesia
2755 4703 2940 4765 sentit,
2971 4705 3218 4759 sentiunt
3244 4712 3301 4759 et
3340 4704 3421 4759 fa-

114 4819 226 4852 ται
274 4797 338 4849 oi.
371 4794 634 4847 τάναντία
674 4792 772 4860 τῆς
818 4787 1057 4859 Χριστοῦ
1108 4784 1435 4855 Ἐκκλησίας
1475 4783 1569 4835 καὶ
1604 4798 1731 4850 φρο-

1843 4791 2000 4844 ciunt
2030 4807 2044 4842 :
2088 4805 2188 4845 nos
2212 4805 2341 4845 vero
2361 4807 2479 4846 eam
2498 4792 2781 4862 sequimur
2818 4803 2872 4849 et
2900 4795 3278 4860 observamus,
3300 4812 3423 4865 per-

114 4892 378 4950 νοῦντες
410 4888 504 4939 καὶ
526 4886 879 4954 πράττοντες.
918 4881 1108 4948 Ἡμεῖς
1134 4878 1178 4931 δ’
1214 4878 1349 4947 αὐτῇ
1373 4880 1467 4929 καὶ
1488 4872 1731 4944 ἑπόμεθα

1842 4883 1970 4937 inde
2005 4898 2068 4937 ac
2100 4882 2440 4951 impossibile
2461 4884 2533 4939 sit
2561 4893 2623 4938 ut
2650 4900 2713 4939 ea
2746 4900 2990 4941 errorem
3024 4888 3301 4955 praedicet,
3322 4890 3415 4943 sed

113 4984 232 5035 καὶ
275 4976 697 5045 ἀκολουθοῦμεν
721 4991 735 5005 ο
770 4975 847 5037 ὡς
873 4974 948 5043 μὴ
979 4972 1209 5025 δυνατὸν
1232 4967 1371 5023 εἶναι
1403 4968 1573 5036 αὑτήν
1603 4983 1731 5020 ποτε

1843 4976 2018 5045 magis
2069 4977 2353 5030 veritatem
2389 4987 2442 5029 et
2481 4987 2685 5031 rectam
2737 4978 2920 5039 iidem,
2952 4994 3075 5032 cum
3108 4997 3171 5035 ea
3230 4997 3415 5037 secum

112 5073 370 5140 πλάνην
397 5070 665 5139 κηρύξαι·
704 5068 840 5121 ἀλλὰ
874 5068 1077 5135 μᾶλλον
1116 5063 1375 5131 ἀλήθειαν
1404 5060 1731 5128 131690050-

1848 5068 2009 5122 habet
2046 5082 2308 5137 sponsqu
2342 5082 2501 5122 suum
2536 5068 2835 5124 Christum.
2871 5069 3007 5123 Cum
3038 5085 3167 5141 ergo
3190 5072 3263 5125 illi
3296 5075 3422 5127 sub-

110 5171 293 5234 ξίαν,
360 5164 433 5226 ὠς
491 5163 612 5229 μετ’
662 5162 832 5230 αὐτῆς
878 5160 1111 5229 ἔχουσαν
1166 5157 1257 5209 τὸν
1300 5155 1535 5223 νυμφίον
1571 5153 1731 5221 αὐτῆς

1842 5159 2089 5228 jicimur,
2116 5160 2259 5211 intra
2296 5158 2490 5213 salutis
2521 5174 2706 5214 arcam
2724 5162 2881 5229 positi
2907 5175 3119 5226 sumus,
3147 5178 3422 5233 perquam

125 5258 385 5329 Ἰησοῦν
438 5258 529 5308 τὸν
576 5254 834 5322 Χριστόν.
880 5250 1345 5319 ’Υποτασσόμενοι
1405 5243 1499 5314 οὖν
1550 5246 1731 5317 ἐκείνῃ

1848 5267 1912 5306 ex
1944 5251 2041 5303 hac
2070 5251 2232 5304 stulta
2270 5250 2380 5303 vita
2424 5251 2478 5304 in
2528 5258 2789 5304 mternam
2822 5265 2887 5304 ac
2930 5250 3142 5306 beatam
3179 5268 3425 5310 reverte-

104 5356 301 5417 ἐντός
348 5352 514 5420 ἔσμεν
560 5353 658 5418 τῆς
693 5346 966 5414 σωστικῆς
1011 5342 1250 5396 κιϐωτοῦ
1279 5360 1294 5373 ·
1331 5341 1397 5395 δι’
1434 5336 1501 5411 ἦς
1542 5342 1606 5393 ὲκ
1642 5338 1731 5390 τοῦ

1849 5358 1995 5396 mur.
2040 5342 2267 5398 Habetis
2302 5342 2466 5411 igitur
2497 5352 2764 5409 quantum
2831 5341 2964 5397 satis
3002 5351 3087 5397 est
3137 5346 3423 5399 orthodoxi

109 5446 401 5519 ματαίου
436 5443 551 5513 βίου
584 5443 776 5494 τούτου
841 5440 977 5509 πρὸς
1021 5439 1120 5508 τὴν
1146 5436 1317 5489 ἀΐδιόν
1345 5453 1402 5487 τε
1443 5436 1534 5488 καὶ
1566 5450 1731 5502 μακα-

1847 5436 1913 5489 ad
1945 5450 2007 5489 ea
2036 5450 2158 5504 qua:
2185 5436 2330 5490 dicta
2368 5444 2518 5499 sunt,
2573 5434 3027 5501 responsionem:
3064 5438 3119 5491 in
3178 5438 3263 5487 his
3302 5453 3421 5491 ma-

108 5545 266 5614 ρίαν
312 5536 470 5604 ζωὴν
522 5532 889 5602 ὲπανήξομεν.
925 5533 1119 5601 Ἔχετε
1170 5526 1264 5583 οὖν
1300 5530 1394 5582 καὶ
1435 5528 1591 5598 ὑμεῖς
1622 5527 1731 5577 ἱκα-

1848 5539 2003 5594 nete;
2035 5528 2169 5582 nihil
2195 5530 2343 5582 enim
2374 5530 2427 5582 in
2458 5529 2524 5581 iis
2559 5531 2831 5596 reperitur
2857 5530 2957 5583 nisi
3004 5544 3065 5584 ea
3114 5545 3233 5597 qua:
3259 5530 3425 5583 lumi—

107 5634 243 5694 νῶς
298 5625 589 5697 ὁρθόδοξοι
636 5626 737 5693 τὴν
762 5626 869 5677 τῶν
900 5624 1206 5691 εἰρημένων
1247 5618 1563 5687 ἀπολογίαν.
1602 5617 1731 5668 Τού-

1849 5620 2003 5674 naria
2038 5619 2297 5675 Ecclesia:
2320 5620 2517 5689 jubent
2553 5638 2567 5671 :
2598 5636 2779 5690 neque
2811 5622 2910 5686 iis,
2946 5624 3038 5691 qui
3080 5623 3324 5692 litigandi
3368 5634 3425 5676 et

97 5740 249 5788 τοις
285 5718 592 5789 ἐμμένετε,
646 5718 728 5770 ὅτι
774 5719 877 5772 οὐκ
919 5719 1057 5769 εἰσὶν
1103 5716 1269 5786 ἕτερα
1302 5717 1350 5767 εί
1406 5715 1482 5783 μὴ
1524 5711 1595 5765 τὰ
1630 5711 1731 5763 τῶν

1849 5712 2209 5768 contendendi
2239 5714 2370 5767 vitio
2420 5716 2723 5782 loquuntur
2771 5729 2835 5767 ac
2885 5716 3152 5782 scribunt,
3186 5715 3428 5786 vestigiis

246 5904 302 5935 δ’
337 5900 532 5955 Matth.
569 5916 658 5961 xx,
692 5900 775 5953 19.

476 6000 751 6060 PATROL.
794 5999 911 6057 Gtt.
959 5992 1158 6055 CLIX.
2994 5984 3066 6043 39
