4160 6424
181 402 304 465 1929

846 402 994 463 PRO
1031 403 1236 467 CONC.
1275 403 1649 470 FLORENT,
1699 403 1864 467 CAP.
1909 404 2022 467 ΙΙΙ.
2071 405 2168 466 DE
2211 399 2727 467 PURGATORIO.

3289 409 3422 472 193i)

170 517 262 585 τὴν
297 517 678 584 προσήκουσαν
706 514 1098 583 ἀπαιδιῖηομενς
1134 519 1240 570 Καὶ
1275 517 1493 586 πρῶτον
1520 518 1621 583 μὲν
1645 519 1739 570 τὸν

1849 517 1976 571 huic
1992 518 2154 586 capiti
2183 515 2503 583 efferamus,
2529 533 2581 572 ct
2622 535 2739 573 mnu
2773 534 2936 589 quam
2963 521 3116 575 decet
3159 521 3423 576 medelam

167 612 230 660 ἐκ
265 609 557 674 Δαμασκοῦ
610 609 956 678 θεορρήμονα
989 610 1084 661 καὶ
1136 610 1441 677 πάμμεγαν
1485 611 1739 678 Ἰωάννην

169 707 243 762 εἰς
273 704 438 770 μέσον
469 703 838 770 προφέρωμεν
866 718 878 729 ·
915 703 1033 770 μετ’
1072 704 1233 753 αὑτὸν
1281 702 1334 755 δὲ
1373 705 1462 754 καὶ
1497 703 1597 771 τὴν
1627 703 1742 754 λοι-

169 795 273 864 πὴν
306 798 580 864 ἑταιρείαν
606 798 714 848 τῶν
745 796 1101 857 διδασκάλων,
1141 797 1264 858 ταὶις
1302 797 1360 860 ἐξ
1401 796 1574 864 ⁹Εῴας
1612 799 1740 866 ἡμῖν

166 888 573 950 ἀνατείλαντας,
634 891 961 958 συμφώνους
1032 889 1180 956 αὐτῷ
1249 889 1737 959 παραστήσωμεν·

166 981 320 1040 οὗτος
359 983 470 1049 γὰρ
498 983 524 1034 ὁ
561 983 831 1052 μακάριος
879 981 1026 1033 τοῦτ’
1064 981 1217 1044 αὐτὸ,
1248 982 1386 1052 ὅπερ
1431 982 1482 1033 οἱ
1511 983 1619 1050 ξνῦν
1650 983 1741 1035 άν-

166 1076 382 1140 τάρται,
414 1073 511 1140 τῆς
558 1073 708 1139 ἱερᾶς
746 1073 986 1135 συνόδου,
1016 1073 1307 1143 ἀρνοῦνται
1356 1074 1451 1126 καὶ
1500 1073 1741 1126 ἀποϐάλ-

167 1167 368 1228 λονται,
397 1166 618 1234 προθείς
651 1167 729 1227 εἰς
762 1167 1010 1229 ἐξέτασιν
1051 1168 1108 1219 ἐν
1141 1170 1205 1236 τῇ
1246 1167 1373 1236 περὶ
1410 1167 1519 1220 τῶν
1552 1185 1738 1220 κεκοι-

171 1260 430 1328 μημένων
505 1260 670 1312 αὑτοῦ
731 1263 968 1330 μυστικῇ
1042 1261 1285 1331 θεωρῖᾳ,
1358 1261 1501 1328 μάλα
1559 1262 1741 1326 καλῶς

165 1351 491 1418 διεσάφησεν
521 1369 532 1381 '
563 1352 638 1414 ὥς
664 1371 825 1404 τινων
856 1354 982 1421 περὶ
1022 1353 1213 1406 τούτου
1258 1353 1738 1422 διαπορησάντων,

164 1445 240 1504 ὡς
280 1445 551 1509 φαίνεται,
578 1444 655 1512 τῷ
679 1445 799 1497 τότε
839 1446 1052 1516 καιρῷο
1085 1447 1180 1499 καὶ
1231 1445 1390 1512 λόγον
1443 1446 1741 1517 ὀλόκληρον

167 1539 556 1605 ποιησάμενος,
580 1537 848 1589 τάκείνων
871 1537 1150 1604 ἐφίμωσεν
1173 1538 1436 1592 ἀπύλωτα
1468 1539 1736 1608 στόματα.

167 1630 277 1679 Καὶ
308 1631 358 1680 εἴ
385 1646 468 1692 τις
507 1629 763 1691 ἐπιεικῶς
797 1629 862 1682 τά
892 1631 1008 1682 ἐκεῖ
1032 1631 1266 1698 ἀκαγνῷ,
1305 1630 1638 1701 θαυμάσειεν
1676 1635 1740 1686 ἂν

167 1721 390 1783 ἱκανῶς,
438 1722 530 1774 καὶ
574 1721 824 1790 οὐδαμῶς
874 1722 1234 1786 ἐπενδοιάζων
1281 1725 1435 1777 ἐσται
1481 1725 1620 1794 πρὸς
1645 1726 1740 1795 τὴν

162 1814 409 1877 ἐξέτασιν
432 1831 446 1844 ·
479 1813 615 1866 ἀλλὰ
645 1817 749 1884 πρδ
791 1813 884 1866 τοῦ
918 1813 1187 1884 ἄρξασθαι
1222 1817 1330 1870 τῶν
1376 1817 1563 1870 τούτου
1605 1837 1740 1872 παν-

163 1907 347 1974 σόφων
368 1906 538 1974 λόγων
568 1924 622 1959 τε
656 1908 751 1959 καὶ
784 1907 1123 1977 μαρτυριῶν,
1152 1909 1243 1961 τὸν
1277 1909 1435 1977 λόγον
1466 1911 1542 1973 ὡς
1573 1912 1629 1963 ἐν
1657 1911 1739 1964 δι-

162 1999 453 2067 καστηρίῳ
499 1999 814 2068 μερίσωμεν
841 2016 855 2028 ·
891 2003 980 2051 καὶ
1021 2001 1218 2068 ῥᾳδίως
1250 2004 1360 2062 τοῖς
1395 2002 1744 2072 βουλομένοις

165 2093 299 2144 ἰδεῖν
347 2092 448 2159 τὴν
494 2093 763 2160 ἀλήθειαν
824 2095 1155 2164 προθῶμεν·
1193 2097 1249 2147 ἐν
1285 2096 1436 2160 τάξει
1469 2097 1565 2160 τάς
1607 2115 1746 2167 μαρ-

161 2187 380 2255 τυρίας,
413 2188 476 2250 ἃς
521 2189 730 2248 ἐκεῖνος
760 2189 787 2240 ὁ
833 2188 974 2250 θεῖος
1011 2189 1149 2258 ἀνὴρ
1181 2191 1550 2260 ἐπιτροχάδην
1584 2191 1740 2244 ἐκτέο

160 2285 346 2334 οεικεν
374 2298 386 2311 ⁸
439 2281 780 2351 μεμνημένοι
813 2282 906 2334 τοῦ
938 2281 1210 2348 λέγοντος,
1262 2284 1335 2344 ὡς
1370 2284 1435 2335 Ὀ
1483 2283 1744 2346 πολλάκις

159 2376 355 2444 λέληθε
388 2377 506 2438 τοὺς
534 2377 796 2438 τελείους,
825 2375 984 2428 τοῦτο
1010 2376 1223 2429 παιδίον
1249 2376 1373 2447 εῦρε
1399 2395 1415 2410 ⁸
1441 2375 1534 2430 καὶ
1566 2377 1592 2429 ὁ
1619 2379 1744 2440 τοὺς

162 2471 365 2537 σοφοὺς
410 2471 784 2542 παρέδραμεν,
842 2471 1082 2532 ἰδιώταις
1133 2471 1392 2540 ἐνέτυχεο
1427 2471 1520 2524 καὶ
1547 2472 1574 2524 ὃ
1616 2475 1745 2535 τοὺς

157 2561 516 2621 διδασκάλους
554 2561 788 2625 διέλαθε,
817 2563 978 2615 τοῦτο
1008 2564 1250 2633 μαθηταὶ
1291 2566 1741 2635 ἐπεμνήσθησαν.

159 2654 336 2707 Τοῦτο
390 2655 434 2707 δ’
469 2658 632 2724 ἡμεῖς
682 2655 742 2706 ού
794 2655 1086 2723 τολμῶμεν
1132 2659 1310 2710 εἰπεῖν
1338 2676 1352 2690 ο
1405 2659 1520 2710 ἀλλ’
1553 2659 1743 2728 ὥσπερ

163 2749 312 2816 ῥᾶγα
348 2750 479 2816 μετᾶ
505 2750 597 2799 τίον
627 2750 899 2817 τρυγητὸν
935 2750 1457 2821 καταλελειμμένην,
1486 2757 1577 2805 καὶ
1617 2757 1742 2807 στά-

167 2857 270 2906 χυν
306 2840 446 2908 μετὰ
484 2839 575 2890 τὸν
609 2838 820 2908 ἀρητὸν
848 2839 936 2892 διὰ
966 2839 1026 2892 τὸ
1053 2841 1260 2908 πλῆθος
1290 2843 1742 2912 παρεωραμένον,

167 2932 265 2983 καὶ
321 2933 502 2982 πᾶσαν
535 2930 757 3000 ὀπώραν
793 2931 982 2993 ἁπλῶς
1031 2933 1126 2987 ἐπὶ
1174 2932 1415 3001 δένδροις
1455 2934 1593 3003 μετὰ
1643 2935 1742 3005 τὴν

165 3023 437 3092 συλλογὴν
470 3023 875 3093 ἐκλελησμένην
909 3024 1408 3093 ἐπισωρεύσαντες,
1447 3025 1588 3078 οὕτω
1617 3029 1745 3090 τοὺς

165 3118 549 3186 βουλομένους,
583 3115 677 3168 τοῦ
719 3118 897 3186 Ἰησοῦ
934 3117 1169 3184 Χριστοῦ
1206 3118 1615 3188 συνεργοῦντος,
1651 3121 1744 3172 καὶ

1849 610 2228 664 adhibeamus.
2289 609 2642 680 Primumque
2710 613 2957 666 divinum
3011 623 3064 667 ct
3125 615 3422 668 maximum

1846 699 2110 756 Joannem
2180 702 2574 757 Damasccnum
2627 707 2678 758 in
2735 707 2971 760 medium
3037 706 3425 775 producamus.

1848 794 2041 847 deinde
2070 803 2124 849 et
2150 794 2418 864 reliquum
2444 797 2726 851 doctorum
2745 809 2969 864 emtum,
3000 799 3091 869 qui
3117 798 3186 852 ab
3205 797 3427 852 Oriente

1845 885 2170 941 ellulserunt
2236 903 2532 958 secumque
2579 892 2985 954 consentiunt,
3041 892 3324 946 sistcmus.
3380 890 3427 944 ls

1846 981 1990 1035 enim
2035 985 2224 1037 beatus
2263 985 2344 1038 vir
2380 986 2482 1040 hoc
2517 985 2660 1039 idem
2685 987 2885 1053 ipsum,
2911 987 3052 1054 quod
3120 999 3291 1040 sacrae
3339 999 3429 1053 sy-

1848 1071 1990 1125 nodo
2014 1071 2342 1128 rebellantes
2367 1085 2562 1144 ncgant
2589 1084 2641 1128 et
2670 1074 3001 1144 despiciunt.
3031 1073 3096 1128 ad
3119 1075 3427 1137 disquiren-

1845 1163 1973 1218 dum
2003 1180 2313 1234 proponens
2366 1167 2418 1219 in
2492 1167 2631 1221 libro
2672 1167 2745 1222 lle
2804 1168 3031 1237 mystica
3085 1177 3424 1220 mortuorum

1846 1260 2312 1322 consideratione.
2363 1260 2571 1328 liquido
2625 1262 2941 1328 declaravit,
3002 1263 3158 1330 quasi
3213 1261 3282 1315 de
3321 1261 3427 1314 hoc

1845 1357 2062 1423 quidam
2093 1372 2160 1408 eo
2189 1363 2455 1425 tempore,
2518 1366 2574 1409 ut
2619 1355 2851 1420 videtur,
2907 1354 3269 1422 ambigerem,
3303 1367 3420 1407 ora-

1846 1449 2106 1516 tioneque
2171 1449 2379 1516 integra
2418 1448 2750 1516 conscripta,
2801 1462 2992 1501 eorum
3021 1446 3282 1500 eﬂrenata
3324 1447 3426 1499 ob-

1844 1544 2049 1597 SIruxit
2078 1558 2194 1599 ora.
2227 1543 2381 1609 Quod
2411 1544 2454 1598 si
2485 1545 2608 1612 quis
2645 1543 2784 1596 bona
2836 1545 2939 1596 ﬁde
2971 1557 3096 1610 qua:
3152 1540 3220 1592 ibi
3253 1539 3427 1592 couti-

1847 1645 2049 1688 nentur
2086 1635 2401 1704 perlegerit,
2429 1644 2694 1704 quantum
2733 1634 2866 1688 satis
2925 1645 3010 1687 cst
3043 1631 3426 1695 athuirabitur,

1844 1743 1946 1783 nec
1975 1729 2207 1795 amplius
2241 1728 2597 1796 qu:cstionem
2633 1727 2684 1779 in
2715 1725 2940 1779 dubium
2976 1723 3277 1777 revocabit.
3313 1723 3427 1775 (Σιρ-

1848 1835 2024 1877 terum
2057 1833 2347 1888 antequam
2387 1823 2702 1876 doctissima
2760 1820 2923 1889 hujus
2969 1820 3132 1872 verba
3167 1827 3220 1872 et.
3278 1817 3431 1870 testi-

1849 1912 2028 1964 monia
2075 1911 2325 1980 proferre
2405 1911 2758 1980 incipiamus,
2813 1912 3115 1965 oralionem
3181 1917 3425 1963 nostrain

1847 2010 2106 2070 tanquam
2135 2003 2186 2054 in
2207 2001 2416 2070 judicio
2439 2001 2768 2060 dividamus.
2793 2010 2847 2054 et
2887 2002 2951 2054 iis
2977 2001 3070 2070 qui
3101 2000 3210 2053 veri
3245 1999 3428 2052 studio

1845 2095 2143 2159 ducuntur,
2179 2108 2569 2162 proponamus,
2630 2093 2821 2147 ordine
2868 2093 2919 2146 in
2959 2091 3310 2146 recensendis
3348 2101 3429 2146 tc-

1847 2187 2125 2243 stimoniis
2154 2198 2531 2256 servato,qu:e
2582 2189 2689 2243 illis
2725 2188 2945 2242 divinus
2974 2190 3054 2242 vir
3087 2191 3288 2242 cursim
3329 2205 3425 2244 cx-

1845 2280 2050 2350 posuit,
2107 2280 2312 2334 dictum
2362 2280 2414 2334 id
2453 2282 2505 2336 in
2545 2282 2860 2335 memoriam
2927 2281 3244 2352 redigendo,
3280 2285 3428 2352 quod

1844 2391 1986 2444 puer
2013 2375 2063 2428 id
2104 2376 2249 2446 quod
2305 2375 2582 2430 mnltoties
2642 2375 2797 2428 latuit
2851 2375 3085 2436 adultos,
3123 2375 3428 2437 adinveuit,

1846 2477 1902 2523 et
1937 2470 2083 2537 quod
2121 2469 2398 2538 sapientes
2420 2469 2705 2538 prmteriit,
2755 2469 2930 2523 idiota:
2961 2469 3221 2532 occurrit,
3252 2469 3427 2537 quod-

1845 2577 1951 2628 que
1980 2561 2296 2614 doctoribus
2329 2571 2668 2630 compertum
2707 2576 2813 2614 non
2859 2573 2960 2622 est.
3003 2561 3122 2629 ejus
3171 2561 3426 2630 discipuli

1850 2653 2240 2706 tneinineruut.
2282 2651 2480 2706 Verum
2544 2653 2594 2706 id
2647 2666 2746 2703 τινε
2782 2651 2964 2705 dicere
2997 2668 3100 2705 non
3137 2654 3423 2716 audemus,

1846 2745 1939 2798 sed
1987 2745 2144 2813 quasi
2176 2759 2451 2799 racemum
2498 2757 2618 2814 post
2652 2745 2978 2799 vindemiam
3015 2745 3346 2798 derelictum
3376 2754 3430 2798 ct

1848 2838 2052 2906 spicam
2090 2847 2210 2906 post
2269 2853 2500 2892 messem
2542 2853 2649 2907 prae
2687 2839 2854 2891 nimia
2909 2839 3063 2906 copia
3103 2839 3425 2908 neglectam,

1846 2941 1898 2984 et
1931 2929 2173 2998 reliquos
2205 2929 2440 2992 h-uctus,
2481 2941 2538 2983 ιιι
2566 2946 2673 2983 uno
2711 2931 2879 2984 verbo
2909 2932 3110 2995 dicam,
3149 2942 3271 3001 post
3303 2931 3428 2984 iiIOs

1849 3032 2137 3090 pcreeptos
2189 3021 2453 3074 oblivioni
2515 3023 2750 3076 traditos
2783 3037 3191 3089 coacervautcs,
3230 3026 3301 3079 ita
3333 3041 3426 3080 eos

1867 3114 1959 3182 qui
1994 3113 2202 3183 dignati
2237 3111 2437 3166 fuerint
2463 3114 2819 3182 cscipicmus,
2849 3115 3215 3169 Christth-su
3245 3119 3427 3187 Opilli-

155 3214 256 3263 τὸν
287 3211 442 3277 λόγον
473 3209 559 3262 διὰ
587 3208 696 3262 τῶν
729 3210 978 3279 ἐναργῶν
1012 3210 1344 3275 ἀποδείξεων
1376 3212 1738 3280 βεόαιοῦντος,

1852 3209 1996 3262 laute
2020 3220 2072 3263 ct
2096 3211 2399 3264 orationem
2438 3219 2673 3263 nostram
2706 3211 2910 3279 apertis
2939 3212 3394 3268 demonstrationi
3415 3245 3427 3255 -

158 3309 558 3378 δεξιωσόμεθα.

235 3401 329 3462 Εἰς
362 3402 504 3469 τρεῖς
535 3401 713 3452 τοίνυν
759 3400 982 3468 γενικὰς
1018 3400 1262 3468 μερίδας.
1307 3401 1486 3453 είτουν
1522 3401 1732 3467 τάξεις,

154 3497 291 3556 τοὺς
326 3495 764 3562 προαπελθόντας
817 3496 1024 3554 πάντας
1060 3495 1398 3564 ἀπέρχεσθαι
1438 3495 1730 3566 τάττομεν.

163 3589 234 3636 ἰι
289 3587 378 3638 καὶ
419 3586 662 3655 δείξομεν
720 3587 864 3654 μάλα
915 3588 1223 3652 γενναίως·
1262 3587 1323 3639 ού
1377 3587 1482 3656 γάρ
1518 3587 1741 3656 θεμιτὸν

152 3678 340 3739 ἄλλως
381 3679 574 3732 εἰπεῖν.
607 3679 751 3731 Μίαν
793 3680 892 3747 μὲν
932 3680 1025 3731 καὶ
1078 3678 1324 3749 πρώτην,
1354 3681 1445 3731 τὸν
1490 3681 1599 3732 τῶν
1627 3679 1742 3731 θεο-

153 3775 350 3842 φορων
395 3773 484 3824 καὶ
533 3771 703 3838 ἁγίων
735 3773 949 3840 ἀνδρῶν
1001 3772 1290 3838 σύλλογον·
1327 3773 1379 3824 οἵ
1411 3774 1570 3836 εἰσιν,
1611 3772 1744 3824 ἀπό-

155 3867 367 3926 στολοι,
430 3865 727 3933 μάρτυρες,
792 3865 1069 3934 ἱεράρχαι,
1135 3865 1396 3934 ἀσκηταὶ,
1459 3867 1594 3917 ὅσιοι
1652 3867 1744 3916 καὶ

150 3961 388 4012 δίκαιοι.
424 3958 487 4011 Οἳ
532 3958 669 4026 μετὰ
705 3958 764 4010 τὸ
796 3959 1186 4027 βαπτισθῆναι,
1217 3960 1442 4030 οὐδεμιᾷ
1474 3960 1608 4022 ὅλως
1646 3959 1743 4026 τῆς

149 4054 444 4122 ἁμαρτίας
494 4053 666 4121 κηλίδι
710 4054 984 4105 ὑπέπεσον
1011 4070 1022 4082 ⁸
1071 4053 1266 4123 ἁγνεία
1308 4055 1363 4107 δὲ
1413 4056 1612 4123 μᾶλλον
1652 4054 1743 4106 καὶ

153 4147 494 4217 σωφροσύνῃ
548 4147 888 4216 ἀσκήσαντες
929 4148 1180 4210 ἑαυτοὺς,
1217 4148 1313 4200 καὶ
1357 4149 1636 4217 καθαροὺς
1667 4149 1742 4200 οἶ-

148 4255 299 4298 κους
345 4238 436 4289 τοῦ
479 4238 796 4306 [Ῑνεύματος
833 4237 900 4289 τά
933 4238 1141 4290 ἑαυτῶν
1181 4240 1591 4292 κατεσκεύασαν
1639 4237 1742 4290 σώ-

151 4349 319 4401 ματα
341 4346 356 4360 ο
385 4331 434 4383 οἱ
469 4333 799 4400 μισήσαντες
833 4331 925 4383 τὸν
955 4331 1157 4400 κόσμον
1198 4333 1386 4382 τοῦτον
1411 4332 1502 4384 τὸν
1532 4331 1744 4400 δρώμε-

146 4441 278 4481 νον.
316 4424 405 4474 καὶ
448 4423 586 4492 μόνα
639 4422 974 4491 ποθήσαντες
1025 4423 1092 4474 τά
1141 4424 1390 4492 οὐράνια.
1432 4424 1595 4475 Ὅθεν
1648 4426 1743 4474 καὶ

145 4514 443 4570 ἀπέλαϐον
485 4514 544 4567 ὃν
579 4515 881 4584 ἡτοίμασαν
921 4515 1135 4576 ἑαυτοῖς
1157 4517 1322 4567 τόπον
1358 4515 1458 4582 τῆς
1491 4516 1736 4567 ἀναπαύο

1850 3303 1949 3356 bus
1973 3304 2325 3372 approbante.

1921 3397 1974 3450 In
2003 3406 2114 3451 tres
2145 3398 2312 3467 igitur
2334 3400 2615 3466 generales
2649 3409 2833 3469 partes
2861 3401 2975 3456 sire
2998 3403 3204 3458 classes
3233 3404 3426 3458 defun-

1846 3503 1963 3546 ctos
2011 3506 2202 3545 omnes
2259 3493 2412 3546 abire
2466 3493 2863 3549 decernimus:
2899 3499 3044 3563 quod
3091 3504 3146 3549 et
3209 3499 3426 3568 egregie

1847 3584 2355 3653 comprobabimus.
2421 3600 2528 3638 non
2587 3586 2729 3639 enim
2795 3587 3158 3643 aliterdicere
3208 3589 3286 3643 las
3319 3599 3423 3644 est.

1848 3679 2019 3733 Unam
2046 3688 2098 3732 et
2127 3679 2377 3744 primam,
2413 3682 2722 3735 divinorum
2748 3692 2800 3736 et
2829 3693 3142 3738 sanctorum
3181 3687 3423 3740 virorum

1845 3781 2072 3836 emtum,
2111 3774 2392 3839 apostolus
2449 3774 2683 3837 scilicet,
2742 3787 3026 3846 martyres,
3083 3778 3424 3844 hierarchas,

1849 3863 2084 3916 athletas
2137 3861 2230 3916 Dei
2272 3874 2490 3918 sanctos
2540 3865 2817 3933 etjnstos,
2875 3867 2966 3934 qui
3010 3867 3154 3922 nulla
3206 3870 3424 3936 penitus

1851 3963 1969 4022 post
2000 3955 2327 4022 baptismum
2375 3955 2587 4009 macula
2631 3967 2978 4025 peccatorum
3014 3957 3178 4011 vitam
3214 3974 3424 4026 resper-

1850 4056 2058 4106 scrunt.
2095 4049 2189 4102 sed
2224 4047 2276 4101 iu
2308 4048 2632 4102 castimonia
2673 4059 2724 4101 et
2758 4051 3122 4118 temperantia
3163 4053 3335 4123 titagis
3365 4069 3423 4107 se

1847 4147 2229 4202 CXCI‘CIICTUIH,
2272 4149 2643 4209 curaruntque
2671 4151 2730 4193 lli.
2761 4156 2857 4195 sua
2901 4157 3130 4210 corpora
3161 4153 3420 4214 tanquam

1848 4230 2042 4284 domos
2097 4245 2125 4282 a
2161 4231 2446 4300 spiritibus
2492 4233 2723 4284 mundas
2764 4235 3085 4291 eﬂicerettt:
3139 4237 3231 4305 qui
3275 4237 3423 4291 hunc

1847 4325 2116 4379 visibilem
2151 4326 2410 4378 mundum
2436 4324 2562 4379 odio
2597 4325 2908 4379 habuerunt
2952 4337 3005 4379 et
3030 4327 3269 4382 cmlestia
3304 4339 3425 4383 tan-

1848 4424 1962 4469 tum
2018 4416 2438 4484 concupierunt,
2489 4417 2689 4484 quibus
2753 4417 2915 4471 rebus
2972 4418 3149 4473 locum
3216 4421 3420 4488 quietis

1849 4515 2190 4574 receperunt,
2218 4521 2376 4575 quem
2413 4506 2515 4559 sibi
2570 4515 2726 4560 antea
2762 4519 3168 4576 compararunt.
3207 4509 3263 4562 Si
3290 4525 3421 4566 vero

147 4624 329 4669 σεως.
357 4606 417 4658 El
443 4607 498 4658 δὲ
530 4607 625 4658 καὶ
655 4606 797 4675 μετὰ
826 4607 884 4658 τὸ
915 4606 1304 4675 βαπτισθῆναι,
1337 4610 1443 4659 τινὶ
1470 4608 1741 4677 ἁμαρτίας

1854 4612 1972 4670 post
2006 4601 2336 4668 baptismum
2376 4599 2616 4668 aliqu'un
2655 4602 2862 4670 peccati
2901 4601 3076 4654 labem
3127 4612 3422 4658 contraxe-

144 4700 346 4766 κηλίδι
399 4699 694 4762 ὑπέπεσον,
741 4692 860 4750 εἶτα
908 4698 988 4750 ἐτι
1030 4698 1254 4761 ζῶντες,
1299 4700 1330 4767 ἢ
1384 4700 1476 4751 καὶ
1520 4701 1656 4769 μετά
1685 4701 1743 4751 τὸ

139 4788 470 4844 ἀποθέσθαι
500 4790 560 4840 τὸ
591 4791 750 4857 σῶμα
783 4788 1178 4858 καθαρθέντες,
1207 4791 1271 4860 τῇ
1308 4790 1544 4861 οὐρανίῳ
1578 4809 1745 4861 προσο

135 4883 409 4950 δέχονται
472 4883 746 4952 κατοικία,
797 4885 937 4934 κατὰ
986 4881 1079 4934 τὸν
1125 4884 1268 4935 θεῖον
1315 4884 1409 4935 καὶ
1464 4883 1607 4952 ἱερὸν
1646 4887 1741 4953 τῆς

139 4977 387 5030 συνόδου
415 4977 540 5047 ὅρον
567 4993 580 5006 ·
613 4975 812 5044 ὁμοίως
843 4975 906 5044 δὴ
939 4976 1032 5028 καὶ
1064 4979 1112 5028 οἱ
1161 4975 1268 5046 πρὸ
1299 4976 1392 5028 τοῦ
1429 4976 1741 5046 βαπτίσμα-

133 5083 249 5124 τος
288 5063 377 5115 δια
406 5064 510 5115 τῶν
542 5063 752 5133 ἀρετῶν
793 5065 1081 5128 σωθέντες,
1117 5066 1494 5135 προπάτορες,
1531 5070 1745 5138 προφῆ·

131 5173 274 5218 ται,
312 5155 674 5223 πατριάρχαι,
711 5155 804 5206 καὶ
834 5154 1058 5207 δίκαιοι.
1095 5155 1202 5217 Οὓς
1234 5156 1452 5209 elatave
1485 5158 1738 5226 Χριστὸς,

132 5248 257 5301 καὶ
289 5246 358 5296 ἐκ
379 5246 486 5298 τῶν
525 5247 738 5298 ἁλύτων
767 5245 860 5298 τοῦ
893 5247 1020 5316 ᾅδου
1055 5248 1270 5316 δεσμῶν
1317 5249 1508 5315 λύσας,
1540 5253 1743 5319 ἀνήγα-

132 5356 260 5410 γεν
314 5337 394 5398 είς
447 5337 778 5407 παράδεισον
815 5341 911 5390 καὶ
960 5338 1149 5393 τούτου
1198 5341 1493 5393 ἀπολαύειν
1523 5342 1742 5411 ήξίωσε,

127 5430 442 5499 Δευτέραν
469 5430 552 5492 δέ,
587 5432 694 5482 τῶν
732 5432 933 5500 μέσων,
966 5432 1085 5501 ήτοι
1133 5435 1240 5486 τῶν
1271 5435 1327 5485 ἐν
1369 5435 1629 5504 μετανοίᾳ
1660 5453 1743 5486 τε·

129 5532 154 5581 ;
176 5524 549 5592 ευτησάντων
573 5538 587 5553 ⁶
618 5524 710 5576 καὶ
737 5525 794 5574 ἐν
818 5523 1206 5592 ἐξομολογήσει
1235 5526 1332 5593 μὲν
1358 5526 1449 5576 καὶ
1480 5526 1740 5595 συντριϐῇ

123 5622 255 5689 τῆς
317 5615 571 5684 καρδίας,
628 5617 878 5682 ἀφέντων
927 5616 996 5668 τά
1035 5617 1242 5668 ἐαυτῶν
1300 5618 1610 5686 πνεύματα,
1666 5621 1739 5686 μὴ

124 5712 495 5785 φθασάντων
534 5710 590 5760 δέ
619 5709 1004 5778 ἱκανοποιῆσαι
1041 5711 1169 5775 περί
1202 5710 1307 5762 τῶν
1333 5711 1741 5778 ἡμαρτημένων

122 5805 299 5876 ὁμοῦ
343 5804 434 5854 καὶ
466 5802 830 5872 ἠμελημένων
874 5803 1076 5864 αὐτοῖς,
1111 5803 1198 5854 διὸ.
1228 5803 1326 5872 τὴν
1360 5803 1620 5864 πολλάκις
1656 5805 1742 5855 al-

129 5901 377 5972 γνῇιον
413 5897 504 5949 καὶ
538 5894 739 5966 ἁθρόαν
769 5895 1117 5969 μεταλλαγήν
1146 5912 1157 5927 ·
1203 5894 1407 5967 ταύτην
1444 5898 1498 5946 ἐν
1530 5895 1605 5965 τῷ
1642 5914 1738 5951 κα-

1850 4703 1996 4753 runt,
2032 4693 2220 4746 eadem
2258 4693 2374 4760 ipsa
2414 4695 2493 4744 vel
2528 4692 2655 4745 dum
2686 4692 2861 4746 adhuc
2893 4693 3154 4757 viverent,
3191 4695 3267 4750 rel
3299 4707 3426 4761 post

1849 4780 2154 4856 depositum
2186 4802 2384 4852 corpus
2419 4785 2726 4848 mumlatos,
2773 4786 2825 4837 in
2867 4786 3145 4840 caelestem
3191 4790 3422 4857 patriam

1849 4881 2076 4943 assumi,
2109 4879 2410 4934 secundum
2456 4880 2699 4932 divinum
2732 4890 2785 4933 et
2837 4895 3053 4933 sacrum
3105 4883 3298 4952 synodi
3332 4884 3427 4937 de-

1849 4984 2080 5027 cretum.
2111 4973 2212 5027 Eos
2250 4975 2414 5026 etiam
2454 4972 2726 5036 addimus,
2777 4975 2868 5041 qui
2904 4987 3031 5028 ante
3091 4974 3421 5043 baptismum

1850 5083 2071 5120 suarum
2137 5068 2396 5119 \irtntum
2457 5066 2724 5119 benelit-io
2778 5065 2976 5120 servati
3024 5073 3172 5126 sunt.
3219 5068 3426 5137 primm

1849 5158 2056 5223 Patres,
2095 5159 2406 5228 prophetas,
2452 5157 2793 5223 patriarchas
2833 5166 2885 5210 et
2912 5159 3114 5226 justus,
3149 5174 3288 5226 quos
3321 5173 3424 5212 suo

1851 5251 2082 5304 adventu
2115 5247 2367 5302 Christus
2419 5249 2487 5299 ab
2543 5246 2741 5301 inferni
2795 5248 3026 5302 \inculis
3063 5250 3322 5303 liberatos
3372 5253 3427 5302 in

1848 5341 2042 5395 ςωιυιη
2078 5340 2325 5403 deduxit,
2351 5351 2405 5392 et
2433 5349 2490 5392 ut
2521 5355 2585 5392 eo
2649 5339 2962 5392 fruerentur
2997 5340 3192 5407 dignos
3222 5340 3426 5395 eﬂecit.

1850 5431 2157 5485 Secundam
2203 5446 2330 5484 vero
2381 5429 2704 5492 mediorum,
2738 5430 2849 5482 sive
2880 5429 3093 5483 illorum
3129 5434 3220 5500 qui
3253 5437 3429 5499 ι)ωηὶ-

1855 5535 2028 5577 tentes
2057 5525 2428 5582 decesserunt,
2463 5536 2524 5573 ac
2557 5521 2609 5573 in
2639 5521 2988 5576 confessione
3019 5533 3069 5574 et
3099 5523 3280 5575 cordis
3297 5537 3427 5576 cou-

1854 5615 2077 5667 tritioue
2107 5613 2358 5682 spiritum
2388 5613 2685 5665 emiserunt
2719 5628 2731 5676 ;
2768 5612 2866 5665 sed
2910 5611 3117 5664 sublata
3157 5612 3223 5665 iis
3257 5613 3427 5666 lacul-

1855 5718 1963 5760 tate
1999 5705 2372 5759 satisfaciendi
2410 5719 2504 5773 pro
2529 5705 2788 5773 peccatis,
2821 5705 2902 5756 vel
2931 5703 3152 5757 omissis
3179 5704 3426 5772 ipsorum

1854 5803 1923 5854 ob
1960 5802 2299 5870 repentinam
2348 5805 2433 5866 (ut
2482 5797 2560 5864 fit)
2594 5807 2646 5850 et
2693 5808 3130 5850 momentaneam
3160 5785 3435 5867 demigra-

1858 5896 2101 5961 tioncm;
2142 5895 2280 5948 hanc
2345 5892 2396 5946 in
2433 5891 2749 5962 purgatorio
2789 5906 2912 5948 esse
2945 5890 3218 5957 dicimus;
3260 5898 3432 5961 quod-
