4160 6424
724 383 853 448 1231

1914 369 2233 433 JOSEl’HI
2276 364 2826 430 METI-IONENSIS

3864 355 4023 421 1232

723 518 831 573 que
862 501 895 555 ii
931 514 1038 553 non
1072 503 1366 567 potuerunt
1404 492 1456 546 in
1490 491 1596 545 vita
1640 489 1922 559 perﬁcere,
1958 502 2059 557 pro
2090 487 2175 540 bis
2209 499 2306 538 sn-

2426 478 2696 549 ὶαρτηρίῳ
2754 478 2991 545 λέγομεν
3045 468 3209 528 εἶναι.
3266 475 3374 526 Καὶ
3424 474 3565 543 ὅπερ
3595 473 3696 526 οὐκ
3756 471 4027 540 ἔφθασαν

722 592 978 665 perstiles
1017 590 1081 643 ad
1118 585 1546 655 redemptionem
1571 599 1728 653 opem
1771 581 1975 642 ferunt,
2002 579 2305 635 secundum

730 687 880 741 illius
907 683 1135 739 dictum,
1163 676 1221 733 Si
1245 678 1384 733 forte
1403 676 1530 745 quid
1567 674 1735 744 prosit
1770 674 1865 728 tibi
1906 690 1921 728 :
1972 671 2137 739 idque
2182 684 2309 724 san-

725 788 936 833 ctarum
984 788 1206 845 precum
1244 771 1531 832 beneﬁcio,
1569 766 1959 837 eleemosynis,
2023 761 2307 817 sacriﬁciis

727 871 961 939 aliisque
1013 868 1116 936 piis
1159 864 1443 934 operibus,
1477 871 1535 914 ut
1570 862 1623 913 in
1666 858 1855 913 divino
1892 866 1945 930 et
2008 868 2168 911 sacro
2214 853 2308 907 de-

729 970 883 1017 creto
940 959 1143 1028 optime
1197 957 1463 1023 scriptum
1523 963 1631 1007 est.
1665 949 1904 1005 Tertiam
1956 956 2012 1002 et
2060 947 2305 1001 ultimam

729 1052 1121 1109 constituimus
1155 1064 1346 1103 eorum
1371 1047 1465 1117 qui
1500 1047 1553 1099 in
1595 1044 1918 1099 mortalibus
1952 1039 2187 1110 peccatis
2241 1051 2307 1093 ex

732 1147 835 1199 bac
867 1146 976 1197 vita
1008 1144 1406 1211 migravernnt,
1472 1138 1791 1205 nullumque
1844 1134 1943 1190 sibi
1979 1133 2310 1211 paenitentiae

730 1236 1042 1308 praesidium
1070 1234 1199 1288 dum
1225 1232 1471 1287 viverent
1517 1230 1880 1295 reliquerunt.
1921 1210 2153 1296 quorum
2191 1226 2309 1278 ani-

733 1343 853 1382 mas
884 1330 950 1381 ad
1008 1326 1222 1379 inferos
1278 1324 1463 1377 statim
1515 1320 1867 1384 descendere,
1912 1317 2088 1387 poenis
2132 1324 2310 1369 tamen

731 1420 1047 1490 disparibus
1101 1415 1412 1487 plectendas
1476 1426 1694 1467 sacrum
1756 1409 1931 1464 innuit
2002 1410 2307 1462 decretum.

733 1512 1007 1566 Caeterum
1040 1511 1107 1564 de
1153 1508 1314 1577 primi
1343 1506 1557 1561 ordinis
1594 1515 1760 1567 statu,
1813 1518 1935 1570 qum
1972 1518 2161 1555 corum
2216 1501 2308 1569 qui

733 1603 1038 1657 liberantur
1072 1600 1264 1653 classis
1285 1608 1390 1663 est,
1426 1612 1547 1666 qua:
1582 1606 1634 1649 et
1659 1596 1929 1665 iustorum
1969 1593 2154 1646 fruitio
2189 1605 2313 1644 esse

736 1696 956 1755 dieitur,
1000 1692 1408 1760 responsionem
1446 1689 1683 1758 reperies
1736 1688 1788 1741 in
1863 1695 2061 1754 quarto
2109 1682 2312 1738 decreti

737 1788 938 1857 capite,
968 1787 1034 1838 de
1068 1801 1178 1855 quo
1215 1800 1315 1838 nos
1376 1792 1536 1837 antea
1582 1784 1967 1851 disputaturos
2019 1792 2140 1832 esse
2197 1775 2309 1844 pol-

740 1880 873 1935 liciti
916 1895 1132 1943 smnus,
1165 1878 1499 1946 peculiarem
1535 1876 1636 1930 hac
1691 1878 1757 1930 de
1791 1889 1847 1929 re
1899 1882 2188 1927 tractatum
2238 1870 2315 1924 fa-

732 1975 875 2027 cturi
907 1990 921 2026 :
953 1982 1237 2043 propterea
1271 1971 1455 2025 multis
1514 1968 1696 2023 verbis
1738 1967 1825 2021 hic
1870 1981 1978 2020 non
2033 1975 2113 2019 est
2151 1978 2315 2034 opus,

734 2069 937 2138 quippe
971 2066 1065 2137 qui
1126 2066 1179 2119 in
1244 2079 1310 2119 eo
1369 2064 1490 2119 loco
1532 2062 1640 2116 Deo
1676 2060 1970 2131 adjnvaute
2030 2058 2318 2127 responde-

736 2162 939 2216 bimus.

812 2433 1147 2498 Proximum,
1181 2442 1241 2485 ut
1274 2430 1363 2485 hic
1414 2428 1482 2483 de
1528 2427 1767 2485 secunda
1813 2436 1866 2481 et
1928 2425 2084 2481 tertia
2133 2424 2317 2480 classe

738 2526 1118 2581 disseramus:
1147 2534 1201 2577 at
1238 2523 1303 2576 de
1336 2522 1496 2577 tertia
1529 2521 1673 2575 nulla
1718 2518 1878 2574 nobis
1924 2529 2007 2573 est
2037 2532 2170 2573 cura
2221 2533 2319 2572 su-

739 2617 1042 2687 scipienda,
1093 2615 1349 2684 quot-iatn
1412 2630 1587 2681 neque
1634 2611 1880 2667 Ecclesia
1912 2626 2089 2681 neque
2139 2610 2319 2665 sancti

740 2711 978 2779 aliquam
1014 2709 1080 2762 de
1106 2709 1169 2760 iis
1192 2707 1284 2774 qui
1348 2708 1414 2758 ad
1460 2704 1708 2759 eamdem
1756 2703 2034 2771 pertinent
2084 2703 2316 2756 classem

744 2801 858 2854 ﬁeri
889 2799 1465 2855 coniinemorationetu
1497 2797 1845 2866 permittunt,
1867 2809 2070 2863 eosque
2096 2795 2320 2848 omnino

742 2895 1033 2947 damnatos
1058 2906 1181 2946 esse
1200 2890 1472 2952 sentiunt,
1492 2889 1656 2943 veluti
1676 2886 1994 2955 desperatos
2018 2895 2073 2940 et
2112 2887 2323 2953 absque

742 2986 1066 3057 paenitentia
1099 2985 1224 3038 hinc
1260 2983 1523 3038 sublatos.
1560 2982 1635 3036 De
1677 2982 1762 3034 his
1790 2980 1938 3034 enim
1971 2994 2080 3031 non
2108 2986 2322 3048 oportet

747 3095 847 3133 nos
904 3093 1026 3132 esse
1051 3077 1343 3140 sollicitos,
1379 3090 1552 3145 neque
1585 3074 1854 3137 laborare,
1890 3075 1971 3128 vel
2014 3072 2316 3142 deprecari,

2414 577 2611 629 ἐκείνοι
2642 572 2843 635 ζῶντες
2870 571 3119 633 ποιῆσαι,
3151 569 3295 638 ὑπὲρ
3320 568 3528 621 τούτων
3558 568 3607 619 οἱ
3637 568 3851 630 ζῶντες
3894 570 4027 618 ἐττε-

2410 666 2672 739 κουροῦσι
2705 667 2772 718 τὰ
2806 667 2946 735 πρῦς
2989 664 3315 733 ἀνάρρυσιν,
3353 662 3496 715 κατὰ
3532 661 3622 713 τὸν
3671 662 3979 726 φάσκοντα
4010 677 4025 690 ο

2418 763 2573 823 Ἴσως
2606 760 2719 829 ἔχει
2762 760 2887 811 τινὰ
2925 758 3057 827 πρὸς
3093 752 3369 824 ὠφέλειαν
3416 756 3510 808 καὶ
3560 754 3741 813 τοῦτο,
3778 753 3878 806 διὰ
3907 753 4028 805 τῶν

2415 858 2580 926 ἱερῶν
2608 854 2803 924 εὐχῶν,
2831 857 2925 907 καὶ
2953 851 3362 922 ἐλεημοσυνῶν,
3392 852 3490 903 καὶ
3514 849 3741 906 θυσιῶν.
3776 849 3880 901 καὶ
3910 849 4027 901 τῶν

2413 950 2589 1005 ἄλλων
2634 949 2732 1018 τῆς
2790 946 3074 1009 εὐσεϐείας
3109 944 3289 1014 ἔργων
3319 961 3333 975 ο
3370 943 3446 1005 ὡς
3494 944 3553 995 ἐν
3590 942 3672 1011 τῷ
3725 942 3871 1010 θείῳ
3931 946 4028 993 ac".

2414 1044 2547 1115 ἱερῷ
2593 1045 2706 1112 ὅρῳ
2753 1042 2897 1111 μάλα
2951 1039 3135 1103 καλῶς
3166 1039 3502 1108 γέγραπται.
3538 1039 3752 1107 Τρίτην
3807 1054 3873 1088 τε
3933 1040 4030 1088 καὶ

2412 1138 2734 1192 τελευταίαν
2756 1153 2769 1167 ·
2803 1138 2911 1189 τῶν
2944 1137 3000 1189 ὲν
3035 1135 3363 1203 θανασίμοις
3404 1135 3814 1203 ἁμαρτήμασιν
3843 1134 4029 1198 ἁπερ-

2414 1230 2665 1301 χομὲνων
2694 1230 2788 1282 τοῦ
2819 1228 2949 1298 τῇδε
2998 1226 3140 1297 βίου,
3178 1228 3274 1281 καὶ
3311 1228 3520 1297 μηδένα
3574 1228 3796 1296 καρπὸν
3848 1244 4026 1296 μεταο

2416 1325 2565 1387 νοίας
2616 1322 2983 1392 κτησαμένων
3032 1322 3092 1373 ἐν
3126 1320 3204 1389 τῷ
3260 1322 3525 1391 παρόντιο
3568 1315 3648 1374 ὧν
3686 1321 3794 1381 τὰς
3839 1321 4028 1389 ψυχὰς

2418 1417 2628 1479 εὐθέως
2662 1415 3020 1469 καταϐαίνειν
3051 1415 3130 1475 είς
3176 1413 3312 1484 ᾅδην
3337 1430 3351 1445 ο
3385 1416 3683 1483 τιμωρίαις
3715 1414 3882 1482 ὅμως
3914 1415 4028 1465 ἀνί-

2420 1526 2533 1571 σοις
2563 1505 3099 1577 τιμωρηθησομένας
3125 1508 3153 1559 ὁ
3196 1506 3343 1573 ἱερὸς
3382 1506 3686 1557 αἰνίττεται
3717 1508 3877 1570 ὅρος.
3919 1506 4027 1556 Καὶ

2419 1599 2549 1668 περὶ
2576 1597 2676 1667 μὲν
2709 1599 2803 1661 τῆς
2834 1599 3059 1665 πρώτης
3098 1595 3343 1666 μερίδος.
3388 1596 3516 1665 ἧτις
3547 1596 3663 1647 ἐστὶ
3697 1597 3819 1647 τῶν
3852 1597 4022 1658 σωζο-

2424 1693 2603 1762 μένων
2633 1692 2812 1756 τάξις,
2870 1691 2904 1761 ἢ
2951 1692 3047 1744 καὶ
3090 1690 3397 1752 ἀπόλαυσις
3442 1690 3552 1742 τῶν
3590 1692 3837 1743 δικαίων
3886 1687 4023 1741 εἶναι

2419 1787 2672 1855 ).ἑγεται’
2733 1787 2997 1856 εὑρήσεις
3049 1784 3147 1855 τὴν
3186 1785 3493 1851 ἀπολογίαν
3545 1785 3603 1836 ἐν
3641 1783 3725 1851 τῷ
3767 1784 4025 1849 τετάρτῳ

2422 1877 2703 1949 κεφαλαίῳ
2732 1877 2829 1931 τοῦ
2862 1882 2992 1949 ὅρου
3020 1896 3035 1910 ·
3066 1879 3207 1948 ὑπὲρ
3237 1872 3298 1932 οὗ
3343 1877 3697 1949 προεθέμεθα
3741 1876 4026 1942 ἀπολογη-

2422 1971 2607 2041 θῆναι,
2645 1972 2785 2025 ίδίαν
2811 1973 3199 2042 πραγματείαν
3228 1974 3322 2025 κειὶ
3344 1971 3504 2025 τοῦτο
3538 1969 3846 2038 μέλλοντες
3872 1970 4025 2034 ποιή-

2423 2084 2537 2120 σειν
2564 2082 2578 2097 '
2623 2068 2718 2120 καὶ
2754 2067 2841 2120 δια
2872 2066 3031 2120 τοῦτο
3078 2066 3140 2120 οὐ
3173 2066 3255 2119 δεῖ
3286 2065 3523 2119 ἐνταῦθα
3567 2065 3787 2118 πολλῶν
3823 2066 4020 2133 λόγων,

2420 2160 2496 2224 ὡς
2535 2160 2737 2225 ίκανῶς
2782 2162 2917 2227 ἐκεῖ,
2950 2160 3045 2215 τοῦ
3085 2160 3223 2214 Θεοῦ
3273 2159 3695 2228 συνεργοῦντος,
3744 2161 4023 2228 ἀπολογη-

2423 2255 2665 2324 σόμενοι.

3185 2349 3259 2403 B'.

2504 2443 2810 2511 Ἐπόμενον
2844 2442 2900 2496 δὲ
2937 2443 3066 2511 περὶ
3118 2442 3216 2511 τῆς
3254 2442 3517 2512 δευτέρας
3562 2447 3657 2497 καὶ
3688 2446 3898 2513 τρίτης
3942 2447 4019 2495 ἑν-

2396 2534 2597 2588 μιαῦθα
2626 2534 2824 2588 εἰπεῖν.
2857 2535 2967 2587 Καὶ
2993 2549 3126 2602 περι
3154 2539 3252 2598 μὲν
3280 2535 3380 2602 τῆς
3408 2536 3623 2602 τρίτης,
3656 2537 3849 2599 οὐδεὶς
3886 2540 4021 2607 ἡμῖν

2421 2626 2616 2692 λόγος’
2670 2626 2794 2678 ἐπεὶ
2825 2623 2949 2677 οὗτε
2986 2626 3017 2691 ἡ
3067 2624 3388 2693 Ἐκκλησία,
3429 2624 3553 2677 οὔτε
3594 2629 3643 2677 οἱ
3684 2627 3844 2693 ἅγιοι
3894 2630 4021 2696 περὶ

2422 2714 2648 2765 ἐκείνων
2694 2713 2806 2767 τῶν
2838 2716 2897 2767 ἐν
2946 2714 3132 2785 ἐκείνῃ
3161 2714 3461 2782 λαχόντων,
3500 2718 3695 2786 μνείαν
3742 2720 4021 2772 ποιεῖσθαι

2424 2806 2681 2859 οέηυτι.
2734 2808 2830 2858 καὶ
2867 2806 3007 2868 ὅλως
3060 2805 3321 2875 φρονοῦσι
3377 2810 3654 2876 σωτηρίαν
3711 2812 3906 2872 αὐτοῖς
3949 2816 4019 2879 μὴ

2424 2893 2564 2950 εἶναι
2590 2902 2666 2959 ὡς
2694 2900 3165 2965 ἀπεγνωσμένοις,
3196 2899 3290 2952 καὶ
3320 2900 3711 2970 ἁμετανοητως
3737 2900 4022 2964 ἐξελθοῦσι

2422 2990 2516 3041 τοῦ
2546 2990 2696 3060 τῇδε.
2733 2990 2868 3053 Περὶ
2908 2988 3116 3042 τούτων
3150 2991 3263 3058 γὰρ
3298 2991 3356 3042 οὐ
3381 2992 3461 3043 ξεῖ
3485 2991 3825 3059 φροντίζειν,
3858 2994 3894 3056 ἦ
3932 3010 4020 3043 πο-

2425 3082 2560 3141 νεῖν,
2596 3080 2629 3148 ἢ
2665 3079 3092 3149 προσεύχεσθαι,
3121 3079 3241 3131 οὐδὲ
3269 3078 3462 3140 θυσίας
3488 3081 3837 3148 προσφέρειν
3876 3081 4016 3147 ὑπὲρ

744 3172 833 3225 vel
865 3170 1135 3224 sacriﬁcia
1187 3169 1409 3235 oll‘erre,
1466 3169 1551 3221 vel
1600 3170 1982 3241 eleeniosyuas
2039 3169 2319 3233 exhibere,

2426 3170 2627 3231 αὐτῶν,
2674 3169 2707 3238 ἦ
2766 3168 3143 3238 ἐλεημοσύνας
3183 3169 3407 3232 διδόναι,
3441 3169 3474 3237 ἢ
3528 3170 3633 3221 ὅσα
3686 3170 3829 3222 ἄλλα
3877 3171 4018 3233 ὑπὲρ

743 3264 829 3317 vel
865 3263 971 3317 alia
1026 3278 1147 3332 quae
1200 3278 1297 3332 pro
1332 3262 1400 3317 iis
1456 3263 1547 3331 qui
1599 3261 1829 3317 ﬁdeliter
1883 3262 2319 3329 obdortniernnt,

747 3356 1082 3425 fervidisque
1144 3370 1269 3410 cum
1334 3355 1593 3426 lacrymis
1647 3356 2023 3422 pwnitentiam
2067 3365 2316 3426 egerunt,

747 3449 1045 3505 constituta
1079 3459 1228 3513 sunt,
1262 3449 1523 3515 quoniam
1562 3447 1615 3500 in
1637 3448 2039 3518 desperatione,
2068 3465 2178 3503 non
2220 3464 2322 3502 au-

748 3550 856 3595 tem
886 3542 939 3595 in
976 3539 1294 3610 pmnitentia
1322 3539 1450 3593 hinc
1469 3540 1863 3609 demigrarunt.
1904 3543 1981 3594 Ac
2014 3541 2179 3595 veluti
2224 3556 2324 3610 pro

751 3631 924 3700 prima
963 3630 1161 3695 classe,
1204 3645 1325 3699 quae
1375 3631 1429 3684 in
1479 3630 1734 3700 paradiso
1766 3645 1891 3683 cum
1940 3630 2161 3686 Christo
2217 3637 2323 3695 est,

752 3737 862 3776 non
897 3731 1112 3793 oportet
1139 3738 1236 3792 pro
1265 3738 1457 3778 eorum
1490 3724 1728 3791 peccatis
1765 3723 2019 3778 tollemlis
2050 3722 2324 3778 sacriﬁcia

750 3814 974 3882 olferre,
1013 3831 1137 3869 cum
1165 3815 1219 3868 in
1254 3815 1358 3868 hoc
1387 3814 1591 3869 seculo
1646 3814 2039 3880 satisfeceriet,
2069 3823 2123 3870 et
2179 3828 2327 3871 nunc

751 3912 805 3964 in
835 3910 1047 3964 deliciis
1078 3907 1432 3963 ineliabilium
1480 3909 1752 3963 bonorum
1785 3916 2093 3975 versentur,
2119 3909 2199 3964 sic
2226 3924 2329 3963 ne-

752 4017 859 4071 que
886 4014 983 4069 pro
1023 3998 1364 4055 dimittendis
1405 4002 1645 4069 peccatis
1674 4014 1866 4053 eorum
1897 3999 2072 4069 quiin
2111 3999 2328 4055 crueia-

757 4095 905 4148 tibus
939 4091 1136 4146 inferni
1160 4092 1364 4161 degunt
1402 4092 1534 4147 licet
1563 4092 1900 4148 sacriﬁcare.
1955 4091 2027 4146 At
2082 4090 2132 4145 id
2202 4092 2327 4146 novi

750 4185 844 4238 isti
886 4182 1126 4252 theologi
1163 4198 1273 4238 non
1310 4183 1641 4248 concedunt,
1683 4182 1888 4252 quippe
1932 4182 2025 4252 qui
2068 4197 2169 4238 nec
2204 4197 2334 4237 san-

751 4288 870 4332 ctos
900 4277 953 4330 in
983 4291 1152 4347 regno
1182 4276 1448 4330 caelorum
1479 4290 1598 4331 esse
1620 4276 1825 4342 volunt,
1859 4291 1960 4330 nec
1981 4276 2038 4331 in
2074 4275 2327 4331 cruciatu

752 4381 1092 4442 peccatores.
1118 4368 1289 4424 Nobis
1318 4378 1497 4425 autern
1548 4368 1652 4424 etsi
1688 4372 2034 4440 propositum
2089 4383 2198 4423 non
2248 4378 2335 4424 est

754 4468 822 4521 de
858 4466 944 4519 his
987 4466 1091 4519 boc
1121 4464 1245 4518 loco
1275 4464 1564 4527 disserere,
1604 4464 1697 4517 sed
1747 4462 1814 4517 de
1869 4464 2181 4534 purgatorio
2213 4472 2333 4516 tan-

755 4574 895 4627 tum,
932 4560 1076 4629 quod
1106 4569 1189 4614 est
1222 4558 1444 4612 tertium
1485 4556 1892 4626 deereticaput,
1928 4568 2107 4610 tamen
2140 4569 2206 4610 ne
2254 4554 2335 4609 vi-

754 4655 950 4707 deatur
982 4651 1177 4705 deesse
1226 4649 1386 4703 nobis
1433 4646 1802 4719 respondendi
1860 4645 2112 4714 facultas,
2168 4647 2333 4701 etiam

756 4750 820 4801 de
847 4746 933 4799 bis
958 4756 1128 4813 pauca
1152 4740 1401 4811 quaedam
1435 4740 1821 4809 adiungemus.
1850 4738 2161 4794 Auimabus
2185 4739 2335 4792 enim

759 4856 881 4911 qua:
913 4841 1038 4894 hinc
1069 4838 1191 4893 sine
1242 4834 1421 4889 fructu
1461 4834 1795 4905 ptenitentia
1848 4832 2139 4896 decedunt,
2186 4832 2336 4887 nulla

763 4942 884 5003 post
911 4945 1141 4987 mortem
1174 4928 1381 4982 utilitas
1421 4927 1651 4983 accedit.
1672 4924 1807 4981 Nam
1831 4935 1886 4982 et
1918 4926 2191 4997 Propheta
2208 4923 2255 4956 “
2286 4924 2338 4979 id

763 5032 1002 5080 innuens
1038 5024 1251 5078 dicebat
1292 5038 1351 5077 ει
1392 5018 1449 5074 In
1492 5019 1705 5075 inferno
1726 5027 1908 5075 autem
1939 5019 2064 5089 quis
2113 5017 2338 5072 conﬁte-

765 5118 913 5170 bitur
945 5114 1042 5168 tibi
1071 5113 1095 5167 Ἰ
1130 5131 1151 5164 ι
1177 5113 1237 5166 Et
1268 5126 1459 5165 rursus
1496 5125 1511 5164 :
1549 5128 1566 5161 ι
1600 5109 1717 5163 Non
1751 5117 1835 5163 est
1863 5107 2180 5179 pmnitentia
2215 5115 2340 5177 post

761 5216 1015 5273 mortem,
1057 5225 1075 5258 ι
1114 5220 1270 5260 sacer
1300 5204 1432 5259 dicit
1479 5201 1841 5272 Epiphanius,
1874 5209 2103 5257 mortem
2153 5199 2340 5270 appel-

762 5300 882 5355 lans
906 5300 1121 5369 plenam
1168 5296 1500 5365 injustorum
1534 5293 1970 5357 dan'inationem,
1995 5293 2126 5345 utin
2157 5306 2343 5346 exent-

762 5396 852 5465 plo
878 5395 1083 5459 divitis,
1121 5394 1215 5463 qui
1257 5393 1310 5446 in
1336 5392 1458 5458 igne
1484 5399 1748 5450 torretur,
1785 5386 2113 5451 ostenditur,
2139 5386 2336 5441 stillant

763 5498 918 5553 aqua:
980 5486 1212 5551 petentis
1282 5496 1382 5536 nec
1434 5478 1803 5548 itnpetrantis,
1852 5477 2052 5533 stillam
2088 5476 2340 5531 videlicet

766 5574 1103 5641 poenitentia:
1137 5571 1483 5642 postulantis,
1515 5586 1614 5625 nec
1644 5569 1998 5626 invenientis.
2036 5568 2202 5638 quue
2230 5583 2342 5621 rne-

768 5670 895 5734 rito,
943 5669 1117 5722 hieme
1165 5665 1599 5722 misericordiam
1667 5682 1773 5720 non
1837 5678 1949 5719 sem
1978 5663 2145 5730 navit,
2198 5670 2344 5717 venit

838 5847 882 5879 ⁸⁸
916 5847 1057 5903 Psal.
1099 5863 1172 5914 vr,
1198 5845 1252 5903 6.

740 6156 1169 6319 ,ἢ

2424 3265 2534 3319 τῶν
2581 3264 2792 3328 πιστῶς
2848 3264 3228 3332 κοιμηθέντων
3279 3264 3373 3316 καὶ
3429 3265 3904 3334 μετανοησάντων
3963 3267 4018 3316 ἑν

2428 3357 2654 3427 θερμοῖς
2692 3357 2805 3416 τοίς
2837 3354 3121 3423 δάκρυσιν,
3151 3355 3417 3425 ὥρισται·
3450 3355 3643 3426 ἐπειδὴ
3673 3360 3735 3409 ἐν
3767 3356 4021 3423 ἀπογνιῷ

2427 3466 2509 3502 σει
2552 3448 2775 3518 μᾶλλον,
2811 3447 2844 3517 ἢ
2887 3449 2943 3499 ὲν
2992 3448 3250 3517 μετανοίᾳ
3295 3450 3403 3499 τῶν
3449 3449 3575 3517 τῇδε
3634 3449 4015 3514 μετέστησαν.

2426 3542 2537 3595 Καὶ
2591 3541 2781 3613 ὥσπερ
2817 3542 2924 3609 γὰρ
2976 3542 3070 3596 ἐπὶ
3124 3540 3225 3610 τῆς
3256 3542 3481 3609 πρώτης
3533 3542 3783 3610 μερίδος,
3828 3543 3934 3609 τῆς
3960 3544 4013 3592 ἐν

2427 3634 2743 3704 παραδείσῳ
2801 3633 2991 3702 οὔσης,
3041 3634 3137 3686 καὶ
3172 3635 3313 3703 μετὰ
3366 3634 3458 3687 τοῦ
3516 3634 3783 3701 Χριστοῦ,
3820 3636 3883 3687 οὗ
3944 3636 4021 3687 δεῖ

2430 3726 2569 3795 ὑπὲρ
2598 3727 2780 3779 αὐτῶν
2813 3726 3003 3789 θυσίας
3037 3726 3369 3796 προσφέρειν
3404 3726 3486 3787 είς
3515 3724 3808 3794 ἀναίρεσιν
3842 3728 4018 3797 ἁμαρ-

2427 3820 2582 3881 τιῶν,
2653 3820 2730 3882 ὡς
2787 3820 2991 3881 ἱκανῶς
3041 3818 3273 3873 ἐνταῦθα
3335 3820 3875 3888 ίκανοποιησὰντων,
3928 3823 4017 3874 καὶ

2430 3910 2527 3966 νῦν
2555 3911 2948 3980 ἐντρυφώντων
2983 3913 3095 3973 τοῖς
3126 3912 3388 3980 ἀρρήτοις
3414 3912 3524 3964 τῶν
3555 3911 3811 3979 ἀγαθῶν,
3848 3915 4016 3965 circa:

2430 4003 2538 4056 οὐδ’
2576 4004 2717 4071 ὑπὲρ
2763 4006 2990 4066 τούτων,
3039 4003 3210 4057 ὅντων
3259 4006 3317 4055 ἐν
3352 4005 3573 4056 κολάσει
3615 4004 3715 4057 τοῦ
3750 4005 3913 4075 ᾅδου,
3946 4008 4017 4059 δεῖ

2432 4089 2711 4155 θυσιάζειν
2767 4092 2908 4163 ὑπὲρ
2959 4093 3208 4162 ἀφέσεως
3258 4093 3574 4163 ἁμαρτιῶν.
3616 4095 3768 4148 Ἀλλ’
3810 4098 3863 4149 οἱ
3917 4100 4015 4148 νέοι

2433 4180 2680 4251 θεολόγοι
2727 4184 2824 4237 καὶ
2866 4183 3028 4237 τοῦτο
3066 4185 3129 4237 οὐ
3190 4183 3514 4254 βούλονται·
3549 4185 3678 4240 οὔτε
3739 4189 3863 4259 γὰρ
3905 4191 4015 4249 to);

2435 4275 2624 4344 ἁγίους
2670 4276 2729 4329 ὲν
2787 4274 3035 4347 βασιλείᾳ
3086 4278 3333 4345 οὐρανῶν
3384 4278 3631 4333 θέλουσιν
3689 4276 3871 4343 εἶναι,
3906 4283 4015 4336 οὔτε

2434 4368 2559 4430 τοὺς
2587 4367 2946 4437 ἁμαρτωλοὺς
2978 4370 3037 4422 ὲν
3068 4370 3311 4424 κολάσει.
3356 4372 3520 4440 Ὶιμίν
3544 4372 3601 4422 δὲ
3627 4376 3681 4425 εἰ
3708 4375 3813 4426 καὶ
3841 4377 3942 4427 οῦκ
3964 4371 4018 4443 ἦν

2440 4463 2640 4527 σκοπὸς
2671 4464 2797 4534 περὶ
2827 4464 3019 4516 τούτου
3041 4465 3108 4517 τὰ
3136 4464 3232 4517 νῦν
3259 4468 3455 4531 είπείν,
3484 4465 3598 4517 ἀλλ’
3624 4466 3659 4535 ἢ
3696 4469 3868 4535 μόνον
3897 4470 4021 4538 ὑπὲρ

2432 4555 2527 4609 τοῦ
2556 4556 2958 4627 καθαρτηρίου,
2985 4556 3015 4609 ὅ
3038 4557 3155 4610 ἐστι
3183 4557 3365 4627 τρίτον
3399 4556 3495 4609 τοῦ
3529 4558 3663 4626 ὅρου
3698 4561 4022 4627 κεφάλαιον.

2433 4646 2585 4714 ὅμως
2648 4645 2733 4699 ἵνα
2778 4644 2855 4716 μὴ
2907 4646 3189 4709 ἀδυνάτως
3216 4647 3361 4698 τισὶν
3398 4646 3546 4716 ἔχειν
3601 4646 3862 4713 δόξωμεν
3910 4649 4025 4717 περὶ

2434 4742 2654 4803 τούτου,
2699 4737 2854 4806 ὀλίγα
2900 4738 3154 4809 ἐροῦμεν.
3208 4737 3495 4791 Ἐντεῦθεν
3526 4742 3639 4807 γὰρ
3688 4739 4023 4804 hieme-Jva

2434 4832 2546 4885 τῶν
2577 4828 2768 4900 ψυχῶν
2807 4830 3222 4899 ἀμετανοήτων,
3270 4830 3514 4899 ὠφέλεια
3547 4833 3639 4882 καὶ
3678 4832 3833 4899 μετὰ
3870 4833 4025 4887 θανά·

2436 4936 2531 4974 τον
2561 4919 2789 4990 οὐδεμία
2832 4920 2969 4971 ἐστί.
3004 4919 3140 4989 Περὶ
3176 4919 3382 4973 τούτων
3412 4921 3522 4988 γὰρ
3548 4921 3645 4975 καὶ
3673 4922 3704 4974 6
3736 4925 4022 4992 προφήτης

2435 5012 2815 5082 αἰνιττόμενος
2861 5010 3067 5079 ἔλεγεν,
3110 5030 3130 5064 ι
3180 5012 3271 5065 Ἐν
3300 5012 3356 5065 δὲ
3384 5012 3461 5081 τῷ
3491 5011 3617 5084 ᾄδῃ.
3659 5015 3747 5077 τίς
3780 5016 4025 5085 ἐξομολο-

2436 5107 2668 5179 γήσεται
2710 5122 2832 5171 σοις
2875 5125 2891 5158 ι
2930 5106 3024 5159 καὶ
3063 5103 3130 5158 αὖ
3160 5105 3322 5159 πάλιν
3345 5120 3360 5135 σ
3396 5122 3415 5155 ι
3454 5106 3575 5158 Οὐκ
3610 5104 3734 5159 ἐστι
3773 5112 4026 5175 μετάνοια

2441 5200 2581 5271 μετά
2611 5198 2899 5265 θάνατον,›
2931 5200 2958 5251 ὁ
3006 5197 3154 5267 ίερὸς
3199 5197 3547 5266 Ἐπιφάνειος
3583 5198 3795 5265 φάσκει
3819 5217 3836 5232 ·
3874 5200 4025 5255 Θάνα-

2438 5310 2531 5346 τον
2568 5292 2744 5359 λέγων
2774 5290 2875 5362 τὴν
2903 5290 3146 5357 παντελῆ
3192 5288 3299 5342 τῶν
3345 5291 3551 5343 ἀδίκων
3579 5292 3920 5361 καταδίκην,
3961 5293 4023 5354 ὡς

2441 5386 2498 5438 ιν
2526 5382 2602 5453 τῷ
2632 5383 2876 5453 πλουσίῳ
2904 5384 2983 5453 τῷ
3010 5381 3285 5452 καιομένῳ
3328 5383 3386 5434 ἐν
3422 5384 3489 5449 τῇ
3521 5382 3687 5449 φλογὶ
3720 5383 4019 5447 δεέκνυτιι,

2443 5476 2695 5547 ζητοῦντι
2735 5475 2925 5543 ρανίδα
2956 5474 3173 5538 ὓδατος,
3209 5475 3305 5526 καὶ
3347 5475 3419 5544 μὴ
3471 5474 3767 5544 δυναμένῳ
3816 5481 4019 5545 τυχεῖν

2446 5569 2635 5643 ρανίδα
2699 5566 2990 5636 μετανοίας
3042 5565 3246 5637 δηλαδὴ
3292 5566 3557 5630 αἰτοῦντι,
3624 5568 3725 5620 καὶ
3765 5569 3846 5638 μὴ
3887 5567 4023 5637 εὑρί-

2448 5676 2674 5717 σκοντι*
2730 5661 2823 5714 καὶ
2876 5658 3140 5723 είκότως·
3182 5656 3259 5727 τῷ
3310 5661 3571 5727 χειμῶνι,
3627 5662 3734 5713 οὐκ
3785 5662 4019 5727 ἔσπειρεν
