4160 6424
201 370 325 431 1233

854 367 1006 426 PRO
1032 368 1246 429 CONC.
1280 369 1651 433 FLORENT.
1696 371 1853 433 CAP.
1893 373 2012 434 ΙΙΙ.
2049 374 2146 435 DE
2179 376 2697 438 PUBGA'I‘ORIO.

3292 368 3429 441 last

195 489 328 540 ἔλεον
351 505 366 521 ο
399 482 527 559 ἦλθε
555 487 618 540 τὸ
649 487 811 558 θέρος
843 487 939 540 καὶ
974 489 1074 541 οὐκ
1102 489 1339 559 ὲθέρισε.
1366 489 1631 559 Χειμῶνά
1654 506 1744 556 μοι

1857 507 2040 561 aestas,
2082 512 2182 552 nec
2237 511 2472 551 messem
2536 496 2687 551 fecit.
2761 494 3006 551 lliemem
3059 495 3149 551 hic
3193 496 3435 565 intelligo

192 580 290 631 vict
334 578 426 630 τὸν
474 581 719 645 παρόντα
753 578 886 647 βίον,
936 578 1029 632 τὸν
1084 578 1579 649 συμπεπλεγμένον
1624 580 1746 641 ταῖς

192 672 475 741 ἁμαρτίαις
497 687 513 702 ο
554 671 713 742 θέρος
745 672 823 737 δὲ,
855 671 949 724 τὸν
981 671 1267 740 μέλλοντα,
1319 672 1413 725 καὶ
1441 671 1540 729 τὰς
1584 672 1751 725 ἀντα-

190 766 420 829 ποδόσεις
448 765 557 819 τῶν
600 767 799 837 ἔργων.
843 766 1108 819 Ἐνταῦθα
1157 765 1265 835 γάρ
1301 765 1359 817 ἐν
1390 764 1468 836 τῷ
1518 765 1749 835 χειμῶνι

192 857 354 928 τούτῳ
380 855 532 912 ἐστίν
566 862 599 929 ἡ
634 861 892 928 μετάνοια
914 873 928 888 ⁶
958 860 1079 912 ἐκεῖ
1110 859 1168 912 δὲ
1192 860 1253 911 τὸ
1301 858 1478 927 θέρος,
1515 858 1686 929 ἡγουν
1716 859 1750 928 ἡ

187 951 496 1014 ἀπόλαυσις.
544 953 656 1006 Καὶ
691 951 927 1023 ἀλλαχοῦ
956 952 1122 1007 πάλιν
1158 956 1187 1006 6
1218 953 1541 1022 προφήτης·
1588 950 1752 1005 ’Λπέ-

190 1041 386 1107 κλεισε,
417 1047 606 1125 φησιν,
637 1047 664 1099 6
689 1046 822 1110 Θεὸς
862 1045 983 1100 κατ’
1014 1047 1217 1101 αὐτῶν.
1259 1047 1427 1115 Δῆλον
1454 1046 1500 1099 δ’
1527 1047 1634 1113 ὅτι,
1674 1041 1752 1115 μὴ

192 1136 595 1205 μετανοήσαντα
639 1154 764 1192 τινα
791 1138 1049 1205 ἐνταῦθα,
1097 1139 1384 1209 ἀμήχανόν
1410 1139 1527 1193 ἐστι
1579 1154 1751 1208 μετα-

184 1229 369 1298 νοῆσαι
397 1230 539 1298 μετὰ
566 1230 666 1300 τὴν
700 1230 909 1285 ἐνθένδε
955 1231 1282 1301 ἀπαλλαγήν
1308 1249 1321 1262 ·
1351 1231 1608 1300 λυθείσης
1640 1229 1752 1298 γὰρ

179 1322 277 1390 τῆς
302 1325 687 1394 πανηγύρεως,
724 1324 821 1378 καὶ
867 1325 1213 1397 κλεισθείσης
1247 1325 1349 1395 τῆς
1386 1324 1484 1378 τοῦ
1523 1322 1752 1392 νυμφῶο

183 1430 267 1474 νος
296 1412 485 1483 θύρας,
524 1414 649 1468 οὐτε
683 1416 940 1487 μετάνοια
972 1418 1169 1489 ἰσχύει,
1205 1416 1331 1472 οὐτε
1374 1416 1585 1486 δάκρυα
1609 1415 1752 1483 ὡφε-

180 1504 397 1559 λοῦσιν·
447 1506 524 1572 ὡς
574 1511 634 1561 ἐν
668 1514 732 1579 τῇ
763 1511 1050 1583 παρασολῇ
1089 1512 1199 1565 τῶν
1246 1511 1409 1566 πέντε
1458 1509 1751 1580 παρθένων

178 1598 499 1666 ἐμφαίνεται
517 1616 533 1631 ο
556 1601 829 1667 λεγουσῶν
848 1603 1097 1666 ἐκείνων,
1122 1602 1351 1671 ιΚύριε,
1385 1602 1582 1670 Κύριε,
1604 1602 1750 1656 ἄνοι-

179 1685 266 1747 ξον
301 1691 450 1756 ἡμῖν,
494 1711 513 1742 ι
565 1692 842 1765 ἀπεκρίθη
871 1695 924 1748 δὲ
960 1699 988 1748 6
1021 1697 1258 1763 νυμφίος
1288 1695 1546 1767 Χριστὸς,
1586 1714 1604 1747 ι
1635 1695 1752 1751 Οὐκ

174 1776 294 1836 οἶδα
319 1784 482 1851 ὑμᾶς*
501 1802 519 1834 ι
545 1785 838 1851 ἐξελθοῦσα
868 1788 978 1859 γὰρ
1000 1790 1032 1859 ή
1055 1788 1199 1860 ψυχὴ
1220 1788 1314 1842 τοῦ
1336 1789 1606 1859 σώματος,
1624 1788 1747 1843 οὔτε

172 1874 422 1944 δακρύει,
445 1876 568 1930 οὐτε
606 1879 942 1948 μετανοῆσαι
962 1881 1188 1935 δύναται
1209 1898 1224 1914 ο
1249 1883 1357 1935 τῶν
1386 1885 1633 1952 φυσικῶν
1654 1886 1749 1952 ὀρ-

177 1968 357 2029 γάνων
415 1969 485 2022 δι’
534 1965 611 2025 ὧν
669 1974 701 2042 ἡ
754 1976 1016 2041 μετάνοια
1070 1976 1347 2029 δείκνυται
1408 1976 1747 2031 παυθέντων.

186 2060 516 2128 Ἀγρυπνεῖν
553 2067 635 2143 δεῖ
680 2067 982 2137 πρότερον
1023 2050 1415 2139 ἑτοιμάζεσθαι
1464 2071 1603 2139 πρὸς
1649 2070 1751 2139 τὴν

170 2153 379 2214 ἔξοδον*
407 2157 488 2209 ὄτι
527 2158 586 2209 ἐν
618 2158 802 2230 ἐκείνῃ
826 2164 891 2230 τῇ
917 2160 1060 2229 ὥρᾳ,
1098 2163 1155 2215 ἐν
1186 2163 1470 2234 ἐκείνῃλτῇ
1504 2166 1662 2233 ῥιπῇ,
1693 2167 1749 2216 ἐν

168 2247 366 2316 ἐκείνῳ
397 2248 472 2317 τῷ
499 2250 697 2319 ἀκαρεί
733 2253 934 2322 χρόνῳ,
970 2256 1028 2306 ἐν
1060 2247 1103 2321 ᾧ
1131 2255 1163 2323 ἡ
1188 2255 1333 2325 ψυχὴ
1359 2257 1571 2325 ἀγωνιᾷ
1600 2256 1751 2321 ἐξελ-

170 2342 289 2391 υεῖν
317 2341 411 2393 τοῦ
443 2341 714 2410 σώματος,
753 2345 849 2398 καὶ
877 2346 978 2414 τῆς
1005 2347 1284 2418 παρούσης
1310 2350 1456 2417 ζωῆς
1482 2365 1495 2379 ⁸
1525 2350 1615 2402 καὶ
1641 2342 1749 2421 γὰρ

168 2432 404 2500 φοῦερὸς
450 2435 597 2487 ἐστιν
626 2436 654 2487 6
701 2436 892 2507 καιρὸς
947 2440 1177 2504 ἐκεῖνος,
1232 2441 1327 2494 καὶ
1354 2443 1381 2493 6
1415 2441 1563 2508 ἁγὼν
1597 2442 1753 2509 μέγι-

167 2540 320 2585 στος,
348 2524 445 2577 καὶ
478 2527 508 2587 ἠ
542 2527 785 2595 ἐμπορία
815 2528 1142 2610 δυσεύωνος,
1176 2532 1294 2594 δέος
1325 2534 1442 2585 ἐστὶ
1482 2533 1557 2603 μὴ
1602 2534 1753 2602 ἐξερ-

166 2616 376 2685 χομένη
406 2619 439 2686 ἡ
472 2618 619 2690 ψυχὴ
682 2620 935 2691 εὑρεθείη
981 2622 1049 2675 τὰ
1084 2624 1407 2692 χαμαίζηλα
1440 2626 1531 2678 καὶ
1574 2627 1749 2695 πρόσ-

167 2724 344 2774 καιρα
409 2710 582 2763 ταῦτα
637 2712 934 2780 φρονοῦσα.
973 2717 1072 2767 "Av
1131 2719 1240 2783 γὰρ
1299 2717 1490 2789 ἐξέλοῃ
1554 2722 1629 2787 μὴ
1694 2721 1751 2771 ἐν

167 2801 438 2872 μετανοίᾳ
490 2804 676 2873 ίκανῇ,
711 2806 805 2858 καὶ
836 2805 1029 2875 ἀληθεῖ
1071 2809 1457 2877 ἐξομολογήσει
1488 2813 1582 2863 καὶ
1620 2828 1751 2863 συν-

162 2895 336 2965 τριϐῇ
374 2896 472 2966 τῆς
519 2897 771 2965 καρδίας,
819 2901 1043 2969 μνήμην
1092 2900 1292 2970 ἔχουσα
1330 2902 1426 2953 τοῦ
1480 2904 1751 2973 παρόντος

164 2988 320 3054 βίου,
349 2988 453 3058 τῆς
489 2990 827 3061 προσκαίρου
857 2992 1063 3061 ταύτης
1093 2991 1261 3058 ζωῆς,
1300 2993 1394 3045 τοῦ
1442 2994 1749 3050 πολυσπου-

157 3081 370 3133 δέσεου
432 3082 736 3151 θησαυροῦ,
794 3084 1054 3150 γυναικός
1103 3102 1162 3137 τε
1217 3085 1334 3155 ἅμα
1383 3088 1477 3140 καὶ
1519 3090 1747 3153 τέκνων,

1779 1834 1827 1893 Β

1858 602 2181 661 praesentem
2215 594 2382 648 vitam
2413 592 2653 662 peccatis
2674 592 3017 662 implicitam,
3055 603 3282 643 messem
3298 604 3427 642 vero

1857 685 2102 740 futuram
2159 697 2323 754 atque
2373 701 2599 755 operum
2635 684 3077 738 retributionem.
3130 679 3229 734 llic
3257 680 3429 746 enim,

1858 779 1911 833 in
1988 779 2091 833 hac
2139 779 2340 843 hieme,
2408 778 2725 846 poenitentia
2771 779 3060 845 reperitur,
3115 773 3188 829 ibi
3244 784 3427 836 testas,

1858 871 2019 925 idest
2073 868 2288 925 fruitio.
2332 870 2395 924 Et
2425 869 2554 924 alibi
2603 883 2794 923 rursus
2826 867 3121 937 Propheta,
3161 885 3179 917 ι
3218 863 3431 919 Clausit

1857 962 2003 1018 Deus
2031 964 2302 1018 adversus
2330 977 2451 1027 eos,
2490 980 2509 1015 ι
2552 962 2750 1031 inquit.
2788 961 3046 1030 Apertum
3091 968 3275 1015 autem
3320 965 3430 1019 est,

1854 1070 1978 1110 cum
2017 1055 2109 1121 qui
2152 1055 2204 1108 in
2247 1055 2348 1108 hac
2394 1054 2503 1108 vita
2541 1069 2649 1107 non
2703 1052 3039 1123 prenituerit,
3093 1048 3433 1121 impossibile

1853 1147 2081 1202 esseilla
2119 1153 2394 1201 transacta
2422 1145 2722 1215 paenitere;
2762 1160 2885 1199 nam
2914 1144 3140 1199 diruisse
3156 1150 3429 1198 conventu

1854 1249 1910 1294 et
1940 1239 2124 1295 clausa
2151 1239 2375 1294 thalami
2413 1240 2688 1308 sponsalis
2727 1238 2918 1308 janua,
2973 1250 3077 1291 nec
3110 1233 3428 1303 pmuitentia

1854 1334 2019 1397 valet,
2055 1347 2161 1386 nec
2191 1333 2445 1401 lacryma:
2467 1339 2716 1401 prosunt,
2743 1333 2873 1384 utin
2901 1326 3156 1395 parabola
3184 1328 3429 1395 quinque

1853 1425 2129 1494 virginum
2168 1424 2502 1490 ostenditur,
2530 1438 2654 1477 cum
2695 1438 2773 1477 ea:
2800 1422 3044 1477 dicerent
3077 1437 3093 1475 ι
3129 1440 3147 1472 ι
3180 1418 3428 1480 Domine.

1855 1516 2105 1580 Domine,
2140 1517 2291 1585 aperi
2320 1516 2534 1576 nobis.»
2567 1513 2850 1581 respondit
2894 1527 3129 1581 Sponsus
3150 1510 3429 1573 Christus,

1858 1623 1876 1658 ι
1911 1605 2107 1660 Nescio
2137 1620 2251 1659 vos.
2286 1624 2305 1656 ι
2343 1602 2573 1675 Egressa
2613 1605 2758 1658 enim
2788 1619 2818 1658 a
2852 1617 3082 1671 corpore
3114 1603 3294 1655 anima
3334 1616 3431 1655 ne-

1853 1714 1960 1768 que
1987 1698 2095 1762 lict,
2129 1713 2304 1769 neque
2335 1707 2513 1769 potest
2539 1698 2830 1769 pmnitere,
2860 1706 3068 1751 naturas
3099 1694 3432 1749 sublatisin-

1854 1792 2195 1857 strumentis,
2222 1806 2322 1861 per
2352 1807 2473 1861 qua:
2512 1791 2836 1860 paenitentia
2882 1798 3242 1845 monstratur.
3281 1788 3435 1857 Vigiv

1856 1901 1970 1943 rare
2005 1894 2131 1939 ante
2152 1892 2368 1955 oportet
2396 1893 2448 1938 ct
2477 1884 2541 1937 ad
2578 1884 2784 1937 exitum
2816 1896 2877 1939 se
2908 1896 3268 1950 comparare;
3300 1881 3429 1951 quia

1854 1981 1911 2036 in
1942 1994 2005 2033 ea
2070 1977 2225 2038 hora,
2281 1977 2333 2031 in
2391 1976 2483 2031 illo
2540 1982 2838 2041 momento,
2879 1974 2931 2028 in
2971 1973 3061 2029 illo
3114 1973 3432 2027 indivisihili

1855 2080 2125 2141 tempore.
2169 2083 2280 2139 quo
2312 2068 2494 2122 anima
2523 2067 2743 2137 angitur
2778 2067 2933 2123 exire
2976 2067 3041 2120 de
3076 2080 3325 2135 corpore,
3381 2073 3436 2118 ct

1853 2164 1961 2218 vita
1987 2161 2240 2233 praesenti
2265 2159 2632 2230 (tremendum
2683 2167 2767 2213 est
2791 2159 2934 2213 enim
2967 2167 3181 2223 tempus
3208 2156 3360 2221 illud,
3381 2165 3436 2210 et

1853 2266 2129 2310 certamen
2160 2254 2458 2306 maximum
2496 2261 2551 2307 et
2613 2258 2924 2307 mercatura
2959 2264 3066 2304 uou
3100 2249 3192 2303 vili
3259 2249 3437 2318 pretio

1849 2347 2201 2417 testimoniis)
2236 2346 2539 2401 cavendum
2582 2354 2667 2400 cst
2712 2362 2779 2399 ne
2810 2347 2938 2400 dum
2988 2346 3100 2399 exit
3139 2348 3344 2411 anima,
3381 2346 3434 2398 in

1857 2442 1939 2495 his
1967 2439 2268 2494 humilibus
2325 2450 2379 2493 ct
2410 2439 2757 2507 tcmporariis
2799 2441 2964 2494 rebus
2988 2439 3437 2509 deprehendatur

1858 2533 2146 2601 implicita.
2174 2530 2307 2585 Nam
2331 2532 2373 2584 si
2402 2548 2507 2585 nou
2543 2531 2737 2584 idonea
2768 2530 3142 2586 satisfactione
3171 2530 3435 2595 adhibita,

1854 2637 1979 2678 vera
2026 2621 2372 2675 confessione
2422 2630 2476 2674 ct
2506 2619 2692 2673 cordis
2743 2621 3076 2675 contritione
3108 2621 3435 2684 decesserit,

1853 2718 1948 2769 sed
2011 2714 2176 2769 vitam
2220 2722 2431 2767 tantum
2492 2720 2817 2780 prmsentem
2887 2713 2939 2766 in
2997 2713 3263 2766 memoria
3306 2713 3440 2767 retiv

1855 2821 2012 2872 nens,
2047 2804 2285 2859 caducas
2330 2806 2428 2859 has
2479 2821 2587 2866 res,
2621 2808 2935 2861 thesaurum
3004 2804 3187 2859 studio
3242 2805 3437 2875 quiasi-

1853 2911 1988 2962 tum,
2023 2913 2252 2953 uxorem
2284 2897 2445 2952 simul
2479 2909 2531 2952 et
2567 2898 2790 2961 liberos,
2829 2912 2929 2951 nec
2963 2897 3047 2951 his
3081 2897 3297 2950 modum
3330 2896 3437 2949 im-

1854 3008 2084 3064 ponens,
2106 2991 2201 3046 sed
2231 3005 2296 3046 ea
2316 2991 2577 3045 continue
2601 2991 2788 3044 animo
2820 2992 3105 3045 revolvens
3140 3000 3194 3043 ct
3253 2988 3434 3043 medi-

1817 3072 1999 3149 'tans,
2054 3084 2305 3141 infernus
2358 3100 2522 3154 quam
2594 3085 2828 3153 primum
2890 3084 3094 3153 abripit
3158 3099 3324 3145 eam,
3382 3093 3438 3137 ct

161 3174 467 3242 φειδομένη
511 3177 718 3229 τούτων
766 3178 1049 3239 ἁπάντων,
1088 3179 1184 3232 καὶ
1218 3180 1311 3233 τὸν
1353 3182 1476 3234 νοῦν
1510 3183 1749 3253 συνεχῶς

1857 3180 2100 3236 tenebrze
2129 3181 2470 3248 caliginosae,
2534 3189 2586 3233 et
2644 3180 2951 3234 tortoribus
2975 3180 3236 3239 traditur,
3273 3187 3441 3250 atquo

157 3264 387 3328 τούτοις
416 3269 976 3336 προσεπεκτεὶνουσα,
1012 3269 1147 3341 ᾴδης
1177 3271 1382 3333 εὐθέως
1415 3273 1586 3343 αὐτὴν
1614 3274 1753 3343 λαμ-

159 3364 331 3413 ὅὰνει
376 3361 471 3413 καὶ
518 3361 710 3424 σκότος
743 3362 989 3431 ζοφώδης
1016 3380 1031 3394 ο
1067 3365 1161 3415 καὶ
1193 3366 1416 3418 κολάσει
1452 3367 1754 3421 καταδικά-

156 3456 349 3518 ζεται,
384 3453 479 3506 καὶ
522 3454 583 3506 τὺ
632 3453 742 3523 πῦρ
786 3454 961 3522 αὐτὴν
1014 3457 1372 3524 καταφλέγει.
1407 3457 1579 3512 Τοῦτο
1615 3476 1756 3529 μαρ-

152 3546 403 3612 τυρήσει
465 3547 493 3597 6
543 3545 643 3612 τῆς
685 3545 782 3599 τοῦ
832 3545 968 3599 Θεοῦ
1028 3548 1354 3619 Ἐκκλησίας
1418 3554 1753 3623 προστάτης,

152 3639 472 3707 Γρηγόρνος
500 3642 527 3691 6
560 3640 834 3706 Διάλογος,
864 3642 924 3693 ἐν
952 3640 1030 3712 τῷ
1080 3642 1271 3712 βιβλίῳ
1303 3643 1412 3697 τῶν
1452 3644 1753 3711 Διαλόγων,

149 3748 223 3780 εν
277 3730 575 3799 κεφαλαίῳ,
600 3732 660 3783 ἐν
708 3725 752 3796 ᾧ
812 3732 1017 3799 Πέτρος
1092 3735 1121 3785 6
1168 3734 1543 3803 άρχιδιάκονος
1590 3736 1756 3789 αὐτοῦ

148 3821 311 3886 πρὸς
348 3820 514 3872 αὐτόν
547 3837 712 3889 φησιο
753 3839 772 3873 ι
810 3823 888 3890 Τῇ
939 3826 1072 3890 παρ’
1108 3824 1246 3892 ἐμοῦ
1291 3825 1617 3896 ἐπιζητήσει
1648 3826 1761 3878 λοι-

146 3915 297 3974 στὸν,
333 3910 536 3974 ἱκανῶς
576 3911 688 3981 ὁρῶ
726 3913 966 3981 ἐμαυτὸν
1012 3914 1505 3984 πληροφορηθέντα
1533 3933 1548 3949 ο
1599 3917 1759 3970 τοῦτο

142 4006 219 4057 δὲ
261 4002 457 4073 ἀκμὴν
486 4005 518 4073 η
546 4004 818 4075 ἐρώτησις
844 4004 945 4075 τὴν
974 4006 1154 4075 ψυχὴν
1191 4009 1479 4063 ύπονύττει
1501 4025 1515 4041 ⁶
1544 4012 1626 4064 ὅτι
1655 4029 1756 4063 κα-

145 4094 282 4157 ἱιὼς
312 4097 573 4164 ἀνωτέρω
620 4096 840 4165 ἐλέχθη,
888 4097 999 4150 τῶν
1034 4098 1205 4165 ἁγίων
1234 4100 1334 4163 τὰς
1362 4100 1540 4171 ψυχάς
1569 4106 1627 4156 ἐν
1678 4106 1757 4174 τῷ

138 4186 392 4254 οὖρανῷ
453 4182 598 4237 εἶναι
648 4187 990 4241 πιστευτέον.
1029 4189 1093 4241 Τί
1123 4189 1180 4244 δὲ
1235 4193 1366 4260 περὶ
1417 4194 1611 4248 τούτου
1660 4197 1755 4250 τοῦ

140 4280 506 4347 πράγματος
546 4280 580 4348 ἡ
606 4278 836 4349 ἀλήθεια
874 4279 1013 4350 ἔχει,
1069 4283 1250 4350 ἀγνοῶ
1277 4301 1291 4314 ⁶
1322 4288 1356 4356 ή
1404 4287 1514 4357 γὰρ
1544 4289 1757 4358 ἀνορω-

133 4372 307 4439 atqu
362 4369 549 4438 ponii},
599 4369 698 4432 τὰς
732 4370 842 4423 τῶν
889 4372 1238 4441 ἁμαρτωλῶν
1285 4373 1466 4446 ψυχάς
1496 4378 1595 4432 οὐκ
1641 4380 1758 4450 ἔχει

131 4463 275 4531 πρὸ
306 4466 405 4534 τῆς
433 4462 648 4532 ἡμέρας
673 4463 772 4529 τῆς
802 4463 1038 4534 κρίσεως
1055 4462 1320 4519 δύνασθαι
1348 4468 1730 4532 κολάζεσθαι.»

1861 3273 2000 3340 ignis
2019 3288 2137 3326 eam
2168 3274 2462 3329 comburit.
2495 3272 2905 3326 Tcstificabitur
2928 3273 2979 3325 id
3009 3271 3268 3327 Ecclesia}
3300 3286 3441 3341 prae-

1858 3379 1946 3419 ses
1974 3365 2271 3433 Gregorius
2305 3362 2562 3431 Dialogus
2592 3362 2646 3415 in
2680 3361 2820 3416 libro
2854 3362 3227 3432 Dialogorum,
3256 3363 3439 3432 capite

1860 3473 1969 3525 quo
1989 3456 2181 3511 l’ctrus
2211 3454 2333 3525 ejus
2370 3455 2799 3510 archidiaconus
2834 3470 2954 3509 cum
2982 3456 3100 3523 ipso
3127 3469 3439 3509 sermonem

1861 3550 2021 3603 habet
2054 3565 2067 3602 :
2104 3568 2122 3599 ι
2154 3547 2501 3616 lnquisitiuni
2564 3562 2697 3602 mea:
2757 3546 3088 3602 sufﬁcienter
3138 3548 3251 3613 jam
3281 3547 3439 3602 video

1859 3639 2225 3696 satisfactum.
2288 3639 2391 3693 Sed
2449 3641 2549 3694 hoc
2580 3648 2667 3693 est
2721 3640 2901 3693 adhuc
2935 3638 3079 3705 quod
3135 3638 3442 3705 qumstioue

1860 3734 2103 3786 animum
2140 3731 2318 3801 pulsat
2342 3749 2354 3785 :
2378 3732 2506 3800 quia
2530 3744 2654 3785 cum
2686 3730 2938 3799 superius
2966 3732 3171 3783 uirtum
3206 3730 3297 3796 sit,
3317 3744 3441 3784 csse

1854 3825 1969 3894 jam
2000 3832 2311 3878 sanctorum
2344 3824 2557 3876 animas
2592 3823 2645 3875 in
2672 3823 2833 3888 uelo,
2855 3831 3017 3876 restat
3053 3822 3241 3890 procul
3274 3821 3441 3875 dubio

1862 3924 1920 3970 ut
1965 3916 2276 3984 iniquorum
2335 3928 2556 3984 quoque
2589 3914 2786 3967 anima:
2824 3930 2932 3967 nou
2988 3912 3091 3967 nisi
3135 3915 3186 3965 iu
3226 3910 3441 3967 inferno

1861 4006 2177 4063 credantur.
2222 4007 2285 4060 Et
2316 4005 2447 4075 quid
2497 4006 2599 4060 hac
2632 4008 2699 4061 de
2730 4021 2789 4060 re
2821 4007 3024 4061 veritas
3055 4007 3253 4060 habeat
3284 4006 3439 4076 igno-

1863 4115 1943 4164 ro,
1977 4113 2101 4154 nam
2136 4099 2375 4152 humana
2408 4099 2707 4153 aestimatio
2733 4114 2840 4152 nou
2878 4097 3045 4152 habet
3094 4106 3438 4166 peccatorum

1863 4193 2077 4247 animas
2131 4202 2257 4245 ante
2304 4191 2571 4260 judicium
2624 4205 2786 4261 posse
2839 4190 3090 4245 cruciari.
3131 4209 3149 4241 ι
3210 4187 3437 4257 Grcgor.

1870 4301 1888 4334 ι
1920 4281 1977 4336 Si
2001 4297 2121 4337 esse
2148 4295 2464 4338 sanetorum
2520 4281 2730 4335 animas
2777 4281 2830 4334 in
2868 4282 3012 4335 cmlo
3056 4283 3199 4335 sacri
3235 4281 3439 4350 eloquii

1864 4374 2244 4429 satisfactione
2269 4373 2575 4440 credidisti,
2600 4383 2819 4442 oportet
2850 4385 2910 4427 ut
2958 4388 3053 4441 per
3085 4372 3270 4427 omnia
3320 4387 3443 4427 esse

1864 4467 2056 4521 credas
2099 4476 2154 4520 et
2200 4465 2517 4534 iniquorum
2577 4464 2792 4519 animas
2826 4465 2876 4517 in
2932 4463 3166 4527 inferno,
3216 4462 3345 4531 quia
3373 4477 3442 4517 ex

129 4557 499 4627 Γρηγόριος⁵
528 4573 547 4606 ι
571 4555 695 4607 Ἐὰν
715 4555 815 4618 τὰς
833 4556 940 4608 τῶν
963 4556 1137 4623 ἁγίων
1160 4557 1337 4627 ψυχάς
1355 4561 1415 4611 ἐν
1440 4561 1518 4629 τῷ
1542 4562 1752 4634 οὐρανῷ

1866 4545 2227 4614 retributione
2253 4558 2745 4626 aeternzejustitim,
2782 4575 2847 4611 cx
2881 4572 2988 4628 qua
3030 4558 3161 4628 justi
3194 4546 3306 4628 jam
3331 4557 3443 4627 glu-

129 4649 316 4705 εἷναι
369 4648 717 4713 ἐπίστευσας,
762 4651 829 4718 τῇ
861 4649 961 4717 τῆς
1004 4650 1158 4718 ἱερᾶς
1206 4654 1500 4722 συντυχίας
1540 4656 1751 4726 πληρο-

127 4743 362 4814 φορίᾳ,
393 4742 510 4794 δέον
537 4742 707 4806 ἐστὶν,
738 4740 827 4793 ἵνα
852 4740 951 4793 καὶ
978 4742 1077 4804 τὰς
1103 4742 1211 4795 τῶν
1252 4743 1454 4799 ἀδίκων
1485 4738 1659 4814 timid;
1694 4749 1751 4800 ἐν

122 4835 242 4904 τῷ
275 4832 386 4902 ᾄδῃ
415 4828 556 4885 εἶναι
587 4835 651 4885 ἐκ
682 4830 887 4894 παντὸς
928 4832 1230 4903 πιστεύσῃς
1252 4843 1269 4861 ⁸
1303 4834 1368 4886 ἐκ
1393 4836 1504 4906 γὰρ
1528 4837 1629 4906 τῆς
1657 4839 1752 4890 άν-

121 4922 517 4984 ταποδόσεως
570 4922 671 4992 τῆς
713 4922 995 4975 ἐνδοτάτου
1050 4923 1421 4993 δικαιοσύνης,
1477 4926 1536 4991 ἐξ
1581 4923 1649 4999 ἧς
1705 4932 1753 4982 οἱ

1863 4653 2097 4715 riautur,
2145 4664 2373 4707 necesse
2427 4660 2515 4705 est
2572 4666 2668 4720 per
2696 4652 2880 4705 omnia
2924 4661 2982 4704 nt
3010 4662 3064 4706 et
3094 4651 3280 4721 injusti
3311 4666 3441 4706 cru-

1863 4747 2118 4803 cientur;
2154 4757 2281 4796 nam
2333 4742 2479 4797 sicut
2507 4736 2715 4798 electos
2754 4744 3033 4797 beatitudo
3080 4742 3336 4807 lmtiticat,
3368 4743 3437 4796 ita

1863 4834 2015 4889 credi
2048 4848 2269 4889 ucccsse
2298 4845 2383 4888 est
2412 4835 2559 4904 quod
2593 4848 2625 4888 α
2654 4834 2742 4889 die
2781 4836 2961 4889 exitus
3009 4838 3096 4890 sui
3149 4836 3295 4904 ignis
3355 4851 3443 4890 rc-

1866 4927 2066 4996 probos
2095 4934 2313 4979 exurat.
2339 4944 2357 4976 ι

116 5024 375 5075 δίκαιοι
404 5018 741 5084 δοξάζονται,
787 5018 1087 5085 ἀναγκαῖόν
1115 5020 1287 5085 ἐστιν,
1317 5019 1407 5072 ἵνα
1435 5020 1531 5073 καὶ
1562 5022 1611 5075 οι
1636 5021 1816 5077 ἄδικοι
1850 5021 2070 5080 πάντως
2102 5016 2361 5088 κριθῶσι.
2402 5018 2674 5088 Καθάπερ
2705 5018 2818 5088 γὰρ
2873 5021 3000 5082 τοὺς
3058 5021 3176 5072 ἐκεῖ
3236 5021 3271 5090 ὴ
3336 5039 3442 5091 μα-

118 5135 225 5175 κα
238 5114 439 5183 ριότη;
472 5111 775 5179 εὐφραίνει,
796 5111 939 5166 οὔτω
967 5114 1249 5168 πιστεύειν
1269 5115 1378 5186 χρὴ
1402 5115 1484 5169 ὅτι
1510 5116 1606 5168 καὶ
1629 5118 1757 5181 τοὺς
1782 5116 2005 5180 ἀδίκους
2042 5114 2153 5168 ἀπὸ
2200 5112 2301 5184 τῆς
2333 5110 2549 5184 ἡμέρας
2595 5115 2695 5184 τῆς
2724 5113 2909 5179 ἐξόδου
2961 5112 3146 5169 αὐτῶν
3174 5115 3260 5181 ,τὸ
3333 5117 3445 5184 πῦρ

112 5208 420 5277 καταφλὲ
430 5224 531 5277 γει.
573 5226 591 5260 ε

252 5306 511 5367 Ἀκούεις
563 5305 645 5357 ὅτι
681 5306 780 5367 τὰς
818 5305 929 5357 τῶν
987 5304 1193 5360 ἀδίκων
1226 5306 1429 5376 ψυχὰς,
1481 5307 1602 5378 ἦτοι
1658 5308 1779 5370 τὰς,

110 5404 281 5459 τῶν
316 5397 660 5469 ἁμαρτωλῶν
699 5398 795 5450 καὶ
820 5398 1230 5469 ἀμετανοήτων,
1262 5400 1372 5453 ἀπὸ
1410 5399 1508 5467 τῆς
1539 5400 1758 5470 ἡμέρας

109 5497 269 5561 τῆς
326 5492 511 5556 ἐξόδου
542 5492 743 5553 αὐτῶν,
776 5491 837 5543 τὸ
889 5490 1002 5560 πῦρ
1052 5491 1421 5561 καταφλέγει;
1461 5493 1634 5561 Δῆλον
1661 5492 1758 5546 οῦν

104 5596 292 5645 ἐστι
326 5589 440 5647 τοῖς
471 5586 547 5655 μὴ
583 5586 907 5654 φιλονεικεῖν
939 5586 1237 5649 ἐθέλουσιν,
1284 5586 1367 5639 ὅτι
1403 5585 1599 5658 ὥσπερ
1630 5586 1756 5648 τοὺς

104 5685 374 5751 ἁγίους
400 5682 432 5750 ἡ
463 5679 571 5733 τῶν
594 5678 842 5746 οὐρανῶν
868 5678 1173 5747 διαδέχεται
1211 5678 1460 5748 βασιλεία
1493 5678 1631 5749 μετὰ
1661 5678 1759 5747 τὴν

101 5776 393 5835 ἐνθένδε
422 5771 770 5840 ἀπαλλαγὴν,
802 5770 945 5824 οὓτω
978 5777 1073 5825 καὶ
1131 5772 1256 5835 τοὺς
1297 5770 1761 5839 ἀπεγνωσμένους

104 5878 160 5944 ἡ
220 5866 343 5920 τοῦ
390 5865 514 5936 "alio
570 5865 876 5936 διαδέχεται
928 5863 1224 5919 κατοικία*
1259 5862 1389 5918 ἱνθα
1439 5860 1760 5927 κολάζονται

1934 5302 2110 5359 Audis
2137 5301 2429 5365 malorum,
2462 5315 2558 5355 seu
2590 5309 2961 5370 peccatorum,
2993 5309 3049 5353 et
3088 5300 3445 5370 inipmnitcu-

1865 5396 1997 5451 tium
2060 5395 2298 5459 animas,
2362 5409 2393 5448 a
2435 5408 2547 5464 quo
2597 5394 2685 5449 die
2750 5393 2879 5449 hinc
2931 5395 3288 5461 decesserint,
3330 5397 3441 5464 igni

1862 5489 2147 5543 comburi?
2203 5488 2426 5542 Clarum
2494 5486 2783 5556 estigitur
2845 5487 2911 5541 iis
2945 5486 3038 5554 qui
3069 5488 3438 5541 conteudeudi

1862 5582 1998 5637 vitio
2020 5597 2127 5635 non
2158 5580 2429 5647 laborant,
2459 5580 2608 5650 quod
2638 5579 2805 5634 veluti
2838 5589 3061 5633 sanctos
3086 5590 3206 5649 post
3230 5580 3436 5633 obit-mi

1863 5677 2154 5734 caelorum.
2190 5674 2392 5744 excipit
2450 5691 2704 5746 regnum,
2746 5673 2825 5729 sic
2884 5682 2941 5727 et
2991 5675 3309 5741 desperatos
3341 5690 3440 5743 pro

1865 5768 2144 5823 domicilio
2167 5767 2419 5822 infernus
2442 5777 2643 5831 manet,
2681 5767 2771 5821 tibi
2800 5767 3110 5836 plectuntur
3138 5778 3439 5822 extremum

1866 5862 2010 5919 diem
2053 5869 2457 5932 exspectantis,
2510 5868 2566 5917 ut
2627 5870 2818 5930 postea
2881 5860 3055 5915 induti
3110 5861 3434 5917 corum-ibus
