4160 6424
162 372 296 436 1237

826 378 974 440 PRO
1012 381 1217 444 CONC.
1268 382 1638 443 FLORENT.
1683 372 1844 444 CAP.
1886 381 1996 443 ill.
2035 383 2135 443 DE
2178 375 2692 446 PURGATORIO.

3272 385 3292 448 1
3302 388 3405 451 238

154 488 187 538 ἃ
215 486 289 548 ὼς
343 487 524 555 σάρκα
557 487 823 557 φοροῦσαι
859 490 1313 561 ἐπλημμέλησαν,
1346 495 1421 555 ὡς
1458 494 1538 547 δεῖ
1567 511 1718 564 ποιη-

1830 504 2045 556 verunt,
2092 492 2323 550 fecerint
2378 506 2434 549 ut
2492 506 2728 566 oportet,
2767 512 2941 562 neque
2996 498 3159 567 hujus
3218 502 3401 555 saeculi

152 577 406 645 σάμεναι,
460 579 552 630 καὶ
603 579 725 647 μηδ’
781 581 918 635 ὅλως
961 599 1014 633 τι
1068 582 1162 634 τοῦ
1201 583 1463 649 παρόντος
1524 584 1718 647 αἰῶνος

149 666 536 733 φροντίζουσαι
592 668 623 738 ἢ
673 670 994 739 φρονοῦσαι,
1049 673 1165 725 ἀλλ’
1219 674 1555 739 ἁπαξαπλῶς
1585 677 1719 738 ὅλως

144 756 267 807 ὅλον
298 756 387 808 τὸν
411 757 534 811 νοῦν
555 758 774 828 ἔχουσαι
805 761 939 830 πρὸς
960 762 1017 814 ὃν
1032 763 1355 830 πορεύσνται
1376 763 1561 828 τόπον,
1587 763 1726 816 σκύ-

139 848 279 900 ϐαλα
297 850 365 902 τά
385 851 628 919 παρόντα
671 842 864 906 πάντα
898 855 1272 925 ἡγησάμεναι,
1294 856 1379 908 ἵνα
1409 854 1567 923 μόνον
1592 872 1723 924 κερ-

142 941 388 1012 δήσωσιν
418 942 478 995 ὃν
510 943 769 997 ποθοῦσιν
789 947 1020 1014 νυμφίον
1038 948 1125 1001 διὰ
1159 947 1255 1017 τῆς
1288 948 1596 1014 μετανοίας,
1624 950 1721 1004 καὶ

141 1034 505 1101 άπαντήσωσι
550 1034 625 1103 τῷ
670 1036 890 1105 φοϐερῷ
939 1041 1100 1106 κριτῇ
1149 1041 1209 1090 ἑν
1252 1040 1525 1107 νεφέλαις,
1560 1035 1720 1095 αὗται

144 1125 393 1191 μεγάλην
419 1124 687 1193 ὠφέλειαν
716 1127 899 1197 ἔχουσι
953 1128 1093 1196 μετὰ
1126 1131 1375 1185 θάνατον.
1424 1133 1512 1185 Ἐν
1549 1150 1717 1202 μετα-

143 1217 270 1284 νοίᾳ
321 1217 427 1286 γάρ
484 1218 812 1288 εὑρέθησαν,
846 1221 940 1275 καὶ
986 1222 1045 1273 ὲν
1093 1224 1352 1296 μετανοίᾳ.
1400 1225 1717 1295 κρίνονται·

140 1307 339 1376 ὥσπερ
368 1310 572 1363 ἐκεῖναι
616 1312 673 1364 αἱ
715 1313 1024 1382 εὑρεθεῖσαι
1068 1317 1125 1367 ὲν
1177 1316 1510 1384 ἀπογνώσει,
1549 1335 1720 1371 κατα-

142 1402 447 1466 κρίνονται.
485 1404 593 1457 Καὶ
624 1404 783 1457 τοῦτό
811 1407 959 1459 ἐστιν
997 1407 1133 1477 ὅπερ
1158 1408 1432 1479 ἀκούομεν
1466 1410 1722 1463 ἀπειλού-

144 1508 311 1557 μενον
341 1494 491 1561 παρὰ
522 1493 613 1547 τοῦ
646 1496 834 1566 κριτοῦ
862 1512 877 1528 ⁶
916 1516 934 1549 ι
985 1500 1074 1553 Ἑν
1118 1493 1161 1569 ᾧ
1193 1500 1339 1571 εὕρω
1371 1519 1451 1567 σε,
1478 1502 1595 1556 ἐκεί
1627 1504 1721 1557 καὶ

141 1586 321 1656 κρινῶ
353 1604 433 1641 σε.
471 1605 485 1638 ι

902 1682 973 1735 Γ⁹.

216 1770 425 1837 Καιρδς
456 1771 510 1823 δὲ
557 1772 744 1825 λοιπὸν
781 1775 875 1827 καὶ
907 1776 1013 1827 τῶν
1044 1780 1367 1845 μαρτυριῶν
1409 1779 1718 1835 ἐπακοῦσαι

136 1859 205 1922 ἃς
236 1862 617 1934 ὑπεσχέθημεν
651 1866 883 1919 ἀκοῦσαι
916 1868 1082 1937 ὑμᾶς,
1131 1873 1393 1925 ἐκθεῖναι.
1430 1874 1532 1926 Καὶ
1566 1875 1716 1942 πρῶ-

138 1969 234 2014 τος
268 1952 371 2020 μὲν
403 1956 614 2021 παρίτω
644 1959 671 2009 6
707 1962 1219 2030 προμνημονευθεὶς
1263 1965 1407 2026 θεῖος
1439 1966 1529 2019 καὶ
1577 1968 1717 2038 ἱερὸς

150 2046 429 2115 Ἰωάννης,
468 2050 495 2099 6
528 2050 703 2118 μέγας
730 2053 1006 2122 ὀφθαλμὸς
1032 2056 1128 2127 τῆς
1166 2056 1357 2126 Ἐᾡας,
1385 2061 1411 2112 6
1443 2061 1504 2111 ὲκ
1528 2064 1717 2131 Δαμαο

138 2140 277 2190 σκοῦ
332 2141 878 2212 ἀναλάμψας·οὖτος
936 2150 1044 2217 γάρ
1096 2149 1155 2202 ἐν
1208 2152 1286 2222 τῷ
1322 2154 1451 2222 περὶ
1496 2155 1606 2207 τῶν
1660 2157 1716 2208 ἐν

138 2231 334 2284 πίστει
381 2237 798 2306 κεκοιμημένων
832 2244 1212 2314 συντακτηρίῳ
1245 2246 1410 2299 αὐτοῦ
1447 2248 1607 2316 λόγῳ,
1638 2248 1717 2318 τῷ

135 2328 456 2398 ἐπιγραφὴν
479 2329 677 2399 ἔχοντι·
716 2331 943 2396 «Ὀπως
964 2336 1017 2387 αί
1049 2337 1188 2407 ὑπὲρ
1221 2338 1401 2392 αὐτῶν
1433 2344 1719 2411 γινόμεναι

137 2420 472 2488 λειτουργίαι
499 2424 592 2474 καὶ
614 2424 850 2477 εὖποιϊαι
867 2426 1091 2490 τούτους
1113 2430 1407 2497 ὀνίνησιν.»
1442 2433 1471 2501 ή
1498 2432 1554 2486 δὲ
1573 2435 1715 2505 άρχὴ

137 2512 236 2563 τοῦ
275 2513 453 2578 λόγου,
483 2533 501 2566 ι
557 2517 635 2568 Τά
660 2515 769 2569 τῶν
793 2518 1097 2587 βρωμάτων
1123 2521 1254 2590 ήδέα
1279 2539 1293 2551 ’
1326 2541 1343 2573 ι
1378 2525 1515 2593 μετά
1544 2528 1715 2580 πολλὰ

137 2605 236 2656 καὶ
281 2605 439 2667 ἄλλα,
461 2605 539 2659 ἔτι
563 2606 718 2660 τοῦτό
748 2626 934 2678 φησιν,
970 2611 1121 2665 «Ὅτι
1151 2616 1295 2669 οίτοῦ
1323 2616 1483 2686 λόγου
1516 2620 1715 2687 μύσται

137 2710 198 2745 τε
234 2693 330 2761 καὶ,
372 2693 660 2760 αὐτόπται,
690 2697 738 2748 οἱ
776 2698 867 2750 τὸν
920 2700 1015 2753 τοῦ
1048 2702 1253 2771 κόσμου
1300 2706 1469 2775 γῦρον
1500 2709 1716 2778 ζωγρή-

140 2802 342 2847 σαντες
394 2787 635 2855 μαθηταὶ
664 2789 757 2841 τοῦ
790 2791 1063 2864 Σωτῆρος,
1112 2798 1205 2848 καὶ
1234 2798 1369 2852 θεῖοι
1400 2800 1711 2866 ἀπόστολοι,

140 2880 242 2932 ἐπὶ
281 2878 390 2930 τῶν
423 2881 669 2949 φρικτῶν
699 2884 793 2935 καὶ
841 2885 1127 2955 άχράντων
1157 2890 1250 2943 καὶ⁵
1301 2891 1583 2954 ζωοποιῶν
1616 2915 1714 2965 μυ-

142 2976 409 3043 στηρίων,
457 2979 677 3047 μνήμην
713 2980 985 3033 ποιεῖσθαι
1018 2981 1125 3035 τῶν
1173 2986 1379 3046 πιστῶς
1419 2988 1711 3056 κοιμηθέν-

140 3085 257 3120 των
304 3068 600 3124 ὲθέσπισαν
629 3088 643 3101 ·
683 3070 712 3122 δ
759 3072 853 3126 καὶ
906 3076 1127 3143 κατέχει
1182 3076 1416 3145 βεϐαίως
1449 3082 1545 3134 καὶ
1594 3083 1714 3135 λίαν

140 3161 555 3231 άναντιρῤήτως
586 3163 617 3233 ή
644 3161 738 3215 τοῦ
772 3164 1007 3232 Χριστοῦ
1035 3168 1129 3219 καὶ
1156 3168 1292 3221 Θεοῦ
1314 3171 1423 3223 άπὸ
1460 3174 1715 3243 περάτων

1828 587 2124 654 quidquam
2174 588 2398 641 omnino
2437 591 2518 642 vel
2552 591 2864 644 curaverint
2898 591 2978 643 vel
3008 592 3389 657 cogitaverim,

1828 677 1922 731 sed
1959 680 2011 731 in
2058 678 2371 734 universum
2414 695 2480 734 co
2516 689 2725 735 tantum
2782 683 2963 743 modo,
3000 696 3112 751 quo
3168 684 3395 739 abiturze

1828 780 1978 831 sunt,
2012 777 2179 822 totam
2229 780 2468 823 mentem
2518 769 2840 832 direxeriut,
2876 771 3161 840 prwsentia
3214 772 3397 825 omnia

1826 862 2140 915 retrimenta
2170 868 2444 929 putantes,
2466 869 2525 915 ut
2552 861 2729 915 solum
2762 878 2882 916 eum
2912 878 3073 931 quem
3092 863 3401 917 desiderant

1827 969 2088 1023 sponsum
2124 955 2405 1009 lucrentur
2440 955 2975 1025 pcr‘pomitentiam,
3007 958 3399 1025 tremendoqnc

1823 1049 1994 1118 iudici
2061 1050 2112 1102 in
2176 1048 2412 1102 nubibus
2443 1058 2759 1113 occurrant,
2800 1048 2880 1101 Ita:
2932 1050 3228 1103 maximum
3277 1060 3402 1118 post

1827 1152 2058 1195 mortem
2120 1139 2498 1209 juvamcntum
2546 1141 2878 1208 percipiunt.
2931 1140 3066 1194 Cum
3132 1142 3279 1194 enim
3345 1142 3400 1194 in

1825 1234 2140 1303 pmnitentia
2173 1239 2401 1302 repertae
2433 1231 2654 1298 fuerint,
2710 1233 2763 1286 in
2811 1233 3132 1302 paenitentia
3178 1249 3397 1303 quoque

1820 1325 2159 1395 iudicantur,
2186 1324 2643 1394 quemadmodum
2671 1338 2749 1377 cie
2776 1340 2896 1393 qua:
2928 1325 2987 1379 in
3016 1325 3401 1393 desperatione

1824 1426 2051 1486 reperta:
2078 1416 2303 1480 fuerint,
2360 1417 2823 1470 oondenmantur.
2884 1414 2951 1469 Et
2989 1417 3067 1469 har
3100 1416 3401 1470 commina-

1826 1509 2000 1564 tiooes
2037 1518 2165 1562 sunt
2188 1524 2325 1578 quas
2350 1509 2585 1574 ajudice
2614 1509 2867 1565 audimus
2895 1525 2911 1568 :
2959 1528 2977 1560 ι
3008 1507 3106 1563 Ubi
3139 1510 3397 1566 invenero

1826 1612 1894 1667 te,
1934 1602 2005 1656 ibi
2033 1612 2084 1657 et
2109 1601 2365 1670 iudicabo
2399 1612 2501 1657 tea

2565 1695 2656 1749 Ili.

1896 1791 2179 1860 Reliquum
2214 1800 2297 1845 est
2319 1792 2370 1845 in
2402 1790 2690 1861 praesentia
2732 1790 3034 1844 testimonia
3071 1807 3166 1845 vos
3194 1792 3385 1846 audire

1825 1900 1944 1953 qua:
1976 1893 2132 1937 antea
2164 1883 2391 1952 polliciti
2434 1898 2649 1937 sumus.
2685 1872 3009 1950 Primusque
3041 1883 3264 1949 prodeat
3296 1898 3391 1936 au-

1825 1978 2057 2030 tedictus
2094 1976 2317 2030 divinus
2346 1984 2401 2029 et
2424 1989 2582 2030 sacer
2606 1972 2866 2040 Joannes,
2902 1989 3132 2043 magnus
3155 1974 3395 2029 Orientis

1824 2071 2036 2135 oculus,
2070 2070 2162 2141 qui
2206 2085 2235 2125 a
2270 2069 2532 2123 Damasco
2564 2068 2761 2123 illuxit.
2824 2067 2874 2121 Is
2913 2071 3055 2123 enim
3096 2068 3149 2123 in
3181 2085 3240 2123 ea
3274 2086 3396 2125 ora-

1824 2166 1970 2220 tione
1997 2179 2160 2234 quam
2210 2161 2540 2231 conscripsit
2590 2161 2658 2215 de
2698 2160 2782 2216 his
2812 2160 2904 2229 qui
2939 2161 2992 2214 in
3040 2162 3143 2217 ﬁde
3190 2162 3393 2217 obdor-

1823 2257 2080 2321 mierunt,
2114 2255 2273 2323 cuius
2299 2253 2490 2309 titulus
2525 2261 2607 2308 est
2638 2270 2652 2310 :
2689 2272 2707 2304 ι
2743 2251 2859 2319 Qua
2883 2253 3092 2308 ratione
3128 2255 3391 2308 sacrificia

1821 2360 1877 2408 et
1910 2349 2049 2403 bona
2087 2363 2274 2417 opera,
2307 2362 2428 2416 qua:
2484 2361 2583 2416 pro
2632 2346 2697 2400 iis
2755 2355 3007 2417 suscepta
3059 2358 3211 2411 sunt,
3263 2348 3395 2416 ipsis

1820 2441 2179 2513 opitulantur,
2216 2458 2234 2491 ι
2271 2439 2427 2510 cujus
2464 2436 2733 2493 orationis
2765 2438 2981 2492 initium
3011 2446 3095 2495 est
3128 2458 3141 2491 :
3197 2457 3214 2490 ι
3246 2438 3394 2494 Escae

1820 2549 2037 2599 suaves,
2064 2552 2082 2583 ι
2129 2541 2251 2602 post
2279 2533 2384 2586 alia
2417 2531 2584 2586 multa
2616 2533 2731 2585 hrec
2755 2530 2920 2585 etiam
2956 2529 3091 2585 dicit
3119 2550 3133 2585 :
3192 2551 3208 2582 ι
3235 2530 3390 2598 Quod

1824 2627 2123 2681 Salvatoris
2148 2623 2399 2695 discipuli
2420 2632 2474 2677 et
2496 2622 2665 2677 divini
2698 2623 2950 2691 apostoli,
2979 2624 3071 2692 qui
3105 2625 3393 2693 mysterio-

1823 2735 1943 2775 rum
1984 2717 2148 2773 Verbi
2171 2716 2464 2786 participes
2494 2724 2656 2784 atque
2681 2714 2882 2769 oculati
2912 2724 3079 2770 testes
3106 2714 3276 2781 fuere,
3296 2718 3391 2784 qui

1821 2813 2010 2868 mundi
2045 2813 2231 2866 urbem
2265 2812 2395 2865 dum
2428 2811 2672 2865 viverent
2724 2817 3111 2879 peragrarunt,
3171 2807 3226 2862 in
3278 2818 3395 2861 tre-

1822 2903 2071 2966 mendis,
2134 2902 2472 2957 intemeratis
2538 2911 2591 2956 et
2644 2900 3055 2955 vivificantibus
3117 2901 3393 2971 mysteriis

1820 2994 2392 3050 commemorationem
2447 2992 2558 3047 ﬁeri
2594 2992 2775 3047 dehis
2818 2992 2911 3062 qui
2946 2993 3136 3047 fideles
3194 2993 3392 3047 obdor-

1822 3090 2012 3153 miere,
2063 3095 2400 3152 sanxerunt;
2455 3085 2601 3154 quod
2632 3084 2796 3139 etiam
2851 3084 3082 3139 firmiter
3108 3094 3160 3140 et
3188 3084 3393 3154 absque

1742 3201 1787 3263 ρ
1822 3181 1930 3234 ulla
1982 3178 2359 3234 controversia
2403 3186 2551 3232 tenet
2605 3192 2635 3231 a
2686 3176 2885 3231 linibns
2919 3192 3093 3247 usque
3150 3178 3219 3229 ad
3256 3177 3393 3231 fines

142 3251 244 3303 καὶ
276 3253 434 3322 μέχρι
466 3256 740 3324 περάτων,
774 3256 1110 3328 άποστολικὴ
1156 3261 1251 3315 καὶ
1288 3241 1549 3334 καθολική
1592 3266 1717 3320 Ἑκ-

1822 3270 2023 3325 Christi
2058 3268 2150 3325 Dei
2202 3269 2507 3339 apostolica
2561 3279 2615 3322 et
2642 3269 2914 3324 catholica
2941 3266 3187 3323 Ecclesia
3223 3269 3291 3321 ah
3325 3285 3391 3323 eo

142 3344 371 3409 πλησία,
399 3345 460 3397 ὲκ
491 3347 612 3398 τότε
651 3347 811 3417 μέχρι
842 3348 939 3401 τοῦ
972 3350 1087 3412 νῦν,
1124 3354 1218 3405 καὶ
1252 3353 1350 3420 τῆς
1380 3355 1475 3407 τοῦ
1508 3359 1715 3426 κόσμου

142 3438 353 3504 λήξεως
379 3437 528 3506 άχρι,
565 3438 665 3491 οὐκ
695 3440 998 3507 ἀλογίστως
1023 3442 1263 3509 πάντως,
1294 3447 1412 3500 οὐδὲ
1444 3451 1712 3516 ματαίως,

140 3525 269 3577 οὐδὲ
303 3525 444 3593 εἰκῇ,
500 3529 593 3578 καὶ
625 3527 698 3589 ὡς
733 3528 889 3595 ἔτυχε
940 3531 1099 3583 τοῦτο
1143 3532 1518 3600 θεσπίσαντες.
1553 3540 1719 3593 Οὐδὲν

142 3616 261 3683 γὰρ
286 3614 543 3683 ἀνόνητον
575 3617 606 3683 ἡ
651 3616 759 3670 τῶν
790 3618 1137 3689 Χριστιανῶν
1167 3621 1415 3693 ἀπλανὴς
1456 3625 1719 3697 θρησκεία

142 3708 477 3777 παρείληφε,
511 3710 606 3762 καὶ
635 3711 713 3773 είς
739 3711 911 3764 αίῶνα
936 3715 1204 3784 κατέσχεν
1229 3718 1340 3770 άπα
1353 3722 1680 3786 ρασά).ευτον
1699 3737 1716 3753 ο

141 3800 288 3854 ἀλλά
314 3801 488 3853 πάντα
518 3801 771 3873 ἐπωφελῆ
807 3805 897 3855 καὶ
930 3804 1220 3874 θεάρεστα,
1256 3810 1351 3861 καὶ
1384 3809 1505 3862 λίαν
1540 3812 1719 3883 ὀνησι-

143 3892 319 3959 φόροι.
354 3893 449 3944 καὶ
496 3892 767 3964 σωτηρίας
816 3896 1082 3965 μεγίστης
1123 3899 1383 3969 πρόξενα.
1412 3920 1429 3952 ι
1475 3901 1720 3968 Ἀκούεις

140 3984 232 4035 ὅτι
275 3982 334 4033 οὔ
370 3982 676 4050 παρέλαϐεν
723 3986 754 4054 ή
786 3984 881 4037 τοῦ
913 3986 1049 4040 Θεοῦ
1100 3990 1397 4059 Ἐκκλησία
1431 4009 1483 4045 τι
1513 3994 1722 4061 πλάνης

139 4074 435 4141 ἐχόμενον,
473 4074 505 4144 ἢ
556 4076 859 4147 ἀνόνητον·
908 4078 1043 4133 άλλά
1099 4081 1276 4135 πάντα
1314 4085 1583 4155 θεάρεστα
1627 4088 1721 4140 καὶ

137 4167 449 4236 ὀνησιφόρα
492 4166 633 4230 λίαν,
670 4169 764 4222 καὶ
814 4170 1055 4240 πρόξενα
1108 4177 1385 4244 σωτηρίας
1428 4179 1719 4249 μεγίστης.

142 4258 292 4313 Μετ’
317 4258 478 4311 αὐτὸν
508 4259 563 4311 δὲ
593 4260 622 4312 6
656 4260 826 4324 πολὺς
858 4262 927 4315 τὰ
954 4262 1071 4316 θεῖα
1102 4265 1196 4318 καὶ
1224 4265 1393 4334 βαθὺς
1423 4269 1720 4337 Διονύσιος,

140 4355 247 4405 καὶ
278 4352 438 4416 αὐτὸς
463 4352 519 4405 ἐν
546 4354 613 4422 τῇ
644 4353 754 4405 τῶν
776 4356 1201 4424 κεκοιμημένων
1226 4363 1464 4429 μυστικῇ
1491 4362 1717 4432 θεωρίᾳ,

137 4442 378 4497 τοιαῦτα
430 4444 632 4511 φάσκει
657 4462 671 4477 ο
711 4463 731 4496 ‹
783 4446 858 4499 Οὐ
890 4446 998 4517 γὰρ
1030 4448 1096 4501 ἂν
1134 4452 1160 4502 6
1205 4450 1346 4514 θεῖος
1378 4452 1660 4523 ίεράρχης,
1692 4457 1722 4508 6

1822 3370 2065 3428 tempore
2091 3362 2144 3416 in
2189 3377 2429 3430 praesens
2458 3372 2514 3416 et
2552 3378 2726 3432 usque
2759 3362 2812 3415 in
2850 3361 3009 3415 finem
3044 3362 3232 3416 mundi
3286 3376 3391 3414 non

1820 3456 1939 3507 sine
1997 3455 2228 3517 ratione,
2256 3469 2430 3524 neque
2482 3456 2665 3521 stulte,
2717 3469 2895 3523 neque
2947 3462 3176 3520 temere,
3211 3471 3389 3524 neque

1822 3547 1957 3601 forte
1989 3547 2206 3600 fortuna
2236 3546 2289 3601 id
2319 3533 2701 3601 decernentes.
2740 3546 2872 3601 Nam
2908 3548 3043 3601 nihil
3076 3551 3222 3617 quod
3254 3551 3393 3602 stul-

1820 3639 1994 3693 titiam
2050 3648 2288 3707 saperet,
2345 3638 2566 3693 admisit
2620 3639 3065 3695 Christianorum
3135 3643 3388 3696 inerrans-

1820 3728 2031 3796 religio,
2062 3738 2115 3781 et
2142 3730 2193 3781 in
2222 3728 2481 3782 sazculum
2513 3728 2838 3785 inconcusse
2874 3732 3049 3785 tenuit
3077 3750 3091 3783 :
3120 3731 3229 3785 imo
3261 3748 3393 3787 vero

1820 3828 2013 3874 cuncta
2049 3818 2197 3874 utilia
2255 3819 2469 3889 Deoque
2517 3829 2668 3891 grata
2709 3831 2764 3876 et
2814 3822 2970 3877 valde
3028 3823 3389 3879 conducibilia

1820 3909 1887 3964 ad
1927 3909 2185 3963 salutem.
2217 3928 2235 3959 ι
2300 3909 2429 3965 Post
2480 3910 2625 3965 hunc
2694 3893 2924 3977 magnus
2978 3913 3029 3967 in
3092 3913 3290 3968 divinis
3340 3926 3393 3968 et

1821 4000 2073 4055 sublimis
2100 4000 2389 4071 Dionysius
2439 4012 2493 4054 et
2526 4002 2642 4069 ipse
2673 4003 2726 4058 in
2788 4007 3014 4075 mystica
3062 4006 3130 4061 de
3160 4008 3392 4060 mortuis

1820 4092 2262 4147 consideratione
2318 4091 2435 4147 haec
2503 4094 2580 4148 ait
2637 4110 2651 4147 :
2723 4093 2884 4148 «Non
2943 4096 3088 4149 enim
3170 4096 3390 4151 divinus

1822 4200 2103 4241 sacrorum
2142 4199 2367 4254 prases,
2413 4184 2612 4239 divina:
2654 4185 3073 4254 justiﬁeationis
3111 4189 3383 4248 minister.

1823 4279 2074 4349 petiisset
2101 4292 2221 4347 quae
2253 4278 2363 4332 Deo
2410 4279 2681 4347 praecipue
2710 4293 2817 4331 non
2844 4288 3029 4333 essent
3059 4290 3305 4349 accepta,
3335 4295 3391 4336 es

1822 4385 1944 4440 qua:
1997 4385 2056 4424 se
2120 4369 2373 4423 daturum
2430 4369 2693 4423 divinitus
2744 4369 3102 4439 promisisset.
3164 4371 3392 4439 Ideoque

1822 4459 2095 4525 profanis,
2126 4458 2175 4513 id
2204 4468 2287 4513 est
2314 4459 2382 4513 iis
2409 4458 2501 4527 qui
2535 4458 2825 4513 illuminati
2850 4476 2959 4513 non
2988 4468 3117 4513 sunt
3140 4460 3391 4521 mortuis,

134 4539 249 4607 τῆς
276 4540 506 4608 ἀρχικῆς
541 4538 880 4604 δικαιώσεως
922 4542 1230 4613 ὑποφήτης,
1266 4545 1449 4627 ἐζήτει
1487 4549 1619 4601 ποτὲ
1652 4549 1718 4601 τά

1825 4552 1941 4606 haec
1991 4566 2103 4604 non
2157 4558 2431 4620 precatur.
2466 4568 2483 4600 ι
2546 4548 2610 4604 Et
2650 4566 2838 4605 rursus
2876 4571 2887 4603 :
2948 4570 2966 4602 ι
3000 4549 3140 4619 Ergo
3173 4551 3391 4605 divinus

141 4632 230 4698 μὴ
260 4628 337 4698 τῷ
380 4630 497 4696 Θεῷ
532 4631 1002 4698 προσφιλέστατα,
1038 4638 1134 4687 καὶ
1182 4637 1319 4704 πρὸς
1366 4638 1530 4692 αὐτοῦ
1561 4640 1722 4711 δοθή-

139 4723 345 4775 σεσθαι
378 4722 639 4787 ιοειωδὼς
690 4726 1078 4798 ἐπηγγελμένα
1113 4746 1128 4761 ο
1188 4732 1269 4784 διὸ
1322 4736 1432 4796 τοῖς
1486 4736 1722 4805 άνιέροις

135 4815 322 4882 ἤγουν
350 4815 699 4882 ἀφωτίστοις,
746 4819 808 4870 οὐ
842 4821 1204 4889 προσεύχεται
1241 4823 1414 4878 ταῦτα
1460 4842 1725 4896 κεκοιμη-

140 4906 359 4975 μένοις.
401 4924 419 4957 ι
452 4907 563 4959 Καὶ
611 4903 766 4971 αὖθις
792 4926 807 4942 ο
848 4928 865 4961 ι
904 4912 1117 4967 Οὐκοῦν
1165 4916 1192 4966 6
1240 4914 1383 4979 θεῖος
1438 4917 1723 4987 ίεράρχης.

133 4999 356 5063 ἐξαιτεῖ
378 5000 446 5052 τά
478 5003 606 5069 φίλα
632 5002 772 5071 Θεῷ,
806 5006 900 5055 καὶ
944 5007 1162 5067 πάντως
1207 5006 1658 5079 δωρηθησόμενα.
1700 5029 1719 5061 ι

135 5090 266 5144 Καὶ
294 5089 455 5145 πάλιν
478 5106 491 5121 ’
535 5111 554 5145 ι
606 5093 669 5145 Ἦ
702 5093 801 5162 μὶν
828 5092 923 5147 οῦν
952 5096 1107 5166 εὐχὴ,
1140 5096 1236 5166 τῆς
1260 5098 1558 5168 θεαρχικῆς
1592 5100 1726 5167 ἀγα-

135 5182 398 5249 Θότητος,
429 5181 602 5235 δεῖται
633 5186 810 5237 πάντα
862 5186 961 5253 μὲν
996 5189 1217 5253 ἀφεῖναι
1251 5190 1316 5241 τά
1346 5189 1412 5242 δι’
1447 5191 1723 5259 ἀνθρωπί-

134 5291 253 5340 νην
283 5273 568 5327 ἀσθένειαν
613 5274 690 5343 τῷ
730 5280 1118 5348 κεκοιμημὲνῳ
1162 5280 1513 5349 πταίσματα·
1562 5281 1723 5346 τάξαι

130 5364 203 5417 δὲ
232 5361 443 5429 τοῦτον,
477 5365 535 5417 ἑν
586 5366 737 5437 χώρᾳ
766 5367 1006 5431 ζώντων,
1056 5373 1137 5433 εἰς
1189 5376 1425 5435 κόλπους
1471 5372 1723 5441 ’Δσραὰμ

138 5456 247 5509 καὶ
295 5456 478 5509 Ἰσαάκ
516 5458 611 5509 καὶ
655 5458 875 5521 Ἰακὼϐ,
925 5460 983 5512 ἐν
1014 5454 1057 5528 ᾧ
1089 5462 1302 5532 ἀπέδρα
1342 5465 1515 5533 τόπῳ,
1559 5464 1720 5534 ὀδύνη

136 5549 247 5601 καὶ
299 5545 443 5616 λύπη
488 5549 580 5599 καὶ
630 5552 972 5618 στεναγμός·
1014 5554 1343 5624 παρορὼτης
1372 5557 1467 5623 τῆς
1502 5554 1720 5624 θεαρχι-

141 5638 259 5706 κῆς
296 5637 653 5707 ἀγαυότητος,
687 5640 779 5691 καὶ
814 5642 909 5705 τὰς
949 5645 1306 5715 ἔγγειομένας
1339 5646 1415 5717 τῷ
1465 5663 1724 5715 κεκοιμη-

228 5818 274 5846 “
302 5815 403 5871 Job
457 5835 565 5883 xw,
592 5820 642 5872 5.

1820 4657 2102 4697 sacrorum
2126 4656 2325 4711 prases
2351 4657 2469 4709 qua:
2501 4639 2608 4696 Deo
2642 4652 2790 4709 grata
2822 4651 2949 4695 sunt
2997 4642 3153 4709 pctit,
3185 4650 3240 4694 et
3270 4657 3392 4708 qum

1821 4732 2047 4787 omnino
2079 4732 2385 4787 donaturus
2415 4740 2515 4786 est.
2550 4748 2569 4780 ι
2651 4730 2715 4784 Ει
2748 4731 2943 4784 iterum
2978 4746 2991 4782 :
3039 4749 3057 4781 ι
3084 4730 3220 4784 Cum
3251 4730 3393 4783 divi-

1825 4838 1950 4877 nam
1981 4823 2280 4878 bonitatem
2312 4835 2618 4891 prccantur,
2654 4829 2874 4889 peccata
2907 4818 3163 4874 defuncto
3190 4819 3393 4873 condo-

1825 4917 1939 4970 nari
1976 4916 2236 4985 petimus,
2295 4929 2417 4983 qua:
2475 4913 2547 4967 ob
2603 4913 2900 4966 humanam
2958 4910 3392 4965 imbecillitatem

1830 5007 2065 5059 admissa
2097 5014 2225 5060 sunt
2255 5023 2268 5059 :
2307 5006 2361 5059 in
2397 5006 2728 5075 regioncque
2764 5003 3063 5057 viventium
3108 5018 3234 5057 eum
3280 5004 3395 5055 col-

1829 5097 2020 5160 locari,
2056 5096 2111 5149 in
2145 5097 2271 5149 sinu
2308 5097 2610 5159 Abraham,
2643 5095 2793 5150 Isaac
2832 5104 2888 5149 et
2922 5094 3114 5159 Iacob,
3179 5095 3231 5147 in
3287 5110 3396 5162 quo

1827 5187 1948 5241 loco
1973 5186 2126 5240 abest
2152 5200 2378 5253 man-or,
2413 5187 2631 5242 tristitia
2682 5197 2737 5240 et
2759 5187 3013 5256 gemitus,
3058 5200 3182 5239 cum
3212 5184 3395 5238 divina

1827 5278 2069 5345 potentia
2100 5276 2169 5329 ob
2197 5291 2352 5330 suam
2385 5277 2675 5331 bonitatem
2705 5284 3021 5331 contemnat
3048 5275 3289 5329 maculas
3327 5276 3395 5327 ah

1830 5369 2199 5423 imbecillitate
2228 5369 2460 5423 humana
2482 5370 2881 5438 provenientes.
2917 5369 3183 5434 Quoniam
3211 5383 3394 5428 nemo,

1832 5470 1889 5515 ut
1923 5475 2093 5516 sacrae
2127 5462 2321 5517 littera:
2371 5462 2589 5527 docent,
2635 5463 2871 5518 mundus
2900 5478 2932 5517 a
2991 5461 3245 5516 sordibus
3275 5460 3339 5514 δ’.
3372 5480 3390 5510 ι

1834 5552 1996 5609 Vides
2027 5561 2084 5607 tu
2102 5554 2195 5623 qui
2228 5555 2706 5626 contradicis,quo
2738 5564 2895 5624 pacto
2925 5554 3236 5617 confirmat,
3269 5567 3397 5622 pro-

1832 5645 1987 5701 desse
2024 5661 2209 5715 prcccs
2270 5661 2366 5716 pro
2405 5646 2488 5702 his
2527 5655 2807 5716 susceptas
2843 5646 2936 5717 qui
2981 5646 3166 5702 ﬁdeles
3196 5642 3397 5699 mortui
