4160 6424
199 413 320 483 ιω

895 410 1044 471 PRO
1070 409 1279 471 CONC.
1315 408 1686 470 FLOBENT.
1730 411 1884 472 CAP.
1939 412 2052 472 IlI.
2093 413 2189 473 DE
2225 411 2742 475 PURGATORIO.

3311 417 3446 482 ιειε

197 554 297 604 μεν
327 531 486 585 αὐτὸν
515 529 607 582 τοῦ
655 529 892 598 δεσμοῦο
923 528 1017 582 καὶ
1057 528 1334 596 ἀνάγομεν
1387 530 1450 582 ἐκ
1493 528 1589 582 τοῦ
1639 527 1761 580 σκό⁴

1873 527 2220 589 adhibemus.
2251 536 2305 583 et
2343 529 2419 583 illi
2451 543 2645 599 magna
2670 528 2958 583 commoda
2994 536 3045 582 et
3087 531 3444 589 utilitatesal'-

192 645 356 690 τουςο
387 626 479 679 καὶ
526 624 635 676 τῶν
679 621 934 692 δακρύων
979 623 1075 675 καὶ
1131 621 1452 691 στεναγμῶν
1496 622 1590 675 τοῦ
1636 621 1765 692 ᾅδου

193 719 515 787 λυτροῦμεν.
550 717 612 771 Ei
646 715 704 768 δὲ
750 715 978 780 δίκαιος,
1009 715 1069 766 οὐ
1118 713 1427 784 λυτροῦμεν
1476 715 1640 768 αὑτὸν
1669 711 1765 766 τοῦ

193 815 440 876 σκότους,
470 813 583 866 οὐδ’
635 811 946 880 ἀπολύομεν
978 811 1086 863 τῶν
1133 808 1369 877 δεσμῶν,
1399 809 1517 862 οὐδὲ
1569 809 1766 864 καθαί-

194 923 365 974 ρομεν
392 903 558 957 αὑτοῦ
579 904 650 957 τὰ
673 904 1070 974 ἁμαρτήματα,
1099 902 1238 955 ἀλλά
1266 901 1587 972 προσθήκην
1613 902 1768 970 δόξης

193 992 347 1062 αὐτῷ
381 993 768 1062 περιτίθεμενο
803 993 898 1046 καὶ
929 993 1010 1046 ὅτι
1061 993 1309 1063 μεγάλην
1343 993 1528 1056 αὐτοῖς
1571 993 1768 1063 προξε-

193 1086 395 1153 νοῦμεν
424 1086 612 1155 δνησιν
643 1087 733 1138 καλ⁸
776 1085 1067 1154 ὠφέλειαν.
1096 1085 1206 1139 [Ιοῦ
1253 1088 1392 1139 εἰσιν
1421 1087 1469 1138 οἱ
1520 1085 1769 1154 λέγοντες

197 1177 277 1247 μὴ
306 1172 444 1230 εἶναι
480 1178 748 1246 κάθαρσιν
776 1177 964 1247 ψυχῶν
992 1178 1132 1246 μετά
1162 1178 1392 1231 θάνατον
1409 1195 1423 1243 ;
1467 1177 1597 1232 ’ἰδοὺ
1624 1178 1768 1247 Χρυ-

195 1272 462 1340 σόστομος
493 1272 712 1339 φάσκει,
737 1271 836 1324 οὐκ
873 1271 1090 1341 ἔχουσιν
1121 1274 1419 1325 ἀντειπεῖν.
1466 1272 1626 1326 Ἀλλὰ
1659 1275 1763 1327 καὶ⁴

189 1364 221 1413 ὁ
263 1364 539 1431 πάνσοφος
595 1359 752 1427 αὖθις
816 1363 1114 1417 Νυσσαέων
1176 1364 1217 1415 Γ
1223 1364 1502 1434 ρηγόριος,
1555 1363 1768 1424 τούτοις

188 1456 361 1507 οἱονεὶ
417 1456 726 1526 μαχόμενός
784 1473 999 1527 φησιν·
1055 1457 1225 1512 Οὐδὲν
1277 1457 1582 1526 ἀλογίστως
1646 1460 1768 1512 οὐδὲ

187 1549 462 1618 ἀκερδῶς,
491 1550 596 1602 ὑπὸ
630 1550 739 1602 τῶν
765 1548 859 1602 τοῦ
891 1550 1133 1617 Χριστοῦ
1179 1551 1439 1620 κηρύκων
1471 1551 1566 1604 καὶ
1592 1552 1768 1621 μαθη-

184 1642 304 1694 τῶν
355 1643 754 1712 παραδέδοται’
783 1644 918 1696 ἀλλά
967 1645 1028 1696 τὸ
1067 1645 1302 1714 πρᾶγμα
1353 1645 1569 1704 πάντως
1619 1645 1767 1697 ὲπωο

183 1733 352 1798 φελὲς
403 1737 498 1788 καὶ
551 1735 884 1804 θεάρεστον·
919 1735 980 1788 τὸ
1027 1736 1248 1806 μνήμην
1291 1737 1536 1808 δηλονότι
1595 1739 1768 1790 ποιεῖν

181 1828 283 1877 ἐπὶ
316 1827 416 1894 τῆς
462 1827 613 1889 θείας
645 1829 740 1879 καὶ
775 1829 1070 1898 παμφαοῦς
1122 1831 1538 1899 μυσταγωγίας,
1571 1829 1677 1883 τῶν
1709 1831 1768 1882 ὲν

178 1919 324 1988 ὀρθῇ
376 1921 558 1972 πίστει
609 1922 1055 1992 κεκοιμημένων.
1115 1923 1362 1985 Ἀκούεις
1407 1925 1502 1977 καὶ¹
1551 1924 1765 1990 τούτου,

176 2013 267 2062 ὅτι
291 2012 441 2064 οῦδὲν
463 2015 656 2081 ποιεῖὴ
694 2013 990 2082 Ἐκκλησία
1009 2015 1181 2084 χωρὶς
1197 2015 1356 2080 λόγου
1389 2032 1402 2082 ;
1429 2016 1560 2070 ἀλλὰ
1587 2017 1766 2071 πάντα

181 2103 332 2166 μετά
375 2101 559 2169 λόγου,
609 2104 706 2156 καὶ
751 2105 860 2157 ἀπὸ
894 2105 1247 2174 παραδόσεω;
1282 2107 1388 2159 τῶν
1425 2107 1588 2176 ἱερῶν
1637 2109 1770 2159 ἀπο-

179 2195 394 2247 στόλων
419 2210 434 2225 °
464 2196 558 2249 καὶ
580 2197 643 2248 τὸ
667 2199 842 2249 ποιεῖν
878 2199 1070 2262 μνείαν
1097 2200 1155 2250 ὲν
1183 2202 1303 2261 ταῖς
1343 2200 1765 2269 ίεροτελεστίαις

178 2288 331 2356 ὑπὲρ
371 2287 478 2339 τῶν
503 2288 710 2350 πιστῶς
737 2290 1133 2360 κοιμηθέντων,
1161 2291 1280 2344 λίαν
1309 2293 1458 2346 ἐστὶν
1487 2292 1766 2361 ἐπωφελὲς

175 2381 282 2432 καὶ
308 2380 388 2449 τῷ
425 2380 542 2448 Θεῷ
574 2381 806 2447 ἀρεστόν
829 2397 841 2412 ⁸
881 2381 1027 2434 θέλει
1056 2383 1164 2452 γὰρ
1197 2385 1415 2437 πάντων
1442 2386 1544 2455 τὴν
1587 2401 1763 2451 σωτη-

181 2473 315 2537 ρίαν
346 2471 374 2523 δ
411 2471 708 2541 φιλόψυχος
755 2474 850 2525 καὶ
884 2473 1187 2541 φιλάγαθος
1226 2478 1321 2527 καὶ
1357 2478 1766 2546 πανοικτίρμων

172 2563 338 2620 956:.
370 2564 444 2616 Τὸ
465 2564 574 2634 γάρ
605 2566 780 2617 εἰπεῖν
809 2567 899 2616 τὸν
947 2568 1255 2634 προφήτην,
1289 2569 1402 2631 ὅτι,
1441 2570 1513 2620 Σὺ
1555 2566 1765 2620 ἀποδώ-

176 2672 301 2715 σεις
335 2656 551 2726 ἑκάστῳ
583 2656 726 2709 κατὰ
753 2656 822 2708 τὰ
853 2658 989 2725 ἔργα
1021 2657 1186 2710 αὑτοῦ
1216 2673 1228 2687 ·
1260 2660 1376 2722 καὶ,
1407 2659 1624 2728 Θερίσει
1657 2660 1764 2722 πᾶς

174 2766 271 2810 τις
314 2748 343 2800 ὃ
388 2750 646 2820 ἐσπειρεο
684 2753 777 2804 καὶ
805 2751 872 2804 τὰ
916 2753 1123 2805 τούτων
1159 2752 1451 2815 ἀκόλουθα,
1508 2754 1766 2822 περὶτῆς

175 2843 491 2912 παρουσίας
508 2843 728 2906 πάντως
751 2844 845 2896 τοῦ
868 2845 1110 2908 κτίστου,
1141 2846 1234 2898 καὶ
1257 2845 1354 2913 τῆς
1377 2846 1502 2898 τότε
1528 2845 1766 2913 φρικτῆς

178 2932 520 2996 άποςάσεως
543 2934 786 3001 εἴρηται,
813 2936 907 2987 καὶ
937 2935 1037 3003 τῆς
1078 2936 1171 2988 τοῦ
1202 2936 1408 3004 κόσμου
1439 2936 1594 2989 τοῦδε
1629 2954 1766 3004 συμο

174 3021 576 3092 περατὼσεως.
608 3024 744 3078 Τότε
775 3026 886 3095 γὰρ
919 3028 1056 3087 ὅλως
1088 3028 1341 3096 βοηθείας
1362 3029 1462 3081 οὐκ
1489 3029 1606 3081 ἔστι
1643 3047 1768 3082 και-

181 3116 285 3183 ρός
308 3131 322 3144 ·
361 3115 498 3168 ἀλλὰ
530 3118 681 3169 πᾶσα
733 3118 1081 3186 παράκλησις
1110 3119 1415 3188 ἄπρακτος.
1445 3119 1559 3188 Τῆς
1587 3138 1765 3190 πανη-

1874 619 2120 674 fcrimus.
2158 619 2258 677 Ubi
2295 629 2426 676 sunt
2454 621 2546 687 qni
2581 623 2882 674 animarum
2909 629 3031 688 post
3063 633 3288 676 mortem
3318 640 3442 691 pur-

1872 712 2143 779 gationem
2171 728 2278 767 non
2306 713 2537 767 inveniri
2569 714 2759 768 dicunt
2788 714 2812 767 ?
2847 715 2988 770 Ecce
3020 715 3444 785 Cbrysosmmus

1871 802 2025 865 dicit,
2069 818 2166 856 nec
2207 813 2386 872 potest
2420 804 2470 858 ei
2491 805 2829 869 contradici.
2869 805 2972 860 Sed
3005 807 3444 875 sapientissimus

1873 894 2070 950 iterum
2105 895 2450 967 Nyssaeorum
2475 896 2784 966 episcopus,
2812 897 2976 950 veluti
3009 913 3133 952 cum
3157 900 3242 954 his
3264 901 3444 955 verbis

1872 984 2160 1042 decertans
2217 989 2342 1046 ait:
2402 1008 2419 1040 ι
2459 988 2605 1044 Nihil
2656 990 2966 1046 inconsulto
3021 1007 3197 1060 neque
3235 993 3446 1062 absque

1871 1080 2243 1134 emolumento
2268 1096 2299 1134 a
2328 1080 2529 1135 Christi
2569 1083 2914 1150 prmeonibus
2939 1091 2996 1139 et
3026 1084 3310 1154 discipulis
3337 1097 3448 1141 tra-

1872 1171 2045 1225 ditum
2075 1180 2179 1236 est,
2213 1172 2307 1226 sed
2333 1188 2417 1228 res
2438 1175 2594 1241 plena
2625 1173 2874 1229 utilitatis
2898 1183 2982 1230 est
3024 1177 3244 1246 Deoque
3283 1191 3445 1232 acce-

1872 1271 1982 1332 pta,
2011 1281 2030 1314 ι
2060 1265 2516 1320 commemoratio
2561 1265 2816 1322 videlicet
2844 1281 2966 1336 quae
3013 1269 3246 1324 habetur
3276 1271 3329 1325 in
3360 1270 3445 1325 di-

1871 1355 2000 1410 vino
2032 1365 2086 1410 et
2109 1358 2418 1412 admirabili
2454 1358 2730 1414 sacriﬁcio
2770 1375 2870 1428 pro
2904 1361 2989 1415 his
3013 1361 3104 1430 qui
3131 1363 3182 1416 in
3213 1362 3316 1417 ﬁde
3341 1363 3442 1417 ob-

1873 1445 2235 1505 dormierunt.
2277 1448 2450 1504 Audis
2486 1447 2702 1503 Patrem
2727 1452 2890 1514 hunc,
2908 1450 3054 1521 quod
3091 1450 3226 1506 nihil
3257 1452 3448 1506 incon-

1874 1541 2038 1606 sulto,
2065 1541 2161 1595 sed
2193 1543 2340 1596 omni
2381 1557 2504 1596 cum
2542 1543 3020 1598 animadversione
3066 1554 3124 1600 et
3158 1560 3224 1600 ex
3272 1546 3444 1600 tradi-

1873 1634 2023 1688 tione
2047 1643 2363 1688 sanetorum
2389 1635 2759 1705 apostolorum
2781 1636 2890 1705 agit
2909 1636 3172 1702 Ecclesia,
3190 1637 3445 1706 quodque

1874 1728 1927 1780 in
1963 1726 2170 1782 divinis
2200 1725 2397 1782 oﬂiciis
2427 1729 2494 1783 de
2525 1728 2774 1783 ﬁdelibus
2803 1730 3445 1784 mortuiscommemora-

1873 1820 2071 1873 tionem
2095 1819 2271 1874 facere
2295 1830 2378 1878 est
2414 1822 2542 1876 utile
2593 1821 2884 1876 admodum
2919 1837 2982 1876 ac
3041 1813 3150 1876 Deo
3178 1833 3389 1891 gratum
3421 1824 3446 1876 ?

1801 1881 1839 1934 Β
1872 1911 1998 1965 Vult
2026 1913 2170 1965 enim
2186 1914 2433 1966 omnium
2467 1914 2697 1969 Salutem
2732 1917 3059 1982 animarum,
3081 1925 3134 1969 et
3176 1915 3444 1969 bonorum

1872 2016 2086 2060 amator
2120 2014 2175 2059 et
2203 2006 2435 2061 dilector
2467 2017 2522 2060 et
2559 2007 2874 2063 misericors
2908 2007 3073 2062 Deus.
3121 2009 3256 2062 Nam
3295 2009 3443 2076 quod

1871 2096 2002 2150 dicit
2029 2097 2318 2165 propheta,
2353 2097 2499 2166 quod
2569 2097 2865 2166 unicuique
2917 2099 3103 2154 reddet
3140 2100 3441 2153 secundum

1869 2202 2033 2255 opera
2063 2188 2205 2256 ejus,
2239 2197 2294 2242 et
2359 2196 2524 2242 metet
2573 2189 2804 2256 quisque
2850 2188 2992 2256 quod
3055 2189 3363 2250 seminavit,
3392 2198 3448 2238 et

1869 2297 1989 2349 qua:
2010 2291 2335 2348 sequuntur,
2385 2281 2450 2334 de
2489 2280 2725 2334 adventu
2758 2281 2982 2335 omnino
3004 2279 3338 2342 Conditoris,
3390 2289 3446 2332 et

1869 2373 1936 2426 de
1970 2387 2042 2426 eos
2087 2373 2372 2427 tremendo
2405 2373 2614 2441 judicio
2678 2373 2884 2428 dictum
2945 2383 3049 2439 est,
3080 2383 3135 2427 et
3166 2372 3234 2427 de
3282 2371 3444 2440 hujus

1867 2463 2055 2518 mundi
2089 2465 2583 2528 consummatione,
2622 2466 2747 2533 quia
2809 2477 2941 2519 tunc
2982 2465 3170 2518 auxilii
3224 2477 3440 2532 tempus

1869 2556 2149 2625 prteteriit,
2183 2567 2238 2610 et
2277 2558 2454 2611 omnis
2475 2557 2760 2612 advocatio
2782 2558 2990 2612 inutilis
3016 2574 3029 2622 ;
3059 2573 3183 2611 nam
3215 2557 3444 2618 dimisso

1869 2660 2144 2705 conventu
2197 2649 2408 2704 tollitur
2463 2650 2852 2718 negotiationis
2893 2651 3306 2714 commercium,
3338 2661 3442 2715 Ubi

1870 2752 2000 2796 tunc
2032 2741 2338 2811 pauperes?
2366 2741 2466 2800 ubi
2487 2740 2804 2801 sacriﬁcia?
2841 2742 2930 2804 ubi
2962 2750 3319 2818 psalmodiae?
3349 2753 3442 2806 ubi

1870 2833 2012 2891 bona
2038 2843 2204 2905 opus
2230 2833 2254 2889 ?
2286 2837 2498 2892 Idcirco
2527 2846 2654 2892 ante
2703 2838 2832 2893 illud
2881 2848 3096 2909 tempus
3129 2851 3319 2896 mutuo
3350 2861 3445 2899 no-

1868 2929 1952 2984 bis
1986 2929 2341 2997 opitulemur.
2379 2938 2433 2982 et
2465 2927 2682 2982 Christo
2716 2929 2844 2993 Deo,
2878 2929 3131 2992 fratrum,
3158 2931 3442 2986 hominum

1865 3031 1922 3077 et
1955 3023 2266 3077 animarum
2308 3024 2562 3085 amatori,
2611 3022 2867 3078 fraternae
2931 3026 3216 3080 charitatis
3267 3028 3441 3081 oilicia

1869 3129 2190 3186 praestemus
2228 3133 2244 3180 ;
2279 3131 2402 3169 nam
2438 3117 2671 3172 libenter
2743 3118 3033 3171 admodum
3079 3119 3304 3188 recipit,
3349 3136 3445 3174 cu-

179 3206 406 3276 γύρεως
467 3209 576 3276 γὰρ
635 3208 1020 3278 διαλυθείσης,
1081 3211 1182 3263 οὐκ
1234 3210 1316 3263 ἔτι
1375 3213 1761 3280 πραγματείας

1871 3209 2060 3277 pitque
2089 3217 2149 3262 ut
2197 3217 2471 3277 petamus,
2530 3219 2591 3262 ut
2618 3209 2793 3264 nostri
2837 3224 3028 3266 amans
3067 3212 3366 3278 Dominus;
3397 3215 3444 3268 is

177 3298 538 3367 ἐμπόρευμα.
578 3299 687 3352 Ποῦ
714 3300 822 3368 γὰρ
851 3302 901 3353 οἱ
933 3303 1164 3370 πένητες
1195 3302 1315 3354 τότε
1341 3317 1356 3332 ·
1384 3301 1486 3354 ποῦ
1523 3305 1766 3372 λειτουρ-

173 3392 341 3456 «fiat;
398 3389 502 3442 ποῦ
541 3389 892 3460 ψαλμῳδίαι;
925 3392 1027 3445 ποῦ
1067 3394 1346 3458 εὐποιῖαις
1396 3394 1477 3446 διὸ
1527 3394 1630 3462 πρδ
1669 3397 1766 3462 τῆς

1867 3315 1998 3354 vero
2021 3300 2181 3353 veluti
2211 3300 2370 3354 dator
2406 3300 2696 3354 muniﬁcus
2713 3300 2995 3354 exhibebit
3032 3317 3152 3370 qua:
3177 3318 3273 3370 pro
3306 3306 3446 3357 alte-

1869 3394 1982 3445 rius
2020 3391 2193 3445 salute
2224 3393 2571 3460 postulantur
2608 3407 2784 3460 eoque
2821 3401 3062 3460 tempore
3125 3396 3442 3462 plenissime

171 3480 332 3547 ὧρας
386 3481 636 3550 ἐκείνης,
686 3482 939 3552 ἀλλήλοις
991 3485 1490 3552 ἐπικουρήσωμεν·
1548 3489 1644 3536 καὶ
1687 3487 1761 3555 τῷ

1869 3482 2124 3545 ﬂectitur,
2151 3497 2258 3535 non
2273 3483 2446 3536 solum
2473 3484 2688 3548 quando
2719 3483 2842 3550 quis
2872 3484 2939 3536 de
2958 3498 3051 3538 sua
3077 3485 3255 3536 anima
3288 3485 3444 3539 solli-

173 3571 497 3640 φιλαδέλφῳ
543 3571 637 3626 καὶ
674 3573 1042 3643 φιλανθρώπῳ
1080 3576 1174 3627 καὶ
1220 3577 1503 3645 φιλοψύχῳ
1535 3578 1759 3645 Χριστῷ

1870 3577 2010 3628 citus
2040 3584 2144 3635 est,
2182 3589 2370 3626 verum
2403 3575 2804 3643 etiamquando
2857 3591 2953 3644 pro
2989 3576 3223 3642 proximi
3258 3576 3441 3630 anima

170 3662 260 3728 τῷ
292 3660 433 3730 Θεῷ,
463 3664 529 3714 τά
556 3663 656 3728 τῆς
699 3662 1055 3732 φιλαδελφίας
1089 3666 1470 3734 προσοίσωμεν
1496 3682 1508 3696 .
1547 3667 1761 3734 δέχεται

1873 3665 2020 3717 omni
2057 3665 2242 3720 studio
2267 3665 2499 3720 laborat.

171 3758 294 3825 γὰρ
351 3755 410 3809 εὖ
447 3758 629 3826 μάλα’
695 3759 841 3811 θέλει
902 3758 1003 3826 μὲν
1079 3757 1244 3821 αὐτὸς
1317 3758 1391 3820 ὼς
1449 3760 1829 3828 φιλάνθρωπος
1861 3759 2010 3825 ἡμᾶς
2044 3761 2216 3811 αἰτεῖν
2241 3776 2254 3789 ο
2288 3760 2450 3820 αὐτὸς
2473 3759 2527 3810 δὲ
2574 3753 2660 3811 οἷα
2695 3758 2857 3828 δοτὴρ
2893 3760 3144 3827 ἄφθονος,
3179 3762 3444 3829 ἀπονέμει

171 3855 398 3925 ἑκάστῳ
428 3857 495 3908 τὰ
522 3856 658 3924 πρὸς
689 3855 968 3924 σωτηρίαν
994 3855 1288 3924 αἰτούμενα
1312 3873 1326 3884 ο
1355 3856 1444 3906 καὶ
1499 3855 1618 3907 τότε
1666 3855 1796 3922 ἡμῖν
1838 3855 2036 3915 ὑλικῶς
2087 3855 2520 3922 ὲτικάμπτεται,
2569 3856 2666 3924 οὐχ
2711 3856 2839 3908 ὅταν
2869 3873 2951 3918 τις
2985 3857 3144 3924 μόνον
3171 3856 3311 3927 ὑπὲρ
3343 3858 3443 3924 τῆς

176 3950 323 4010 ἰδίας
366 3947 543 4016 ψυχῆς
578 3947 930 4014 ἀγωνίζεται,
991 3948 1106 3999 ἀλλ’
1143 3949 1271 4000 ὅταν
1317 3949 1410 3999 καὶ
1435 3947 1578 4014 ὑπὲρ
1628 3945 1724 3996 τοῦ
1760 3945 1932 4008 πέλας
1967 3946 2127 3998 τοῦτο
2157 3944 2452 4015 προθύμως
2486 3947 2800 4015 ἐργάζεται.

926 4047 995 4094 Δ’.

250 4132 401 4184 Τεδὲ
454 4133 548 4185 καὶ
586 4135 618 4202 ἠ
664 4134 802 4200 μετά
846 4133 940 4185 τὸν
995 4132 1282 4200 Μακάριον
1337 4131 1546 4200 ἱστορία
1577 4129 1761 4199 δηλοῖ·

171 4229 316 4277 ξταν
339 4224 399 4276 τὸ
433 4223 596 4294 ξηρὸν
629 4204 852 4290 κρανίον
878 4223 1161 4292 ἠρώτησεν
1189 4223 1327 4290 ὑπὲρ
1355 4222 1462 4273 τῶν
1495 4237 1762 4289 κεκοιμη-

172 4318 384 4386 μένων,
423 4317 471 4368 εί
520 4314 883 4367 αἰσθάνωνται
929 4315 1057 4366 ὅταν
1082 4330 1166 4374 τις
1193 4313 1336 4380 υπὲρ
1370 4312 1550 4364 αὐτῶν
1581 4327 1759 4381 προσ-

169 4413 447 4476 εὑιέηταιο
491 4409 591 4461 οὐκ
647 4407 962 4476 ἀπελογήθη
1038 4408 1100 4459 τὸ
1161 4408 1327 4476 ξηρὸν
1383 4406 1620 4470 ὀστοῦν,
1674 4407 1758 4458 ὅτι

170 4502 432 4571 μεγάλην
476 4501 660 4554 ἄνεσιν
693 4501 788 4552 καὶ
834 4499 1125 4568 άνακωχὴν
1168 4500 1408 4567 ἔχουσιν,
1443 4502 1573 4552 ὅταν
1613 4498 1758 4565 ὑπὲρ

2623 4042 2712 4100 ιν.

1943 4135 2082 4200 Quid
2112 4144 2292 4189 autem
2335 4146 2389 4190 et
2411 4137 2635 4191 historia
2666 4152 2786 4203 qua
2821 4139 2884 4190 de
2920 4137 3154 4192 Macario
3184 4151 3439 4192 narratur

1870 4228 2131 4292 ostendit,
2167 4225 2386 4294 quando
2413 4228 2620 4281 aridam
2645 4231 2938 4283 calvariam
2971 4241 3318 4296 percontatus
3339 4244 3440 4287 est.

1865 4333 1934 4372 an
1964 4319 2255 4373 sitsensus
2292 4320 2520 4373 mortuis
2555 4336 2679 4373 cum
2717 4337 2812 4387 pro
2856 4321 2921 4373 iis
2963 4321 3224 4374 oramus?
3250 4321 3447 4380 Nonne,

1864 4412 2147 4479 respondit
2175 4411 2388 4465 aridum
2425 4427 2508 4475 os,
2545 4428 2797 4483 magnum
2830 4415 3070 4467 levamen
3110 4425 3163 4466 et
3194 4414 3380 4482 requie
3406 4433 3433 4462 ιι

1863 4506 2083 4568 sentire,
2104 4505 2326 4573 quando
2349 4521 2446 4574 pro
2470 4506 2538 4559 iis
2565 4507 2620 4557 ﬁt
2650 4507 3098 4560 commemoratio
3125 4507 3147 4558 ?
3177 4505 3439 4560 Prasterei

164 4614 188 4644 ε
210 4591 360 4645 ὑτῶν
394 4593 551 4660 μνεία
584 4593 838 4661 γίνηται;
867 4593 985 4643 "Et:
1007 4593 1063 4644 δὲ
1094 4594 1187 4644 καὶ
1222 4595 1279 4644 ἐν
1314 4594 1427 4663 τοξς
1451 4592 1567 4649 τῶν,
1584 4591 1758 4656 ἁγίων

1869 4595 1918 4647 in
1956 4592 2090 4647 Vitis
2120 4593 2340 4648 Patrum
2367 4611 2472 4648 una
2509 4611 2632 4649 cum
2668 4598 2789 4650 aliis
2812 4598 2995 4650 multis
3029 4606 3083 4650 et
3115 4598 3439 4651 hocinveni.

163 4689 453 4757 γερόντων
495 4687 652 4755 βίοις,
693 4689 791 4739 σὺν
825 4687 1045 4750 πολλοῖς
1087 4687 1287 4749 ἄλλοις,
1324 4687 1418 4738 καὶ
1453 4686 1612 4738 τοῦτο
1656 4682 1751 4736 εὖ-

169 4795 350 4847 ρομεν
374 4797 385 4809 ·
430 4797 448 4829 ι
483 4779 575 4840 Τίς
606 4778 711 4829 τῶν
740 4778 1022 4847 θεοφόρων
1051 4779 1276 4829 ἐκείνων
1306 4778 1538 4847 ἀνδρῶν,
1579 4776 1755 4844 μαθη-

163 4872 279 4939 τὴν
319 4869 455 4937 ἔχων
487 4871 544 4919 ἐν
575 4868 806 4937 ἀμελείᾳ
859 4867 1100 4936 βιοῦντα,
1148 4871 1240 4921 καὶ
1266 4867 1458 4918 τοῦτον
1511 4868 1648 4936 πρὸς
1692 4865 1754 4917 τὸ

163 4963 268 5016 τίιῦ
311 4962 425 5031 βίου
455 4963 627 5030 πέρας
656 4961 915 5030 ῥαθύμως
946 4960 1254 5030 φθάσαντα,
1281 4962 1309 5012 ὁ
1340 4959 1754 5027 πανοικτίρμων

163 5053 274 5105 καὶ
313 5050 607 5119 φιλόψυχος
660 5050 886 5117 Κύριος,
919 5051 1058 5118 μετὰ
1098 5050 1348 5119 δακρύων
1380 5050 1751 5118 αἰτησαμένου

160 5139 271 5191 τοῦ
305 5141 579 5208 γέροντος,
605 5144 676 5200 ὼς
711 5141 804 5190 τὸν
837 5141 976 5192 κατὰ
1003 5141 1257 5208 Λάζαρον
1285 5141 1562 5202 πλούσιον,
1600 5141 1658 5190 ἐν
1685 5142 1751 5209 τῇ

145 5230 344 5298 ,φλογὶ
379 5230 750 5299 καυσούμενον
788 5231 949 5299 μέχρι
981 5232 1253 5299 τραχήλου
1290 5229 1610 5294 ὑπέδειξεν;
1664 5229 1753 5291 Ὠς

168 5321 428 5374 ἐντεῦθεν
474 5322 642 5375 πολλά
684 5321 778 5374 τοῦ
821 5322 976 5388 ἁγίου
1003 5323 1359 5389 πονήσαντος,
1395 5323 1488 5372 καὶ
1537 5323 1635 5372 σὺν
1658 5320 1755 5373 δά-

168 5428 345 5482 κρυσι
378 5416 467 5464 τὶν
489 5413 623 5465 Θεὸν
646 5414 1073 5483 λιπαρήσαντος,
1112 5414 1269 5480 μὲλρι
1297 5412 1398 5480 τῆς
1431 5413 1608 5481 ζώνης
1646 5415 1752 5465 πά-

158 5510 255 5560 λιν
305 5506 603 5571 ὑπέδειξεν.
659 5504 790 5560 Εἶτα
830 5509 928 5560 καὶ
969 5506 1122 5567 αὖθις
1159 5507 1350 5568 κόποις
1383 5510 1508 5568 τοὺς
1547 5509 1752 5569 κόπους

155 5597 268 5652 τοῦ
321 5599 475 5663 ἁγίου
535 5599 968 5670 προσθήσαντος,
1027 5598 1456 5668 παντελεύθερον
1510 5599 1604 5650 καὶ
1650 5598 1747 5650 τοῦ

161 5692 349 5759 πυρὶς
398 5690 804 5761 λελυτρωμένον
837 5694 894 5744 ἐν
944 5691 1185 5759 ὀπτασίᾳ,
1222 5691 1300 5758 τῷ
1331 5693 1547 5759 γερόντι
1583 5691 1751 5743 δέδει-

158 5802 289 5855 χεν.
332 5784 429 5835 Διά
457 5785 562 5853 γὰρ
589 5785 688 5852 τῆς
722 5784 1007 5853 ἀμελείας,
1047 5783 1146 5851 τὴν
1169 5782 1388 5835 κόλασιν
1415 5783 1704 5852 ὑπέμεινες
1735 5798 1746 5812 ο

163 5878 263 5931 διὰ
296 5875 452 5929 τοῦτο
497 5877 586 5930 καὶ
637 5877 882 5941 εὑῖλατος
920 5879 951 5947 ἡ
997 5876 1224 5945 τοιαύτη
1272 5877 1536 5946 ἁμαρτία.
1586 5896 1602 5927 ι
1640 5876 1748 5930 Καὶ

1873 4685 2010 4737 Cum
2052 4686 2273 4754 quidam
2319 4703 2383 4740 ex
2418 4688 2502 4741 his
2529 4688 2730 4741 divinis
2764 4688 3077 4741 hominibus
3111 4689 3437 4756 discipulum

1872 4779 2100 4834 haberet
2130 4781 2490 4851 negligentius
2516 4781 2807 4842 viventem,
2849 4791 2902 4835 et
2931 4781 2985 4833 in
3045 4792 3288 4834 extremo
3321 4782 3441 4834 vitm

1880 4871 1932 4924 in
1961 4871 2151 4925 eadem
2185 4873 2376 4928 inertia
2413 4871 2837 4940 deprchensmn,
2899 4873 3206 4925 misericors
3245 4880 3298 4924 et
3323 4875 3442 4924 ani-

1877 4979 2088 5016 marum
2118 4975 2328 5018 amator
2364 4963 2523 5024 Dens,
2570 4965 2753 5016 multis
2782 4979 2905 5017 cum
2943 4965 3196 5031 laerytnis
3227 4976 3442 5031 petente

1873 5072 2022 5120 sene,
2059 5067 2316 5123 tanquam
2349 5055 2573 5108 divitem
2608 5055 2782 5119 illum,
2814 5056 2879 5107 de
2907 5069 3015 5122 quo
3050 5055 3240 5108 Lazari
3276 5055 3442 5107 refert

1873 5147 2118 5208 historia,
2143 5162 2268 5200 eum
2302 5148 2562 5212 ostendit,
2622 5148 2714 5215 qui
2756 5149 2808 5200 in
2845 5146 2967 5215 igne
3016 5148 3230 5201 cervice
3281 5156 3440 5202 tenus

1873 5241 2181 5294 tenebatur.
2225 5238 2330 5292 Sed
2364 5255 2488 5292 cum
2537 5240 2582 5294 is
2633 5239 3010 5292 vehementius
3066 5238 3318 5298 instaret.
3387 5249 3441 5290 et

1870 5348 1994 5386 eum
2031 5332 2286 5400 lacrymis
2327 5331 2494 5385 Deum
2524 5335 2854 5390 obsecraret,
2881 5345 3052 5397 usque
3082 5329 3148 5381 ad
3199 5329 3437 5382 cinctum

1871 5439 2059 5478 rursus
2089 5422 2330 5476 ostendit
2356 5438 2372 5474 :
2396 5422 2588 5474 deinde
2614 5423 2810 5472 iterum
2859 5435 3046 5490 preces
3071 5420 3320 5488 precibus
3339 5418 3440 5473 ad-

1869 5516 2044 5569 dendo
2066 5526 2119 5568 et
2151 5516 2449 5583 impensius
2482 5515 2753 5582 augendo,
2783 5516 3001 5582 penitus
3033 5514 3260 5568 liberum
3289 5513 3438 5568 etab

1871 5607 1993 5672 igne
2044 5606 2281 5659 solutum
2341 5622 2435 5673 per
2471 5607 2734 5659 visionem
2795 5606 2909 5658 seni
2939 5604 3386 5659 eomtnonstravit
3419 5621 3438 5660 '.

1874 5712 1995 5748 nam
2033 5706 2251 5764 propter
2280 5696 2620 5762 negligentiae
2653 5704 2934 5763 peccatum
2971 5695 3327 5761 plectebatur.
3353 5694 3436 5748 id-

1870 5788 2014 5840 citet)
2036 5787 2089 5839 id
2125 5788 2279 5840 facile
2305 5787 2512 5855 expiari
2541 5796 2738 5854 potest.
2771 5788 2839 5840 At
2878 5787 3000 5856 quis
3029 5788 3435 5854 ordineputerit

1868 5879 2058 5931 harum
2093 5891 2272 5930 rerum
2305 5875 2614 5930 testimonia
2648 5889 3090 5945 rcccttserv,.qttte
3132 5876 3182 5928 in
3217 5883 3434 5930 sancto-
