4160 6424
154 384 283 444 12ίὸ

822 378 975 439 PRO
1006 379 1222 439 CONC.
1264 380 1646 443 FLORENT.
1694 382 1856 443 CAP.
1901 384 2019 445 IlI.
2060 384 2160 445 DE
2204 369 2728 440 PURGATORIO.

3275 378 3420 443 i216

144 493 282 563 Θξῴ,
313 495 405 547 καί
462 493 847 563 ίκανοποιῆσαι
882 496 972 548 δια
1008 496 1106 564 τῆς
1154 502 1471 565 μετανοίας,
1503 499 1596 551 καὶ
1636 497 1725 550 διὰ

1855 514 1927 551 ιρι·
1969 495 2350 568 pmnitentiani
2386 497 2726 557 satisfacere,
2780 503 2831 548 et
2868 495 3132 547 honorum
3189 508 3416 561 operum

150 587 400 657 γρηστῶν
434 588 612 657 ἔργων
645 587 1005 657 καθαρθῆναι,
1049 590 1144 640 καὶ
1201 588 1299 656 τῆς
1367 589 1479 641 ἄνω
1531 590 1723 659 μοίρας

148 680 453 749 ὁλοσχερῶς
494 679 773 746 γενέσθαι,
811 682 914 733 κᾶν
960 682 1020 733 ὲν
1053 682 1129 751 τῷ
1179 681 1326 734 τέλει
1364 682 1457 735 τοῦ
1483 682 1599 751 βίου
1635 701 1727 753 με-

146 772 433 841 τανοήσας.
460 771 694 824 ἔντειλαι
728 774 844 833 τοῖς
879 775 993 833 σοῖς
1024 772 1109 825 ἵνα
1151 774 1508 844 προσφέρωσι
1539 773 1728 836 θυσίας

149 864 239 916 καὶ
284 864 603 933 προσφορὰς
634 866 731 920 καὶ
758 864 1124 933 ἐλεημοσύνας
1162 864 1301 933 ὑπὲρ
1335 864 1427 917 σοῦ
1454 880 1468 894 °
1504 866 1597 918 καὶ
1633 864 1727 917 οὖ-

146 974 254 1019 τως
283 956 541 1025 όνήσουσί
570 974 627 1010 σε
651 974 663 986 ο
695 958 885 1010 δεκτέα
928 957 1037 1027 γάρ
1062 957 1157 1011 καὶ
1189 957 1333 1026 μάλα
1366 957 1541 1011 ταῦτα
1585 955 1725 1026 Θεῷ.

149 1050 211 1101 Εἰ
236 1046 330 1103 οὖν
359 1051 552 1103 δεκτέα
582 1053 650 1103 τά
680 1052 1109 1121 προσφερόμενα
1142 1051 1283 1120 ὑπὲρ
1328 1051 1438 1103 τῶν
1468 1069 1731 1120 κεκοιμηο

150 1146 353 1209 μένων,
414 1145 506 1194 κατ
544 1143 799 1211 ὠφέλιμα
849 1144 955 1215 ἄρα
984 1161 997 1175 ·
1031 1144 1207 1206 οὐδεὶς
1244 1145 1352 1211 γάρ
1407 1144 1468 1196 τὸ
1494 1142 1570 1212 τῷ
1613 1143 1729 1211 Θεῷ

145 1236 358 1301 δεκτὸν,
399 1236 543 1289 εἴποι
584 1237 650 1290 ἂν
681 1237 999 1302 ἀλυσιτελὲς
1041 1239 1330 1307 ὑπάρχειν.
1368 1239 1479 1291 Καὶ
1510 1238 1673 1291 πάλιν
1702 1240 1730 1291 ό

147 1328 333 1391 αὐτὸς,
376 1346 394 1378 ι
428 1328 671 1399 Γράψον,
702 1333 891 1399 φησὶν,
925 1332 981 1383 ὲν
1010 1334 1076 1401 τῇ
1105 1334 1169 1401 σῇ
1206 1330 1558 1395 διατυπώσει,
1592 1331 1731 1402 μετά

146 1421 256 1472 τῶν
288 1421 495 1474 τέκνων
531 1425 623 1475 καὶ
666 1424 969 1490 συγγενῶν,
1026 1425 1477 1494 συγκληρονόμον
1518 1425 1608 1476 καὶ
1640 1424 1731 1477 τὸν

143 1512 456 1582 δεσπότην·
510 1515 682 1584 ἐχέτω
734 1533 827 1568 σου
872 1518 900 1569 ό
958 1517 1186 1587 χάρτης,
1222 1518 1315 1571 τοῦ
1368 1516 1625 1571 δικαστοῦ
1673 1516 1733 1569 τὸ

144 1604 323 1673 ὄνομα
343 1621 357 1633 '
394 1608 487 1659 καὶ
518 1608 742 1677 μνήμης
767 1610 842 1677 μὴ
878 1610 1179 1679 ἀμοιρείτω
1202 1611 1299 1678 τῆς
1326 1611 1436 1663 τῶν
1462 1608 1694 1678 πτωχῶν
1717 1623 1732 1639 ⁶

143 1696 309 1761 κάγὼ
359 1696 565 1750 τούτων
602 1700 897 1768 ἐγγυητής.
942 1719 959 1752 ι
998 1702 1063 1753 Τί
1119 1700 1212 1753 οὖν
1271 1702 1517 1769 ἰσχύουσι
1560 1699 1735 1751 ταῦτα

150 1792 335 1844 πάντα
383 1793 463 1854 εἰς
513 1791 767 1861 βοήθειαν
794 1794 1004 1862 ψυχ·ἷ›ν,
1034 1794 1084 1845 εἰ
1115 1794 1214 1846 οὒκ
1261 1792 1379 1845 ἔστι
1431 1790 1554 1845 καθ’
1589 1791 1735 1859 ὑμᾶς

1832 590 2101 645 beneﬁcio
2159 589 2416 659 purgari,
2492 597 2546 641 et
2599 588 2836 641 rmlestis
2889 586 3111 641 omnino
3162 588 3421 646 evadere,

1830 698 2141 751 quanquam
2190 682 2242 734 in
2294 682 2440 734 exitu
2486 681 2608 734 vitae
2647 679 3005 743 constitutus,
3058 678 3190 747 jube
3217 678 3326 731 tuis
3366 691 3425 731 ut

1833 792 1929 845 pro
1961 786 2010 831 te
2041 776 2311 829 sacrilicia
2337 774 2585 839 oll‘eraut,
2616 774 2919 828 oblationes
2946 783 2998 825 et
3023 774 3422 839 eleemosyuas,

1830 886 1952 939 qute
2005 870 2101 923 tibi
2157 870 2500 937 proderunt:
2556 882 2683 921 nam
2734 882 2795 921 ea
2850 866 2959 920 Deo
2997 865 3152 918 valde
3201 874 3424 931 accepta

1833 976 1978 1020 sunt.
2010 964 2068 1019 Si
2106 978 2235 1031 ergo
2264 962 2573 1030 recipienda
2605 977 2723 1028 qum
2761 975 2857 1027 pro
2910 958 3142 1012 mortuis
3184 957 3424 1011 oﬂ‘erun-

1834 1070 1941 1125 tur,
1978 1074 2110 1128 ergo
2136 1066 2190 1111 et
2229 1056 2403 1119 utilia,
2437 1054 2559 1122 quia
2600 1069 2761 1107 nemo
2790 1053 2970 1106 dicere
3006 1051 3250 1111 audebit,
3300 1051 3422 1103 iuu-

1836 1152 1927 1205 tile
1960 1166 2081 1206 esse
2112 1150 2257 1220 quod
2287 1148 2398 1201 Deo
2429 1157 2710 1215 acceptmn
2751 1160 2854 1199 εει.
2905 1145 2964 1197 Ει
3005 1146 3144 1197 idem
3186 1159 3377 1198 rursus
3407 1160 3418 1193 :

1840 1263 1858 1296 ι
1894 1243 2108 1309 Scribe,
2147 1244 2347 1312 inquit,
2378 1242 2429 1295 in
2468 1242 2575 1294 tuis
2608 1239 2811 1294 tabulis
2853 1252 2960 1292 una
2997 1252 3119 1289 cum
3155 1236 3341 1290 liberis
3370 1246 3425 1289 ct

1834 1334 2083 1403 cognatis
2120 1333 2456 1388 eohmredem
2494 1333 2657 1387 etiam
2699 1329 2986 1384 Dominum
3017 1343 3032 1381 :
3079 1327 3427 1379 contineatur

1835 1428 1888 1482 in
1940 1436 2265 1481 testamento
2314 1426 2517 1496 judicis
2564 1440 2784 1489 nomen,
2842 1439 2941 1477 nec
2973 1436 3238 1491 pauperes
3291 1418 3429 1472 ohli-

1837 1520 1985 1574 vioni
2013 1518 2198 1571 tradas
2225 1537 2237 1571 :
2274 1533 2397 1572 nam
2435 1532 2534 1587 ego
2559 1531 2655 1585 pro
2680 1516 2764 1570 his
2798 1530 2894 1569 ero
2926 1515 3241 1581 lidejussor.
3276 1531 3294 1563 ›
3325 1511 3429 1565 Sed

1837 1627 1999 1680 quam
2019 1612 2126 1665 vim
2161 1610 2369 1665 habent
2397 1612 2509 1665 haec
2539 1610 2746 1671 omnia,
2774 1608 2818 1663 si
2842 1607 3146 1663 subsidium
3170 1615 3287 1675 post
3309 1606 3431 1658 obi—

1840 1714 1950 1757 tum
1981 1704 2273 1757 animabus
2317 1719 2422 1756 non
2478 1711 2743 1763 remanet,
2795 1709 2854 1755 ut
2903 1717 2999 1754 vos
3049 1696 3431 1753 arbitramini?

1843 1797 2089 1862 Quanam
2144 1798 2210 1851 de
2258 1812 2423 1851 causa
2477 1796 2591 1850 haec
2639 1794 2985 1849 tradiderunt
3032 1792 3255 1849 sancti?
3292 1789 3430 1843 Num

153 1886 298 1953 μετὰ
354 1855 627 1953 θάνατονς
671 1855 820 1940 διατί
956 1888 1052 1939 καὶ
1098 1887 1146 1939 οἱ
1184 1886 1330 1954 ἅγιοι
1362 1884 1537 1938 ταῦτα
1568 1855 1735 1952 παρέ-

1855 1890 2053 1960 decepti
2085 1891 2263 1945 sunt?
2297 1900 2353 1944 at
2390 1905 2498 1942 non
2534 1890 2604 1943 ita
2638 1889 2764 1943 licet
2819 1887 3081 1950 insanire,
3118 1896 3177 1941 ut
3205 1886 3254 1939 id
3283 1885 3433 1939 dica‘

145 1978 335 2031 δωκαν
365 1995 381 2044 ;
412 1974 557 2047 'Apa
585 1980 896 2033 πλανῶνται
923 1998 937 2045 ;
974 1982 1066 2049 Μή
1096 1980 1238 2033 οὕτω
1273 1981 1575 2049 μανείημεν
1608 1978 1737 2031 ὥστ’

146 2074 373 2125 εἰπεῖν·
438 2074 573 2127 ἀλλά
636 2075 758 2127 λίαν
808 2075 1109 2145 ὀνησιφόρα
1168 2076 1261 2127 καὶ
1320 2074 1593 2144 θεάρεστα
1642 2074 1740 2126 καὶ

148 2166 323 2220 δεκτᾶ
361 2166 479 2234 Θεῷ
506 2182 523 2200 ο
554 2169 635 2221 ὅτι
665 2168 877 2233 πάντας
904 2168 1047 2221 θέλει
1083 2168 1359 2237 σωθῆναι·
1391 2170 1486 2222 καὶ
1518 2168 1739 2222 πάντων

148 2260 258 2326 τὴν
321 2260 596 2329 σωτηρίαν
635 2260 880 2329 βούλεται
939 2262 1033 2313 καὶ
1080 2264 1298 2331 προνοεῖ
1347 2262 1739 2333 συμφερόντως

146 2352 321 2402 παντὶ
352 2353 538 2421 τρόπῳ
559 2368 571 2381 ο
612 2354 704 2405 καὶ
736 2352 859 2406 καθ’
888 2353 1133 2422 ἑκάστην
1174 2353 1439 2421 ἀμηγέπη
1480 2352 1743 2420 διεγείρει

143 2443 309 2506 τινας
340 2444 474 2516 πρὸς
508 2446 607 2516 τὴν
647 2447 753 2499 τῶν
788 2448 963 2499 ἄλλων
1008 2448 1298 2515 ὠφέλειαν,
1334 2449 1420 2501 ἵνα
1450 2447 1526 2510 ὡς
1556 2446 1743 2514 φιλάν-

148 2535 376 2605 θρωπος
439 2538 541 2589 κάν
606 2539 779 2608 τούτῳ
837 2542 985 2612 σώσῃ
1050 2542 1200 2602 τι·.ἀς
1260 2541 1500 2603 πάντως.
1560 2538 1745 2590 Ἰἀῦτα

145 2630 374 2682 ἀκούων
422 2646 506 2692 τις
534 2631 642 2683 τῶν
694 2633 955 2685 ἐναντίων
1013 2633 1131 2701 ἐρεῖ
1185 2632 1331 2700 μάλα
1377 2631 1621 2701 γαυριῶν
1654 2630 1744 2683 καὶ

146 2722 259 2791 τὴν
295 2722 470 2791 ὀφρὺν
502 2723 769 2791 ἐπαίρων,
801 2725 886 2776 ὅτι
921 2724 1115 2776 τούτου
1156 2724 1407 2787 τεθέντος
1443 2725 1522 2776 ὅτι
1557 2723 1745 2776 καθαί-

154 2832 352 2881 ρονται
413 2814 550 2882 μετὰ
606 2816 857 2880 θάνατον,
890 2817 939 2868 οἱ
988 2816 1195 2879 πάντες
1234 2815 1598 2886 σωθήσονται,
1656 2817 1750 2868 καὶ

148 2907 339 2968 οὐδεὶς
370 2907 685 2977 ἀστοχήσει.
715 2909 827 2962 Καὶ
854 2911 902 2960 εί
933 2910 1033 2962 οὐκ
1063 2908 1278 2975 ἐγένετό
1304 2925 1387 2970 τις
1418 2909 1569 2975 ἅγιος
1596 2909 1654 2957 ὲν
1682 2908 1745 2976 τῇ

154 2998 282 3067 ζωῇ
317 2997 507 3061 αὐτοῦ,
534 2999 639 3067 ἄρα
673 2999 909 3062 σώζεται
933 3000 1070 3069 μετά
1098 2998 1351 3061 θάνατον,
1377 2996 1464 3050 διά
1494 2999 1589 3064 τῆς
1618 2996 1748 3064 παρ’

152 3092 323 3161 ὑμῶν
357 3091 659 3159 λεγομένης
704 3091 1047 3158 καθάρσεως.
1083 3090 1227 3157 Εὖγε
1272 3089 1452 3155 τοῦτο,
1502 3090 1596 3142 καὶ
1637 3090 1748 3140 εἴθε

1850 2001 1990 2039 mus.
2027 1985 2141 2039 lmo
2177 1984 2333 2038 valde
2385 1992 2615 2053 prosunt
2666 1983 2884 2051 Deoque
2914 1991 3065 2049 grata
3111 1988 3164 2033 et
3207 1990 3429 2047 accepta

1845 2087 1991 2133 sunt.
2032 2077 2157 2133 Vult
2203 2079 2347 2133 enim
2397 2079 2575 2133 salvos
2630 2092 2820 2131 omnes
2871 2076 2983 2129 lieri
3016 2116 3029 2134 ,
3072 2072 3431 2141 omniumque

1820 2172 2073 2226 salutem
2106 2171 2338 2238 expetit,
2394 2178 2449 2223 et
2482 2168 2632 2223 omni
2677 2169 2887 2222 ratione
2920 2166 3209 2220 commode
3244 2164 3430 2233 provi—

1845 2264 1972 2326 det;
2027 2264 2270 2330 quotidie
2314 2264 2518 2317 excitat
2568 2264 2636 2315 ab
2686 2261 2834 2315 omni
2892 2268 3048 2327 parte
3102 2258 3311 2325 aliquos
3342 2258 3431 2324 qui

1848 2356 1962 2408 illis
1994 2355 2256 2408 auxilium
2305 2354 2556 2409 afferant.
2591 2356 2660 2407 At
2691 2355 2812 2422 quis
2867 2368 2931 2407 ex
2987 2352 3316 2406 adversariis
3369 2367 3431 2403 ea

1850 2447 2123 2501 audiendo
2150 2448 2443 2501 admodum
2491 2446 2795 2510 exsultans,
2848 2456 2901 2500 et
2950 2444 3311 2512 supercilium
3357 2454 3438 2496 at-

1849 2542 2043 2595 tollens
2076 2540 2240 2603 dicet,
2274 2540 2385 2594 lloc
2420 2541 2704 2609 supposito
2737 2540 2881 2609 quod
2913 2554 3107 2593 omnes
3146 2540 3439 2607 expientur

1850 2645 1975 2703 post
2005 2643 2257 2699 mortem,
2313 2649 2506 2689 omnes
2567 2649 2695 2701 ergo
2736 2634 3113 2698 salvalmutur,
3167 2642 3220 2685 et
3277 2646 3440 2684 nemo

1852 2726 2247 2793 l‘rustrabitur;
2290 2738 2343 2781 et
2386 2728 2429 2782 si
2465 2743 2628 2783 nemo
2666 2737 2889 2782 sanctus
2927 2727 3055 2780 dum
3098 2727 3307 2779 viveret
3338 2740 3437 2776 ex-

1854 2821 2011 2881 stitit,
2050 2836 2179 2887 ergo
2240 2822 2484 2874 salvatur
2538 2830 2659 2889 post
2715 2820 2926 2873 obitum
2981 2820 3245 2874 benelieio
3299 2820 3441 2885 ejus.

1851 2914 1995 2982 quod
2037 2913 2285 2980 purgatio
2308 2912 2630 2980 appellatur.
2665 2911 2834 2965 Recte
2867 2912 2918 2964 id
2952 2910 3200 2979 quidem.
3243 2920 3295 2961 et
3330 2908 3445 2962 uti-

1855 3020 1981 3060 nam
2015 3020 2141 3058 vere
2178 3005 2230 3058 id
2265 3006 2446 3058 dicere
2481 3005 2786 3059 valeremus
2811 3021 2823 3069 ;
2852 3004 2955 3058 hoc
2992 3004 3110 3059 sitit
3140 3014 3192 3057 et
3220 3013 3446 3071 exoptat

1853 3097 2161 3162 hominum,
2194 3096 2496 3150 animarum
2542 3106 2597 3150 et
2644 3097 2913 3150 bonorum
2950 3104 3162 3149 amator
3192 3095 3353 3157 Deus,
3388 3105 3442 3146 et

152 3185 401 3254 ἐροῦμεν
436 3186 527 3235 καὶ
558 3185 738 3253 ἡμεῖς.
774 3183 945 3236 Τοῦτο
971 3181 1100 3253 διψᾷ
1138 3182 1233 3234 καὶ
1261 3182 1473 3249 ἐφίεται
1505 3181 1531 3232 ό
1561 3181 1748 3247 φιλάν-

1858 3191 1910 3243 ἰη
1949 3191 2050 3242 hoc
2106 3204 2165 3244 se
2223 3190 2495 3257 prtecipue
2547 3188 2788 3242 oblectat
2826 3198 2880 3242 et
2924 3187 3158 3251 lmtatur,
3215 3203 3280 3241 ne
3317 3187 3441 3254 quis

154 3280 388 3347 θρωπος
426 3278 519 3330 καὶ
569 3278 861 3347 φιλόψυχος
898 3278 991 3330 καὶ
1026 3276 1327 3345 φιλάγαθος
1381 3276 1584 3342 Κύριος
1612 3291 1625 3304 υ
1660 3276 1752 3326 καὶ

153 3374 218 3421 ἐν
252 3369 430 3435 τούτῳ
476 3368 659 3437 χαίρει
714 3369 809 3420 καλ¹
843 3368 1224 3437 εὐφραίνεται,
1266 3368 1353 3419 ἵνα
1402 3368 1476 3437 μή
1532 3383 1615 3428 τις
1646 3366 1753 3419 τῶν

153 3459 336 3512 αὑτοῦ
368 3460 585 3530 δωρεῶν
633 3460 862 3530 ἐκπέσῃ.
909 3461 1001 3528 Μὴ
1053 3460 1160 3527 γὰρ
1194 3458 1280 3511 διὰ
1311 3459 1370 3510 τὸ
1415 3458 1588 3509 σῶσαι
1628 3460 1754 3519 τοὺς

151 3553 455 3622 οὐρανίους
508 3552 654 3619 νοῦς,
691 3555 780 3605 ἐπὶ
814 3553 912 3622 τῆς
965 3554 1071 3620 γῆς
1121 3555 1514 3622 παραγέγονε;
1550 3551 1647 3603 xxi.
1692 3552 1756 3601 ὲκ

152 3648 268 3715 τῆς
314 3645 673 3716 ἀειπαρθένου
709 3645 929 3714 Μαρίας
961 3646 1059 3698 καὶ
1097 3644 1370 3697 Θεοτόκου
1410 3645 1757 3713 ἀδιαφθόρως

158 3740 355 3807 σάρκα
384 3739 583 3803 λαὸὼν,
622 3740 809 3808 βροτὸς
835 3739 1185 3808 ἐχρημάτισε
1220 3739 1310 3791 καὶ
1343 3737 1573 3791 θανάτου
1606 3737 1755 3805 ἐγεύ-

160 3847 347 3895 σατο;
387 3829 461 3898 μὴ
517 3829 586 3881 δι’
618 3830 815 3890 αὐτοὺς
866 3830 931 3881 τὰ
968 3830 1107 3897 γέρα
1157 3829 1409 3890 καὶτοὺς
1458 3828 1757 3892 στεφάνους

156 3922 513 3992 ἡτοίμασ;ν;
559 3921 632 3992 μὴ
656 3924 766 3981 τοῖς
794 3922 1045 3989 ἀγγέλοις
1080 3923 1215 3990 ἐρεῖ,
1257 3919 1483 3985 ιΔεῦτε,
1526 3918 1573 3970 oi
1609 3918 1759 3970 εὐλο-

152 4017 405 4083 γημένοι
451 4016 544 4067 τοῦ
598 4014 807 4084 Πατρός
835 4031 960 4082 μου,
1004 4013 1104 4077 τὴν
1161 4012 1576 4081 ἡτοιμασμένην
1630 4011 1759 4075 ὑμῖν

158 4110 626 4179 κληρονομήσατε
674 4107 995 4178 βασ;λείαν;
1045 4126 1063 4158 ι
1107 4108 1221 4159 Οὐκ
1272 4108 1387 4159 ἔστι
1439 4106 1621 4169 τοῦτο,
1660 4104 1759 4156 οὐκ

156 4204 187 4254 ε
207 4218 327 4254 ετιν
346 4217 359 4230 ·
395 4201 565 4263 οὐδείς
593 4202 738 4253 ἐστιν
765 4199 939 4262 οὕτως
972 4200 1202 4269 ἀνόητος
1228 4197 1358 4251 ὥστ’
1383 4200 1558 4252 εἰπεῖν
1584 4214 1597 4227 ’
1626 4199 1762 4251 ἀλλὰ.

152 4294 262 4347 διὰ
295 4292 386 4345 τὸν
438 4291 727 4362 ἄνθρωπον
763 4292 939 4344 πάντα
988 4291 1307 4360 εἰργάσατο.
1343 4290 1443 4341 Διά
1474 4287 1634 4341 τοῦτο
1667 4288 1762 4339 καὶ

156 4387 389 4448 πάντας
426 4384 571 4437 θέλει
620 4381 879 4452 σωθῆναι.
919 4383 1013 4444 Τίς
1046 4384 1154 4450 γάρ
1203 4382 1352 4433 ἐστιν
1402 4380 1463 4446 ἐξ
1494 4382 1673 4450 ἡμῶν,
1703 4379 1763 4442 ὃς

161 4482 413 4546 ποιήσας
441 4478 661 4546 ἄριστον
695 4477 790 4528 καὶ
819 4476 1053 4539 καλέσας
1082 4478 1209 4537 τοὺς
1246 4477 1437 4544 φίλους
1482 4475 1669 4540 αὑτοῦ,
1700 4476 1760 4527 οὔ

1857 3283 2176 3335 muneribus
2205 3282 2320 3337 suis
2365 3282 2679 3336 frustretur.
2710 3279 2849 3333 Num
2885 3281 2937 3334 in
2986 3280 3247 3333 mundum
3298 3282 3441 3333 venit

1859 3387 1917 3429 ut
1954 3378 2208 3431 cmlestes
2258 3377 2495 3430 salvaret
2544 3376 2953 3443 iutelligentias,
3008 3384 3059 3427 et
3101 3390 3165 3427 et
3226 3388 3443 3440 semper

1859 3468 2079 3535 Virgine
2109 3469 2311 3537 Deique
2334 3468 2616 3522 Genitrice
2642 3468 2810 3521 Maria
2845 3466 3247 3533 incorruptibili
3284 3479 3449 3516 carne

1862 3569 2119 3625 suscepta
2149 3560 2397 3613 mortalis
2432 3559 2605 3612 voluit
2654 3573 2778 3613 esse
2812 3566 3153 3626 mortemque
3187 3555 3451 3624 gustare?

1861 3652 1999 3706 Num
2059 3661 2282 3722 propter
2350 3655 2496 3722 ipsas
2557 3654 2779 3720 prmmia
2829 3663 2881 3707 et
2931 3666 3161 3706 coronas
3204 3650 3451 3718 paravit?

1861 3746 2000 3799 Num
2039 3746 2248 3816 angelis
2284 3746 2452 3799 dicit:
2493 3764 2511 3796 ι
2550 3744 2766 3811 Venite,
2810 3745 3074 3799 benedicti
3110 3744 3287 3797 Patris
3320 3742 3449 3805 mei,

1862 3838 2109 3892 haeredes
2149 3846 2321 3892 estote
2370 3838 2611 3892 caelestis
2659 3837 2811 3907 regni
2847 3837 2991 3905 quod
3044 3852 3140 3904 pro
3170 3834 3324 3888 vobis
3358 3848 3449 3900 pa—

1864 3941 2044 3985 ratum
2080 3930 2208 3985 est?
2239 3948 2257 3980 ι
2300 3928 2629 3998 Neutiquam
2665 3930 2739 3994 id,
2766 3930 2913 3982 nullo
2942 3938 3132 3997 pacto:
3166 3941 3324 3980 nemo
3364 3939 3452 3979 re-

1865 4024 2107 4093 perietur
2138 4032 2243 4075 tam
2279 4024 2477 4077 stultus
2507 4034 2565 4075 ut
2590 4022 2641 4075 id
2670 4022 2839 4086 dicat,
2874 4021 2966 4074 sed
3013 4026 3237 4088 propter
3270 4017 3452 4069 homi-

1867 4130 1987 4169 nem
2028 4114 2155 4167 lecit
2186 4114 2390 4176 omnia,
2434 4122 2488 4167 et
2538 4112 2745 4166 idcirco
2795 4111 2911 4164 vult
2963 4124 3157 4163 omnes
3204 4107 3450 4161 homines

1865 4208 2046 4264 salvos
2091 4207 2227 4261 ﬁeri.
2266 4206 2403 4272 Quis
2454 4206 2600 4259 enim
2637 4220 2701 4258 ex
2751 4202 2912 4257 nobis
2968 4208 3054 4255 est
3094 4202 3184 4269 qui
3225 4200 3454 4267 prandio

1868 4298 2155 4361 instructo,
2204 4305 2260 4350 et
2312 4296 2626 4350 convocatis
2664 4295 2855 4349 amicis
2898 4294 3031 4347 nolit
3067 4307 3257 4345 omnes
3291 4305 3449 4345 acce-

1866 4391 1996 4445 dere
2021 4405 2085 4447 ac
2115 4390 2229 4443 suis
2274 4388 2378 4442 l'rui
2433 4387 2626 4441 bonis?
2663 4386 2745 4440 vel
2775 4386 3016 4440 laborem
3056 4382 3303 4450 suscepit
3348 4391 3453 4434 tam

1868 4480 2143 4551 magniﬁci
2199 4490 2491 4548 apparatus
2551 4479 2653 4533 nisi
2715 4487 2932 4547 propter
2968 4476 3215 4530 amicos?
3269 4474 3363 4527 sed
3409 4476 3454 4527 si

157 4575 328 4626 (θέλει
355 4572 561 4633 πάντας
594 4568 791 4628 ἐλθεῖν.
823 4568 917 4621 καὶ
957 4570 1067 4621 τῶν
1093 4567 1259 4621 αὑτοῦ
1301 4568 1484 4619 καλῶν
1522 4566 1749 4619 ἀπολαῦ·

1870 4590 1975 4628 non
2017 4587 2210 4627 omnes
2240 4571 2324 4625 vel
2348 4570 2546 4639 aliquis
2578 4577 2789 4622 tantum
2822 4566 3126 4627 advenerit,
3160 4566 3457 4619 vehemen-

158 4662 370 4732 σαιςῆ
421 4661 508 4715 διά
563 4661 615 4712 τί
649 4660 910 4713 ἐκοπίασε
964 4660 1197 4728 ποιήσας
1254 4659 1351 4729 τὴν
1410 4658 1758 4722 πανδαισίαν,

150 4757 293 4811 ἀλλ’
332 4756 363 4823 ἢ
396 4756 483 4807 διὰ
512 4754 639 4815 τοὺς
665 4754 852 4821 φίλους
885 4752 1055 4804 αὑτοῦ
1092 4769 1104 4815 ;
1140 4754 1238 4803 “Av
1272 4752 1329 4804 δὲ
1361 4754 1437 4820 μὴ
1472 4752 1694 4814 πάντες.
1726 4750 1759 4817 ἦ

153 4854 289 4913 τὶς,
342 4847 562 4911 ἔλθωσι,
609 4847 809 4914 πολλὴν
838 4848 866 4898 ό
901 4846 1054 4913 φίλος
1110 4845 1210 4915 τὴν
1257 4846 1634 4913 ἀγανάκτησιν
1677 4844 1763 4895 κέ-

151 4959 400 5011 κτηται.
435 4942 497 4994 ΕΞ
533 4940 625 4993 οὖν
662 4943 719 4992 ὲν
768 4941 900 5008 ἡμῖν
952 4945 1061 5003 τοῖς
1100 4940 1312 5007 βροτοῖς
1350 4937 1545 4999 ταῦτα,
1585 4937 1766 5007 πολλῴ

159 5037 392 5107 μᾶλλον
448 5035 539 5085 ἐπὶ
592 5033 686 5086 τοῦ
756 5032 1079 5099 παναγάθου
1138 5036 1232 5085 καὶ
1289 5033 1766 5099 πανοικτίρμονος,

157 5126 590 5195 πλουσιοόώρου
622 5144 681 5179 τε
712 5129 809 5179 καὶ
854 5127 1307 5197 άφθοηοπαρύχου
1350 5125 1442 5177 καὶ
1474 5125 1768 5193 ἐλεήμονις

1865 4675 1949 4720 ter
1986 4666 2185 4734 hospes
2222 4664 2498 4718 irascitur.
2540 4662 2597 4716 Si
2631 4663 2744 4716 haec
2778 4662 2833 4715 in
2863 4659 3019 4715 nobis
3059 4675 3160 4713 usu
3206 4657 3452 4726 veniunt,

1869 4762 2043 4812 multo
2071 4758 2247 4823 magis
2282 4758 2332 4809 in
2368 4756 2479 4809 Deo
2511 4754 2719 4823 optimo
2770 4753 3030 4816 maxime,
3067 4748 3459 4803 misericordiae

1868 4853 2053 4921 pleno,
2095 4850 2527 4916 divitiarumque
2554 4846 2781 4915 profuso
2802 4846 2975 4899 datori
2995 4860 3059 4898 ac
3087 4842 3452 4912 pientissimo,

1870 4942 1961 5007 qui
2000 4940 2117 4995 vult
2149 4954 2341 4992 omnes
2386 4938 2563 4991 salvos
2611 4937 2747 5000 lieri,
2782 4945 2835 4989 et
2869 4951 2965 4989 sua
3003 4934 3186 4987 divina
3221 4931 3329 4984 frui
3364 4930 3457 4983 Lu—

1872 5035 1987 5088 titia
2024 5042 2076 5087 et
2105 5033 2399 5099 voluptate.
2430 5028 2821 5099 Unusquisque
2853 5026 3283 5085 animadvertat,
3309 5020 3457 5090 quod

1873 5142 1982 5182 neu
2017 5140 2115 5193 pro
2134 5124 2389 5177 omnibus
2418 5123 2648 5176 mortuis
2674 5123 2787 5175 haec
2811 5119 2923 5173 lieri
2944 5118 3200 5181 dicimus,
3233 5125 3290 5168 ut
3317 5130 3458 5181 θωνα

1872 5223 2075 5276 dierum
2124 5231 2229 5281 est,
2268 5228 2323 5271 et
2363 5232 2511 5271 nunc
2562 5214 2811 5269 exactius
2860 5211 3130 5272 dicimus;
3168 5207 3313 5276 quod
3365 5222 3461 5273 pro

1874 5314 2079 5369 sanctis
2112 5328 2217 5366 non
2256 5326 2397 5380 opus
2451 5319 2553 5371 est,
2606 5322 2702 5375 pro
2753 5303 3054 5373 desperatis
3085 5316 3149 5355 ac
3182 5299 3460 5354 damnatis

1874 5407 2093 5470 inutile,
2124 5406 2372 5472 sequitur
2400 5412 2458 5457 ut
2490 5416 2587 5471 pro
2641 5401 2709 5454 iis
2740 5399 2831 5467 qui
2866 5412 2974 5451 non
3010 5405 3138 5449 ante
3171 5392 3456 5447 satisfece-

1878 5501 2005 5561 rint,
2042 5508 2101 5553 ut
2126 5498 2382 5552 omnibus
2414 5494 2593 5549 evenit
2621 5493 2712 5559 qui
2750 5506 2847 5560 pro
2884 5486 3221 5543 cenlicienda
3256 5484 3459 5537 virtute

1878 5594 2129 5661 exiguam
2187 5586 2440 5643 lenuenti
2496 5587 2805 5655 portionem
2850 5582 3141 5640 obtinent;
3199 5592 3297 5629 nec
3333 5584 3459 5627 ante

1880 5683 2165 5754 provident
2202 5696 2267 5736 ex
2300 5696 2364 5734 eo
2394 5694 2587 5748 panem
2622 5677 2915 5739 coniicere,
2938 5674 3181 5727 volentes
3212 5658 3457 5737 quidém,

1882 5778 1975 5831 sed
2012 5790 2117 5829 non
2161 5774 2401 5826 vah-lites
2434 5772 2483 5823 id
2527 5770 2808 5839 perlicere,
2838 5765 2919 5818 vel
2946 5762 3160 5825 inertia,
3201 5761 3283 5813 vel
3312 5760 3463 5825 igua~

1884 5871 1969 5924 via
2008 5869 2178 5937 ducti,
2215 5869 2295 5923 vel
2338 5878 2556 5936 propter
2589 5865 2653 5919 de
2687 5863 2771 5919 dic
2818 5861 2879 5917 iu.
2919 5859 3059 5913 diem
3094 5853 3464 5926 procrastina-

151 5220 322 5275 (τ)εοῦ
358 5220 567 5288 νομίσοι
597 5237 678 5282 τις
709 5221 773 5273 ἀν
799 5234 812 5248 ·
846 5220 905 5283 ὃς
937 5222 1080 5273 θέλει
1115 5222 1324 5282 πάντας
1374 5220 1636 5288 σωθῆναι,
1675 5221 1770 5272 καὶ¹

148 5320 281 5388 τῆς
314 5316 478 5370 αὐτοῦ
501 5317 798 5371 ἀπολαύειν
830 5317 980 5380 θείας
1011 5318 1359 5389 εὐφροσύνης
1382 5318 1478 5370 καὶ
1500 5317 1767 5386 τέρψεως.

150 5410 358 5464 Τοῦτο
372 5409 465 5461 οὖν
484 5410 755 5461 σκοπείτω
788 5412 895 5472 πᾶς
927 5427 1029 5477 τις,
1073 5411 1152 5463 ὅτι
1179 5411 1239 5462 οὐ
1267 5412 1399 5479 περὶ
1434 5410 1652 5461 πάντων
1686 5409 1771 5460 λέ-

153 5519 360 5571 γομεν
384 5500 493 5552 τῶν
524 5502 952 5571 κεκοιμημένων
989 5503 1166 5556 ταῦτα
1202 5504 1496 5566 ποιεῖσθαι,
1530 5501 1605 5564 ὡς
1639 5504 1772 5555 πολ-

153 5597 347 5656 ὶάκις
375 5590 594 5663 εἴρηται
621 5608 634 5622 ·
669 5594 765 5649 καὶ
790 5593 883 5647 νῦν
909 5595 1262 5662 τελεώτερον.
1299 5595 1435 5663 Περὶ
1462 5594 1569 5647 τῶν
1600 5594 1772 5660 ἁγίων

152 5689 287 5740 οὐκ
325 5685 441 5736 ἐστι
496 5684 695 5755 χρεία’
745 5687 874 5756 περὶ
924 5687 1033 5738 τῶν
1089 5688 1524 5756 ἀπηλπισμένων
1586 5703 1645 5737 τε
1681 5688 1773 5737 καὶ

154 5777 658 5846 ἀπεγνωσμένων,
712 5781 812 5831 οὐκ
853 5782 1167 5848 ὼςικλιμονο
1210 5781 1402 5831 ἕπεται
1454 5778 1592 5845 ὑπὲρ
1627 5778 1769 5828 cui.

158 5888 297 5926 ’λων
331 5869 437 5922 τῶν
469 5870 543 5941 μὴ
587 5871 912 5940 φθλσάνεων
954 5874 1375 5944 ἱκα·ιοπῡιῆσαι·
1414 5873 1603 5942 ὥσπερ
1649 5872 1772 5924 ἕκα-
