4160 6424
148 401 271 465 1949

822 398 970 457 PRO
1009 397 1221 459 CONC.
1258 394 1633 456 FLORENT.
1673 395 1837 454 CAP.
1878 393 1998 454 III.
2050 395 2146 453 DE
2184 393 2709 454 PURGATORIO.

3255 394 3395 457 1250

144 515 271 564 Θεοῦ
293 514 606 580 κριμὸιτωνί
636 513 692 564 τὸ
714 514 809 565 τοῦ
829 512 1089 579 Θεοφίλου
1115 511 1287 580 ὄνομα
1308 512 1718 580 ἀπηλειμμένον

1826 525 2021 560 nomen
2072 510 2354 561 abolitum.
2402 508 2474 560 Ex
2532 511 2635 561 hoc
2675 507 2839 577 igitur
2875 508 2993 561 loco
3055 511 3386 578 propositum

144 605 344 658 θεόθεν.
384 605 516 657 Ἀπὸ
544 605 735 657 τούτου
768 603 860 656 οὖν
890 602 986 655 τοῦ
1014 605 1195 671 λόγου,
1230 604 1290 657 τὸ
1321 604 1583 674 προτεθὲν
1614 605 1708 656 τοῦ

144 698 508 767 καθαρτηρίου
543 698 718 766 δόγμα
779 698 1082 767 διαρρήδην
1130 698 1459 765 ἐμφαίνεται
1486 713 1499 728 ο
1536 699 1619 749 ὅτι
1660 699 1708 749 εἰ

141 786 204 858 ἦν
236 790 409 854 ἅγιος,
449 791 549 841 οὐκ
583 790 646 841 ἂν
680 789 965 856 δεδεμένος
1004 792 1097 841 καὶ
1132 790 1207 851 ὼς
1240 789 1531 853 κατάδικος
1578 791 1707 842 ἐπο-

142 882 366 950 ρεύετο⁶
403 882 450 932 εί
496 880 553 933 δὲ
588 879 863 942 παντελῶς
910 881 1361 947 ἀπεγνωσμένος,
1410 881 1504 933 καὶ
1548 898 1711 948 μετα-

139 975 283 1033 νοίας
316 973 561 1039 καρποὺς
591 973 689 1025 οὐκ
718 973 1029 1042 ἐκέρδησεν,
1065 974 1163 1025 οὐκ
1190 972 1254 1025 ἂν
1283 972 1441 1040 ἔτυχε
1469 972 1709 1039 συγγιιὼ-

141 1084 267 1134 μης.
341 1066 501 1127 Ὠςτε
576 1066 676 1133 τῆς
734 1066 907 1134 μέσης
962 1066 1179 1134 μερίδος
1240 1064 1444 1134 τυχὼν,
1510 1066 1603 1118 καὶ
1653 1066 1711 1117 ὲν

143 1158 400 1225 μετανοίᾳ.
431 1144 693 1225 εὑρεθεὶς.
736 1158 993 1226 ὠφελήθη
1024 1158 1108 1209 διὰ
1146 1159 1247 1224 τῆς
1292 1159 1402 1211 τῶν
1433 1158 1710 1227 Θεοφόρων

139 1250 233 1301 καὶ
264 1250 435 1316 ἁγίων
483 1250 693 1318 ἀνδρῶν
727 1251 987 1318 δεήσεως.
1026 1253 1163 1319 Περὶ
1207 1251 1262 1303 δὲ
1303 1249 1411 1302 τῶν
1460 1252 1712 1317 ἀπεγνω-

139 1344 371 1405 σμένων,
429 1344 476 1394 εί
523 1344 617 1393 τὸν
670 1344 874 1409 κόσμον
921 1343 1042 1396 ὅλον
1081 1342 1274 1405 δώσεις
1320 1343 1397 1406 ὡς
1448 1344 1711 1406 πολλάκις

138 1436 375 1501 εἴρηται,
413 1435 474 1486 οὗ
513 1434 805 1505 βοηθήσεις
842 1436 995 1504 αὑτῷ
1027 1435 1134 1487 οὐδ’
1166 1436 1323 1497 ὅλως.

208 1527 437 1594 Μάρτυς
468 1528 525 1578 ἐν
552 1528 730 1597 τούτῳ
752 1530 779 1579 ὁ
807 1528 1317 1597 προμνημονευθεὶς
1348 1529 1493 1596 legi»;
1531 1528 1716 1582 Ἰωάν-

139 1636 237 1683 νης
274 1620 301 1670 δ
332 1621 718 1686 Δαμασκηνῖς,
756 1622 814 1672 ἐν
844 1620 920 1689 τῷ
956 1621 1494 1690 προμνημονευοὲντι
1529 1622 1673 1691 λόγῳ
1698 1639 1710 1652 ·

136 1711 268 1763 ἔνθα
302 1712 466 1779 φησίν
487 1729 500 1742 ο
534 1730 552 1763 ι
601 1711 659 1764 't)
691 1712 733 1763 δ’
766 1708 833 1765 αὖ
856 1730 918 1780 γε
953 1713 1067 1782 βίον
1095 1714 1328 1783 πονηρὸν
1354 1716 1712 1783 κεκτημένος,

140 1805 609 1873 συμπεφυρμένον
638 1804 760 1857 ὅλον
792 1808 849 1858 ὲν
891 1809 1011 1869 ταῖς
1046 1806 1336 1868 ἀκάνθαις.
1372 1807 1466 1859 καὶ
1501 1810 1713 1878 πλήρης

137 1897 321 1949 πέλων
354 1898 493 1951 ὑλῶν
539 1898 647 1950 τῶν
686 1899 1036 1970 ἀκαθάρτων,
1069 1900 1128 1964 ὃς
1175 1902 1430 1955 οὐδέποτε
1474 1906 1717 1974 συνειδή-

138 2007 216 2041 σει
274 1991 474 2059 δῆξεν,
518 1992 636 2044 ἀλλ’
694 1994 865 2057 ἀδεῶς
897 1994 1032 2063 ὁμοῦ
1071 1995 1164 2046 καὶ
1224 1996 1551 2065 ἀδιαφόρως,
1596 2000 1716 2060 ταῖς

134 2084 249 2135 τῶν
285 2084 489 2153 ἡδονῶν
520 2086 698 2138 ἔκειτο
726 2087 1043 2153 δυσωδίαις,
1081 2090 1335 2160 πράττων
1370 2091 1593 2153 ἁπάσας
1620 2092 1719 2155 τὰς

132 2178 241 2244 τῆς
296 2178 497 2245 σαρκὸς
549 2178 779 2246 ὀρέξεις,
839 2181 934 2232 καὶ
982 2182 1151 2248 μηδὲν
1191 2182 1326 2243 ὅλως
1376 2186 1507 2251 περὶ
1541 2183 1720 2251 ψυχῆς

133 2269 467 2335 φροντίζων,
516 2270 656 2339 ἔχων
701 2288 759 2323 τε
819 2272 879 2323 τὸ
938 2274 1195 2342 φρόνημα
1237 2278 1502 2341 σαρκικδν
1553 2277 1717 2343 ἁπαν,

134 2360 240 2415 εἶθ’
276 2364 451 2425 οὕτως
509 2365 771 2431 φθασθεὶς
831 2367 1138 2437 ὲκδημήτει
1190 2369 1284 2421 τοῦ
1347 2370 1485 2439 βίου,
1544 2372 1720 2439 τούτῳ
1766 2396 1779 2399 ί

134 2458 425 2519 παντελῶς
454 2458 631 2519 οὐδεὶς
670 2458 848 2528 ὀρέξει
892 2462 1053 2528 χεῖρα
1082 2479 1093 2491 ⁸
1129 2462 1245 2514 ἀλλ’
1273 2463 1414 2517 οῧτω
1439 2465 1616 2517 πάντα
1654 2466 1719 2519 τὰ

134 2550 265 2601 κατ’
292 2550 454 2602 αὐτὸν
488 2551 983 2620 διαπραχθήσεται,
1019 2554 1093 2615 ὡς
1137 2556 1273 2625 μήτε
1308 2556 1411 2608 ὑπὸ
1443 2558 1719 2621 συνεύνου,

133 2642 166 2708 ἢ
200 2643 420 2702 τέκνου,
449 2642 482 2712 ἢ
518 2642 781 2709 ἀδελφῶν,
814 2643 846 2712 ἦ
880 2646 1181 2711 συγγενῶν,
1219 2647 1251 2716 ἢ
1296 2648 1466 2714 φίλων
1496 2652 1719 2701 ἐπικου-

137 2736 265 2799 ρῐας
298 2737 514 2801 τυχεῖν
552 2736 632 2787 ὃτι
687 2736 825 2803 μηδὲ
856 2735 967 2805 ἔχει
998 2737 1130 2798 Θεὸς
1180 2739 1237 2789 ἐν
1282 2740 1468 2809 μέτρῳ
1508 2742 1716 2797 τοῦτον.

146 2825 321 2893 Ὁρᾷς
354 2826 468 2885 πῶς
498 2844 663 2895 φησιν
690 2830 718 2879 ὁ
753 2827 906 2893 ἅγιος
938 2823 1115 2891 οὗτος,
1141 2834 1223 2883 ὃτι
1254 2833 1382 2900 περὶ
1411 2834 1520 2883 τῶν
1547 2835 1721 2886 τοιού-

133 2935 249 2969 των
281 2920 574 2985 ματαιάζει
603 2920 632 2971 ὁ
656 2919 915 2988 δεόμενος
934 2937 945 2950 ·
974 2922 1057 2974 ὅτι
1088 2922 1187 2975 οὐκ
1214 2922 1323 2991 ἔχει
1354 2927 1379 2977 ὀ
1405 2926 1534 2987 Θεδς
1558 2928 1722 2980 αὑτὸν

136 3012 198 3060 ὲν
219 3008 427 3077 μέτρῳ.
463 3011 595 3079 Περὶ
616 3011 821 3064 τούτοιν
849 3013 1185 3082 γέγραπται,
1222 3018 1368 3068 «Οὐκ
1389 3018 1534 3070 ἔστιν
1565 3022 1623 3071 ὲν
1646 3021 1721 3089 τῷ

132 3103 241 3172 ᾄδῃ
282 3104 543 3170 μετάνοια
570 3120 582 3133 ·
622 3123 640 3155 ι
676 3107 771 3157 καὶ
803 3106 869 3159 τὰ
902 3109 1092 3161 λοιπά.
1128 3110 1258 3179 Περὶ
1304 3110 1359 3162 δὲ
1396 3110 1504 3162 τῶν
1537 3112 1721 3179 μέσων

1817 602 1884 655 de
1915 602 2228 668 purgatorio
2281 602 2474 669 dogma
2513 610 2697 669 aperte
2744 602 3129 667 convincitur;
3186 620 3307 657 nam
3345 608 3390 659 si

1819 705 2043 749 sanctus
2095 696 2419 759 exstitisset,
2461 695 2673 747 vinctus
2728 696 2887 748 veluti
2944 696 3237 752 damnatus
3286 716 3393 751 nou

1818 788 2175 843 incessisset:
2216 789 2260 843 si
2311 804 2436 843 vero
2490 788 2708 858 penitus
2758 791 3075 857 desperatus
3123 794 3397 860 et.pmn‘-

1819 883 1999 935 tentia:
2034 882 2211 936 fructu
2249 883 2494 946 orbatus,
2536 880 2750 935 veniam
2796 898 2901 935 non
2949 893 3093 939 esset
3140 899 3397 938 consecu-

1820 982 1925 1028 tus.
1961 976 2147 1045 ltaque
2177 977 2363 1028 mediae
2394 976 2589 1030 classis
2622 992 2747 1028 cum
2784 986 2926 1030 esset
2968 987 3022 1029 et
3060 980 3394 1045 poenitentia:

1819 1070 2085 1124 beneﬁcio
2136 1069 2237 1121 sibi
2286 1069 2597 1134 praesidium
2637 1080 3030 1136 comparasset,
3080 1071 3393 1125 divinorum

1819 1172 1871 1216 et
1890 1172 2202 1215 sanctorum
2225 1161 2465 1212 virorum
2498 1163 2749 1226 precibus
2769 1162 3033 1215 auxilium
3057 1163 3389 1229 impetravit.

1820 1254 1924 1308 Pro
1969 1253 2273 1322 desperatis
2320 1252 2465 1305 enim
2497 1254 2540 1306 si
2581 1263 2749 1306 totum
2786 1256 3047 1307 mundum
3086 1255 3393 1319 tradideris,

1822 1355 1879 1400 ιιι
1909 1360 2051 1416 saepe
2081 1345 2285 1399 dictum
2316 1354 2422 1410 est,
2457 1346 2731 1399 incassum
2758 1346 3051 1402 laborabis.

1891 1526 2065 1595 Hujus
2095 1528 2169 1581 rei
2204 1528 2357 1581 testis
2388 1527 2693 1581 antedicttts
2741 1543 2894 1580 sacer
2919 1526 3158 1581 Joannes
3199 1528 3359 1581 Dama
3380 1558 3397 1570 -

1819 1636 2015 1675 soenus
2046 1622 2098 1674 in
2130 1622 2373 1675 oratione
2410 1629 2568 1675 antea
2604 1632 3050 1686 commemorata,
3086 1621 3176 1675 ubi
3219 1622 3343 1674 dicit
3375 1640 3387 1676 :

1828 1734 1845 1767 ι
1876 1715 1976 1781 Qui
2018 1714 2183 1767 vitam
2212 1713 2481 1781 ﬂagitiose
2532 1714 2788 1778 traducit,
2823 1724 2874 1767 et
2906 1716 3151 1768 sentibus
3185 1728 3399 1784 semper

1824 1809 2142 1872 involutam,
2198 1816 2251 1859 et
2304 1807 2548 1861 sordium
2602 1807 2844 1862 foeditate
2888 1822 3229 1876 respersam.
3294 1823 3393 1861 ιιι-ο

1823 1916 1977 1956 suam
2009 1915 2247 1969 unquam
2281 1900 2677 1955 conscientiam
2710 1900 3057 1969 introspexit,
3099 1902 3190 1954 sed
3226 1902 3397 1954 intre-

1823 1994 1944 2060 pide
1988 1994 2152 2047 simul
2185 1994 2335 2046 nullo
2371 1993 2556 2047 habito
2585 1993 2909 2047 discrimine
2957 1993 3298 2060 voluptatum
3336 2008 3395 2046 se

1822 2087 2168 2143 fmditatibus
2210 2085 2686 2151 contaminaverit,
2713 2085 2968 2139 omnibus
3003 2084 3400 2152 cupiditatibus

1824 2182 2006 2236 carnis
2027 2181 2438 2252 subsequendo,
2459 2180 2683 2233 omnino
2714 2179 2911 2233 animae
2944 2194 3071 2232 cura
3105 2179 3353 2248 despecta
3381 2218 3395 2242 ,

1826 2275 2069 2342 nihilque
2096 2275 2241 2327 aliud
2272 2288 2431 2341 quam
2469 2288 2687 2325 carnem
2724 2271 2985 2335 sentiens,
3022 2272 3075 2324 in
3104 2270 3280 2339 iisque
3306 2285 3400 2325 Co-

1824 2367 2182 2435 gitationibus
2211 2366 2587 2432 deprehensus
2636 2378 2665 2415 e
2717 2363 2825 2413 vita
2877 2361 3218 2421 discesserit,
3271 2360 3400 2413 huic

1828 2473 1988 2513 nemo
2020 2472 2241 2511 manum
2276 2455 2605 2526 porrexerit,
2636 2454 2730 2509 sed
2775 2454 2845 2506 ita
2876 2468 3058 2507 secum
3092 2463 3301 2521 agetur,
3340 2464 3401 2505 ttt

1826 2567 1927 2606 nec
1956 2554 2023 2604 ab
2054 2566 2249 2612 uxore,
2300 2550 2383 2602 vel
2435 2548 2643 2609 libr-ris,
2692 2545 2974 2609 fratribus,
3008 2546 3280 2614 cognatis,
3314 2546 3399 2598 vel

1827 2644 2019 2697 amicis
2068 2643 2117 2697 ei
2163 2642 2389 2697 omnino
2441 2638 2717 2695 subveniri
2774 2640 2971 2705 possit,
3004 2641 3144 2708 quod
3177 2654 3303 2692 eum
3344 2640 3396 2690 in

1824 2751 2081 2789 mensura
2111 2735 2388 2792 Deus.nou
2415 2735 2664 2788 habeat.»
2698 2734 2857 2787 Vides
2883 2736 3153 2802 quomodo
3178 2743 3401 2788 sanctus

1829 2828 1916 2881 hic
1943 2829 2025 2881 vir
2053 2828 2211 2887 dixit,
2249 2828 2392 2895 quod
2424 2827 2515 2895 qui
2552 2842 2649 2895 pro
2681 2827 2761 2878 his
2794 2827 3142 2894 deprecatur,
3177 2826 3399 2888 insanit,

1827 2920 1993 2974 veluti
2021 2931 2171 2974 extra
2208 2920 2299 2971 Dei
2333 2936 2641 2973 meusttram
2674 2920 2998 2972 collocatis?
3034 2920 3104 2973 De
3147 2922 3229 2973 his
3261 2922 3401 2975 serio

1825 3026 1975 3086 ptum
2005 3025 2108 3077 est,
2144 3013 2290 3066 «Non
2323 3014 2474 3067 estin
2508 3014 2720 3066 inferno
2752 3014 3065 3079 pmniteutia
3092 3016 3189 3076 5°,»
3224 3025 3278 3068 et
3316 3031 3404 3066 ro-

1828 3111 1994 3177 liqtta.
2041 3108 2327 3162 De'tnedia
2370 3107 2562 3170 classe,
2602 3107 2651 3157 id
2685 3115 2786 3165 est.
2816 3108 2881 3160 de
2916 3108 2998 3159 his
3031 3108 3122 3174 qui
3154 3109 3255 3160 sub
3282 3124 3399 3175 pte-

133 3197 404 3247 τουτέστι
439 3196 546 3247 τῶν
575 3196 632 3247 ὲν
664 3200 925 3267 μετανοίᾳ
958 3200 1421 3269 τελευτησάντων,
1451 3202 1545 3255 καὶ
1579 3204 1718 3269 μάλα

1828 3201 2049 3255 nitentia
2083 3204 2388 3253 moriuntur
2424 3215 2545 3253 esse
2587 3200 2849 3253 solli'citos
2878 3239 2890 3261 ,
2930 3201 3154 3254 lucrosa
3201 3217 3287 3255 ros
3320 3211 3400 3253 cst

130 3288 432 3357 ἐπικερδὲς
463 3288 522 3339 τὸ
552 3292 807 3358 πρᾶγμα,
834 3294 927 3344 καὶ
952 3294 1121 3354 δντως
1151 3294 1449 3363 ὠφέλιμον.
1480 3297 1553 3348 Οὐ
1582 3296 1720 3348 δίδο-

132 3398 243 3447 μεν
299 3378 395 3432 οὖν
433 3382 688 3451 ἀφορμὰς
720 3384 813 3434 καὶ
852 3386 1176 3453 προφάσεις,
1226 3388 1321 3440 τοῦ
1376 3388 1557 3451 ζῶντά
1598 3407 1720 3443 τινα

130 3473 213 3541 μὴ
254 3475 433 3523 ποιεῖν
460 3473 855 3541 ἐλεημοσύνας,
889 3477 1019 3529 ἀλλὰ
1048 3478 1340 3545 φυλάττειν
1374 3481 1547 3542 αὑτὰς
1586 3483 1720 3549 μετὰ

127 3564 412 3617 θάνατον·
452 3565 651 3617 ἄτοπον
694 3568 803 3634 γὰρ
841 3568 999 3619 τοῦτο
1050 3570 1140 3622 καὶ
1194 3571 1443 3642 βέϐηλον,
1496 3574 1718 3640 καὶτῆς

124 3656 297 3717 Θείας
354 3657 679 3725 νομοθεσίας
726 3659 1047 3728 ἀλλότριον·
1100 3662 1234 3714 ἀλλά
1290 3663 1577 3729 κάλλιστον
1624 3667 1719 3718 καὶ

125 3749 439 3818 υεάρεστον
495 3752 586 3801 καὶ
640 3752 718 3805 εἰς
767 3753 911 3804 ἆπαν
964 3753 1390 3821 εὐπρόσδεκτον,
1426 3756 1485 3807 τὸ
1541 3758 1717 3811 πάντα

122 3840 459 3910 ἄνθρωπον,
487 3840 713 3910 Θεοσεὸῆ
759 3844 852 3894 καὶ
883 3844 1231 3913 φιλόχριστον
1282 3844 1422 3899 εἶναι
1448 3863 1461 3878 ·
1503 3851 1594 3902 καὶ
1624 3867 1722 3901 κα-

124 3934 366 3999 θαίρειν
393 3934 583 3985 ἑαυτὸν
614 3932 682 3985 δι’
722 3936 1092 4003 ἀγαθοεργίας
1138 3940 1419 4003 παντοίας,
1452 3941 1725 4011 (Ξιτιεχόμε⁶

120 4041 222 4075 νον
274 4023 461 4090 πάσης
498 4024 841 4093 ἀκαθαρσίας
874 4044 887 4057 ο
924 4029 1180 4095 ἐχόμενον
1218 4029 1274 4081 δὲ
1310 4031 1417 4081 τῶν
1461 4031 1554 4084 τοῦ
1587 4033 1721 4085 Θεοῦ

118 4118 388 4184 φαεινῶν
426 4118 886 4185 προσταγμάτων,
932 4119 1004 4180 ὡς
1036 4119 1102 4172 ἂν
1139 4122 1276 4190 πρὸς
1306 4124 1366 4174 τὸ
1408 4124 1560 4185 τέλος
1599 4126 1724 4192 ἐλη-

116 4210 357 4273 λακὼς,
394 4210 534 4275 μετά
579 4211 895 4282 παρρησίας
941 4212 1082 4284 λέξῃ“
1106 4214 1242 4283 πρὸς
1280 4215 1372 4267 τὸν
1419 4217 1722 4287 δεσπότηνο

121 4321 144 4355 ς
198 4304 444 4371 Ἐτοίμη
477 4304 509 4370 ή
542 4304 740 4372 καρδία
765 4323 887 4371 μου.
920 4324 939 4356 ι
974 4307 1082 4359 Καὶ
1130 4307 1304 4371 οὕτως
1337 4310 1509 4378 ἡδέως
1560 4328 1726 4378 προσ-

112 4394 580 4461 υπαντήσειξτοῖς
599 4395 905 4459 σπουδαίοις
938 4398 1225 4460 ὲπείκταις
1256 4401 1528 4467 ἀγγέλοις.
1566 4402 1725 4455 ’Δλλὲι

110 4485 302 4538 τοῦτο
344 4486 447 4554 μὲν
469 4485 638 4554 ὀλίγοι
664 4488 904 4551 ποιοῦσι,
929 4491 1023 4542 καὶ
1045 4490 1312 4558 ὀλιγάκις,
1348 4496 1492 4546 κατὰ
1514 4494 1606 4546 τὸν
1630 4497 1724 4547 τοῦ

1823 3290 2115 3345 admodum
2145 3299 2197 3342 et
2230 3290 2387 3357 plane
2429 3288 2733 3342 fructuosa.
2778 3286 3025 3342 Nolimus
3068 3289 3232 3356 igitur
3262 3289 3399 3340 vivis

1825 3398 2009 3437 ansam
2040 3392 2094 3436 ct
2128 3391 2446 3450 praetextum
2496 3382 2734 3449 praebere
2761 3382 3132 3451 eleemosynas
3164 3396 3270 3434 nou
3300 3398 3399 3435 ex-

1826 3474 2073 3539 hibendi,
2121 3474 2217 3527 sed
2266 3482 2387 3540 post
2439 3474 2646 3526 obitum
2684 3488 2987 3538 reservare,
3040 3472 3240 3542 quippe
3273 3488 3397 3527 cum

1825 3566 2119 3621 absurdum
2150 3564 2202 3620 id
2230 3574 2282 3620 et
2306 3565 2690 3635 profanum,-et
2718 3580 2747 3617 a
2776 3563 2957 3619 divina
2990 3566 3104 3633 lege
3133 3566 3396 3630 alienum;

1824 3662 1914 3715 sed
1950 3659 2399 3731 praestantissima
2439 3672 2523 3710 res
2572 3656 2680 3710 Deo
2726 3666 2877 3725 grata
2908 3666 2962 3711 et
3002 3658 3053 3711 in
3093 3667 3265 3711 totum
3303 3672 3392 3711 ac~

1824 3753 2127 3821 ceptabilis,
2165 3767 2383 3805 omnem
2429 3751 2702 3804 hominem
2732 3749 3044 3817 religiosum
3084 3751 3397 3820 Christique

1825 3856 2098 3899 amantem
2124 3859 2268 3911 esse,
2295 3859 2459 3912 seque
2490 3844 2669 3911 ipsum
2713 3843 3107 3912 multiplicibus
3140 3859 3203 3896 ac
3240 3845 3397 3897 bonis

1825 3938 2080 4005 operibus
2110 3953 2363 4006 purgare,
2398 3946 2451 3990 et
2476 3938 2621 3990 omni
2654 3936 2721 3990 ab
2756 3937 3071 4005 impuritate
3102 3939 3397 3997 abstinere,

1830 4029 1919 4083 Dei
1951 4030 2215 4098 speciosis
2250 4031 2535 4098 praeceptis
2579 4029 3030 4089 obsecundando,
3082 4039 3139 4080 ut
3174 4044 3296 4080 cum
3334 4031 3400 4081 ad

1826 4126 2029 4177 exitum
2067 4124 2187 4176 vita:
2215 4122 2529 4185 devenerit,
2560 4136 2682 4175 eum
2721 4123 2915 4174 liducia
2950 4121 3177 4174 Domino
3211 4122 3358 4175 dicat
3386 4161 3398 4181 ,

1833 4235 1851 4266 ι
1891 4216 2144 4268 l’aratum
2174 4224 2259 4269 est
2285 4228 2381 4269 cor
2412 4229 2588 4269 meum
2624 4214 2720 4276 ⁵¹,ι
2757 4215 2941 4281 itaque
2971 4214 3211 4281 jucunde
3243 4214 3402 4269 bonis

1829 4310 2033 4379 angelis
2082 4307 2494 4379 insligatoribus
2558 4315 2832 4359 occurrat.
2889 4306 2957 4359 At
3019 4307 3123 4359 hoc
3176 4304 3395 4373 quidem

1829 4401 1987 4471 pauci
2030 4400 2256 4464 faciunt,
2313 4409 2367 4453 et
2417 4401 2595 4453 minus
2646 4399 2789 4465 smpe
2832 4397 3130 4451 secundum
3163 4398 3391 4451 verbum

1834 4492 2066 4554 Domini,
2095 4492 2218 4561 quia
2251 4489 2431 4560 pauci,
2471 4490 2669 4557 inquit,
2703 4489 3003 4541 salvantur.
3036 4487 3090 4539 Id
3123 4502 3220 4556 pro
3247 4501 3402 4541 com-

108 4576 427 4631 Δεσπότου
468 4578 625 4645 λόγον
651 4594 664 4608 ⁸
696 4581 778 4632 ὅτι
819 4598 836 4630 ι
884 4580 1109 4648 Ὀλίγοι,
1158 4585 1346 4653 φησὶν,
1385 4588 1435 4637 οί
1481 4587 1718 4656 σωζόμε-

1833 4594 1987 4655 perto
2018 4586 2307 4650 habentes,
2342 4582 2573 4638 arduum
2620 4598 2745 4637 esse
2778 4584 2982 4637 multos
3015 4598 3076 4636 ex
3114 4583 3289 4651 primo
3315 4596 3406 4635 or-

109 4689 227 4723 νοι.
278 4687 303 4721 ι
344 4668 516 4721 Τοῦτο
568 4669 755 4723 λοιπὸν
787 4673 1163 4742 ἐπιστάμενοι,
1208 4676 1290 4727 δτι
1334 4677 1569 4747 ἐργῶδες
1604 4679 1718 4731 λίαν

1832 4680 1959 4733 dine
1997 4678 2267 4747 reperiri;
2305 4677 2726 4746 necessarioque
2764 4678 3062 4730 secundum
3093 4674 3405 4728 inducimus

102 4761 252 4815 τινὰ
303 4760 606 4828 εὑρεθῆναι
657 4763 756 4831 τῆς
792 4760 1019 4832 πρώτης
1070 4764 1311 4832 μερίδος⁹
1362 4764 1420 4829 ιε
1477 4765 1718 4835 ἀνάγκης

1833 4773 2100 4835 ordinem,
2141 4770 2512 4840 apostolorum
2544 4778 2595 4821 et
2628 4770 2849 4823 Patrum
2875 4767 3117 4837 vestigiis
3150 4767 3408 4823 insisten-

106 4854 429 4922 ὲπάγομεν
456 4855 556 4922 τὴν
588 4854 871 4925 δευτέραν,
902 4856 1285 4919 ἀποστολικοῖς
1312 4874 1372 4911 τε
1404 4859 1495 4913 καὶ
1526 4876 1718 4928 πατρι-

1836 4874 1935 4928 tes,
1969 4863 2226 4933 quoniam
2284 4862 2524 4917 detoneti
2583 4860 2673 4914 Dei
2721 4861 2961 4916 bonitate
3004 4863 3300 4929 juvautur,
3352 4872 3407 4915 et

101 4949 242 5011 κοῖς
291 4945 561 5015 ἑπόμενοι
604 4950 865 5019 ῥήμασιν.
912 4950 1129 5011 Ἐπειδὴ
1175 4951 1349 5014 ὅντως
1391 4954 1439 5004 οί
1471 4955 1718 5023 κατοιχό-

1835 4956 2069 5011 charitas
2114 4954 2351 5008 fraterna
2399 4962 2651 5022 augetur,
2704 4964 2758 5007 et
2812 4954 3236 5008 resurrectionis
3281 4969 3407 5023 spes

105 5057 317 5108 μενοι,
376 5040 444 5107 τῇ
502 5038 597 5089 τοῦ
653 5037 788 5091 Θεοῦ
843 5040 1073 5106 ἀγαθότι
1125 5041 1493 5109 ὠφελοῦνται·
1544 5045 1641 5095 καὶ
1690 5048 1718 5113 ἡ

1833 5047 2126 5111 stabilitur,
2156 5056 2210 5100 et
2237 5047 2302 5101 ad
2336 5060 2525 5100 sacras
2572 5048 2717 5099 aedes
2772 5059 3075 5099 concursus
3123 5046 3407 5099 ardentius

98 5130 476 5203 φιλαδελφία
534 5131 940 5195 ἑπαυξάνεται’
1001 5134 1095 5185 καὶ
1140 5135 1173 5203 ἡ
1223 5135 1321 5204 τῆς
1367 5135 1718 5198 ἀναστάσεως

1833 5152 2079 5211 augetur,
2113 5150 2166 5194 et
2197 5154 2325 5208 erga
2376 5152 2645 5209 pauperes
2694 5140 3050 5194 beneﬁcentia
3104 5138 3278 5207 magis
3313 5155 3409 5192 ex-

97 5226 288 5286 ὲλπὶς
356 5220 677 5291 βεϐαιοῦται
707 5238 721 5253 ο
759 5226 853 5275 καὶ
897 5223 932 5294 ἡ
988 5226 1124 5294 πρὸς
1172 5227 1300 5288 τοὺς
1347 5227 1527 5289 θείους
1563 5228 1718 5288 ναοὺς

1835 5233 2090 5287 tenditur.
2126 5231 2254 5285 Vide
2282 5230 2670 5300 quotupliciter
2705 5232 2818 5284 ham
2841 5245 2927 5283 res
2964 5231 3205 5299 proﬁcua
3239 5241 3322 5283 est
3354 5241 3409 5284 et

98 5314 432 5385 συνδρομὴ
464 5313 813 5383 θερμοτὲρως
846 5316 1200 5385 πληθύνεται,
1235 5319 1331 5371 καὶ
1365 5321 1397 5388 ἡ
1434 5320 1573 5389 πρὸς
1598 5321 1718 5382 τοὺς

1836 5328 2002 5393 utilis,
2041 5336 2093 5380 et
2124 5334 2257 5394 quot
2285 5326 2457 5379 modis
2494 5324 2711 5378 occasio
2747 5323 3214 5379 reconciliationis
3264 5323 3408 5375 inter

95 5413 393 5480 πένητας
422 5408 641 5462 εὐποιία
667 5409 1018 5465 πλατύνεται.
1048 5411 1153 5463 Ἴδε
1189 5413 1326 5465 κατά
1368 5414 1563 5476 πόσους
1598 5415 1718 5483 τρό-

1833 5433 2020 5471 oumes
2048 5418 2319 5471 oboritur.
2348 5414 2459 5471 ΙΙοο
2487 5417 2581 5485 qui
2615 5415 2831 5479 nolunt,
2860 5430 3038 5482 neque
3067 5416 3405 5482 amplectun-

92 5520 258 5566 πους
300 5500 380 5552 τὸ
430 5500 665 5569 πρᾶγμα
705 5503 991 5570 ὲπικερδὲς
1041 5505 1136 5556 καὶ
1180 5504 1459 5573 ὠφέλιμον
1486 5522 1501 5537 ·
1539 5509 1631 5559 καὶ
1668 5510 1718 5559 ἐν

1837 5520 1941 5573 tur,
1972 5509 2409 5563 ecclesiasticum
2445 5507 2689 5561 ordinem
2726 5506 2941 5570 tollunt,
2973 5517 3025 5558 et
3058 5516 3403 5557 mortuorum

94 5596 325 5654 πόσοις
351 5591 578 5655 τρόποις
599 5593 630 5657 ἡ
655 5591 763 5642 τῶν
787 5595 1195 5662 κατοιχομένων
1217 5597 1475 5664 ὠφέλεια,
1500 5599 1718 5668 ἀφορμὴ

1835 5600 2104 5653 sacrilicia
2144 5600 2401 5654 abdicant
2442 5610 2496 5652 et
2530 5599 2857 5666 impediunt,
2920 5612 3042 5666 qua:
3086 5612 3192 5649 non
3227 5596 3409 5649 incas-

92 5686 355 5755 γίνεται
405 5680 502 5747 τῆς
529 5680 635 5735 τῶν
671 5682 925 5737 ἁπάντων
957 5688 1330 5758 καταλλαγῆς.
1364 5692 1536 5745 Τοῦτο
1565 5695 1612 5746 οί
1648 5695 1718 5763 μὴ

1834 5708 1952 5747 sum
1985 5708 2011 5747 a
2041 5694 2359 5749 doctoribus
2395 5691 2698 5761 excogitata
2729 5701 2876 5746 sunt.
2912 5691 3012 5746 Sed
3042 5691 3181 5744 absit
3209 5697 3265 5743 ut
3304 5688 3406 5742 hoc

228 5865 286 5898 ⁸³
326 5862 487 5921 Psal.
532 5882 603 5935 vr,
631 5865 683 5921 6.
801 5871 840 5902 ⁵¹
883 5868 1025 5928 Psal.
1062 5888 1169 5938 LVI,
1202 5875 1257 5929 8.
