4160 6424
746 430 875 493 i251

1927 403 2246 469 JOSEPHI
2290 397 2852 463 METIIONENSIS

3852 390 3967 453 1239

737 553 979 611 unquam
1018 534 1259 590 ﬁdelium
1308 528 1431 599 quis
1467 524 1659 582 credat
1690 524 1773 580 vel
1804 523 2028 577 omnino
2058 519 2309 590 recipiat.

2452 518 2709 580 ἐλοντες,
2769 512 2909 583 μηδὲ
2960 511 3307 580 στέργοντες,
3374 504 3472 576 τὴν
3524 504 3968 571 ὲκκλησιαστικὴν

739 632 845 686 Sed
879 631 981 685 hoc
1006 626 1298 682 admodum
1337 621 1470 676 utile
1501 618 1902 679 existimantes,
1938 628 2004 667 ne
2026 625 2310 668 cessemus

741 738 998 794 unquam,
1043 720 1257 779 fratres,
1309 730 1407 784 pro
1442 710 1674 768 mortuis
1721 705 2308 763 commemorationem

741 792 919 869 facere
965 827 1139 866 :nam
1195 807 1230 860 ii
1287 819 1543 874 magnum
1599 802 1841 855 levamen
1897 807 1952 852 et
2006 792 2311 851 subsidium

740 906 982 959 sentiunt
1040 916 1104 955 ex
1160 896 1521 959 orationibus,
1588 891 1866 961 precibus,
1945 885 2318 953 elcemosyuis

743 998 971 1062 aliisque
1008 994 1110 1063 piis
1162 990 1421 1059 operibus
1452 1000 1573 1056 qua:
1622 982 1783 1038 nobis
1816 995 1973 1050 opem
2013 976 2315 1032 ferentibus

743 1093 1096 1157 prmstautur.
1116 1083 1190 1135 De
1212 1083 1316 1135 hoc
1350 1079 1511 1149 igitur
1550 1076 1690 1131 sacri
1717 1084 1771 1128 et
1802 1071 1976 1127 divini
2003 1068 2232 1139 apostoli
2264 1066 2318 1120 in

747 1178 862 1227 suis
917 1170 1409 1226 Constitutionibns
1474 1163 1818 1235 pracipiuul,
1892 1160 1987 1214 ubi
2056 1158 2320 1226 scriptum

750 1273 839 1318 cst
869 1262 945 1330 il)
993 1278 1005 1313 :
1057 1281 1075 1312 ι
1116 1259 1470 1314 Celebrentur
1500 1256 1674 1310 tertiae
1706 1263 2044 1307 mortuorum
2082 1250 2134 1302 in
2175 1249 2322 1319 psal-

749 1352 875 1416 mis,
905 1349 1227 1405 lectionibus
1257 1359 1421 1415 atque
1469 1345 1809 1399 orationibus
1837 1351 2055 1411 propter
2077 1354 2199 1394 eum
2228 1337 2323 1408 qni

750 1446 908 1498 tertia
937 1444 1024 1495 die
1048 1441 1371 1507 resurrexit;
1398 1450 1450 1493 et
1476 1453 1631 1493 nona:
1662 1428 1714 1491 iu
1740 1433 2323 1491 commemorationem

751 1536 1103 1605 superstitum
1152 1545 1206 1589 et
1229 1533 1637 1591 defunctorum,
1670 1540 1723 1583 et
1754 1528 2194 1599 quadragesima:
2227 1538 2316 1578 sc-

752 1633 991 1686 cundum
1035 1638 1271 1683 veterem
1310 1625 1563 1680 formam.
1596 1624 1833 1695 Moyscm
1868 1622 2013 1675 cnim
2051 1621 2122 1674 ita
2154 1632 2326 1688 popu-

758 1725 845 1776 lus
881 1721 1049 1775 ilevit.
1086 1719 1152 1773 Et
1187 1717 1562 1772 anniversaria
1600 1730 1697 1782 pro
1723 1729 1911 1768 eorum
1956 1710 2241 1772 memoria,
2274 1715 2331 1761 et

761 1814 1013 1868 tradatur
1044 1812 1109 1865 de
1139 1824 1327 1864 eorum
1359 1807 1714 1864 facultatibus
1759 1803 1966 1874 aliquid
1998 1802 2328 1872 pauperibus

2419 608 2575 672 τάξιν
2607 605 2926 676 ἀναιροῦσιν
2951 619 2965 634 ·
2996 602 3225 655 παύουσι
3255 600 3346 653 καὶ
3371 601 3469 661 τὰς
3500 597 3607 650 τῶν
3647 597 3858 667 νεκρῶν
3883 596 3964 646 λει-

2418 700 2703 769 τουργίας,
2744 697 2818 758 ῶς
2845 712 2906 747 τε
2939 694 3014 763 μὴ
3044 692 3292 760 γίνεσθαι
3318 708 3333 721 ·
3361 692 3565 752 αἵτινες
3587 690 3687 742 οὐκ
3710 692 3792 750 εἰς
3823 687 3970 755 μάτην

2422 790 2577 859 παρὰ
2611 788 2722 841 τῶν
2756 784 3093 841 διδασκάλων
3130 784 3527 853 ἐπενοήθησαν.
3588 781 3752 835 Ἀλλά
3808 781 3877 849 μὴ
3900 783 3971 843 γέ-

2420 896 2565 933 νοιτο
2615 878 2774 931 τοῦτο
2821 876 3046 943 δοξάσαι
3095 875 3219 928 τινὰ
3264 876 3373 927 τῶν
3429 872 3641 926 πιστῶν
3691 872 3913 926 καθόλου
3944 872 3969 923 ἦ

2422 970 2833 1042 παραδέξασθαι
2861 986 2875 1001 ·
2916 969 3054 1023 ἀλλά
3082 967 3432 1029 πιστεύοντες
3463 967 3585 1019 λίαν
3618 966 3892 1033 ὠςοέλιμον
3916 961 3973 1015 ιῖ-

2422 1083 2530 1129 ναι,
2560 1065 2636 1134 μὴ
2668 1063 2972 1129 παυώμεθα
3008 1063 3095 1113 ἀεὶ
3143 1062 3336 1128 μνείας
3383 1060 3559 1113 ποιεῖν
3602 1059 3827 1124 ἀδελφοὶ
3854 1058 3967 1123 ὑπὲρ

2422 1156 2530 1209 τῶν
2560 1153 2987 1222 κεκοιμημένων
3013 1166 3029 1181 ⁶
3059 1151 3195 1202 διότι
3225 1148 3473 1217 μεγάλην
3507 1148 3698 1201 ἄνεσιν
3742 1148 3840 1198 καὶ
3870 1146 3976 1213 βοὶ.-

2426 1249 2579 1303 θειαν
2602 1246 2839 1315 ἔχουσιν,
2864 1244 3021 1313 ήμῶν
3045 1240 3485 1308 ἐπικουρούντων
3507 1238 3695 1300 αὐτοῖς
3718 1238 3811 1290 διὰ
3839 1254 3978 1305 προς-

2425 1339 2591 1409 ευχῆς
2625 1334 2759 1407 ὁμοῦ
2806 1336 2900 1389 καὶ
2944 1334 3184 1402 δεήσεως
3222 1328 3598 1399 ὲλεημοσύνης
3646 1345 3706 1381 τε
3773 1328 3865 1379 καὶ
3904 1328 3977 1391 τῆς

2427 1432 2595 1501 ἄλλης
2647 1430 2866 1497 ἁπάσης
2921 1427 3195 1489 εὐποιῒας.
3247 1425 3383 1493 Περὶ
3415 1422 3608 1476 τούτου
3668 1416 3767 1475 οὖν
3816 1421 3901 1471 καὶ
3942 1418 3978 1468 οἱ

2431 1524 2565 1577 θεῖοι
2601 1522 2699 1575 καὶ
2746 1520 2883 1591 ίεροὶ
2926 1516 3217 1572 ἀπόστολοι
3270 1514 3709 1586 προστάττουσιν
3761 1512 3907 1580 ἡμῖν,
3940 1512 3981 1560 ἐν

2429 1616 2549 1677 ταῖς
2586 1612 2766 1667 αὐτῶν
2793 1610 3105 1677 διατάξεσιν
3144 1607 3274 1660 ἔνθα
3317 1607 3517 1675 φασίν·
3550 1622 3570 1657 ι
3620 1602 3981 1657 Ἐπιτελείσθω

2428 1706 2592 1776 τρίτα
2625 1704 2736 1758 τῶν
2766 1703 3191 1774 κεκοιμημένων
3220 1703 3276 1754 ὲν
3306 1701 3542 1770 ψαλμοῖς
3575 1700 3669 1752 καὶ
3697 1700 3755 1749 ἐν
3790 1712 3985 1765 προτεν-

2432 1801 2577 1870 χαῖς,
2627 1799 2717 1852 διὰ
2765 1801 2858 1850 τὸν
2902 1797 2990 1850 διὰ
3037 1796 3208 1864 τριῶν
3257 1795 3481 1865 ήμερῶν
3529 1792 3868 1862 ἐγερθέντα·
3912 1793 3986 1843 καὶ

759 1908 813 1959 in
847 1902 1417 1959 commemorationem
1447 1914 1658 1953 eorum.
1699 1918 1716 1949 ι
1759 1895 1884 1951 il:cc
1932 1896 1999 1950 de
2050 1894 2157 1965 piis
2186 1892 2325 1946 dici-

2450 1892 2597 1945 ἱνατα
2624 1893 2703 1952 είς
2739 1891 3050 1959 ὑπόμνησιν
3084 1888 3194 1941 τῶν
3224 1887 3528 1955 περιόντων
3558 1890 3656 1940 καὶ
3686 1886 3800 1938 τῶν
3832 1903 3988 1938 κεκοιο

762 2013 901 2050 runs.
931 1996 1063 2049 Nam
1105 1995 1171 2049 de
1206 1994 1385 2062 impiis
1412 1992 1456 2046 si
1491 2001 1665 2044 totum
1690 1989 1876 2045 orbem
1910 1985 2324 2050 tradiderimus,

764 2088 899 2142 nihil
923 2086 1161 2156 proderit
1187 2102 1200 2138 :
1227 2086 1313 2141 cui
1340 2085 1483 2140 enim
1524 2084 1723 2137 viventi
1757 2082 1859 2136 fuit
1881 2080 2023 2135 Deus
2046 2080 2329 2143 adversus,

761 2190 1007 2248 apertum
1033 2190 1136 2242 est,
1165 2177 1408 2232 futurum
1441 2177 1488 2231 ei
1521 2176 1683 2229 etiam
1715 2174 2008 2228 adversum
2036 2184 2157 2226 esse
2188 2186 2333 2224 mor-

765 2284 879 2337 tuo,
913 2273 1113 2342 quippe
1143 2286 1265 2327 cum
1291 2285 1399 2326 non
1425 2270 1496 2324 sit
1522 2268 1782 2339 iniquitas
1805 2268 1945 2336 apud
1978 2264 2168 2319 Deum.
2193 2261 2330 2318 Nam

760 2369 942 2436 justus
976 2374 1057 2419 est
1083 2362 1342 2417 Dominus
1365 2371 1421 2416 et
1445 2362 1687 2431 justitias
1719 2359 1918 2428 diligit,
1945 2368 1999 2412 et
2020 2372 2146 2412 ecce
2166 2358 2330 2412 homo

767 2466 821 2511 et
851 2472 986 2526 opus
1021 2456 1158 2527 ejus,
1192 2464 1247 2510 ct
1290 2463 1344 2509 tu
1391 2453 1669 2508 retribues
1702 2451 1998 2521 unicuique
2023 2451 2326 2507 secundum

766 2563 933 2617 opera
968 2562 1088 2603 sua.
1123 2565 1141 2599 ι

767 2639 1043 2694 ταστάντι.
1072 2639 1146 2692 Οὐ
1173 2639 1278 2709 γάρ
1304 2641 1451 2692 ἐστιν
1480 2638 1662 2693 ἀδικία
1685 2640 1839 2711 παρά
1860 2637 1936 2709 τῷ
1959 2638 2100 2709 Θεῷ,
2130 2639 2341 2702 δίκαιος
2373 2638 2482 2709 γὰρ
2538 2634 2743 2709 Κύριος
2794 2634 2888 2689 καὶ
2940 2632 3290 2698 δικαιοσύνας

2439 1985 2702 2054 μημινων
2722 1996 2736 2011 ο
2763 1978 3183 2050 τεσσαρακοστά
3230 1979 3373 2031 κατὰ
3410 1977 3502 2030 τὸν
3540 1979 3779 2032 παλαιὴν
3808 1977 3958 2028 τύπον
3977 1990 3988 2004 ·

2436 2077 2642 2146 Μωσῆν
2673 2074 2782 2145 γάρ
2818 2074 2845 2127 ό
2885 2072 3010 2136 λαὸς
3054 2070 3228 2133 οὕτως
3263 2070 3565 2140 ἐπένθησεν
3588 2086 3603 2102 ο
3639 2070 3738 2121 καὶ
3773 2069 3993 2121 ἐνιαύσια

2442 2170 2582 2240 ὑπὲρ
2615 2169 2842 2239 μνήμης
2872 2166 3074 2220 αὐτῶν.
3105 2164 3216 2218 Καὶ
3249 2163 3476 2217 διδόσθω
3507 2163 3573 2217 ὲκ
3600 2162 3715 2214 τῶν
3747 2162 3992 2231 ὑπαρχόν-

2437 2278 2545 2315 των
2568 2260 2749 2314 αὐτῶν
2767 2260 2876 2321 τοῖς
2898 2258 3147 2328 πένησιν,
3170 2260 3249 2321 είς
3271 2257 3579 2325 ἀνάμνησιν
3600 2253 3813 2308 αὐτῶν.
3837 2254 3995 2306 Ταῦτα

2440 2354 2541 2424 μὲν
2573 2356 2703 2425 περὶ
2726 2353 2969 2406 εὐσεϐῶν
2995 2352 3251 2422 λὲγομεν.
3279 2352 3416 2422 Περὶ
3439 2350 3497 2403 δὲ
3530 2348 3781 2412 ἀσεϐῶν,
3809 2346 3902 2400 ὲάν
3925 2346 3997 2396 καὶ

2436 2449 2504 2501 τὰ
2537 2448 2631 2502 τοῦ
2682 2449 2890 2517 κόσμου
2940 2446 3046 2517 δῷς
3082 2446 3330 2514 πένησιν,
3374 2442 3526 2497 οὐδὲν
3565 2441 3795 2507 ὀνήσεις
3833 2438 3996 2491 αὐτόν’

2438 2533 2482 2609 ᾦ
2513 2540 2621 2611 γὰρ
2650 2540 2892 2609 περιόντι
2918 2538 3009 2609 ὲχο
3020 2539 3109 2608 ρδν
3139 2532 3209 2608 ἦν
3237 2537 3297 2590 τὸ
3322 2536 3488 2599 θεῖον,
3514 2533 3767 2602 δηλονότι
3801 2535 3896 2585 καὶ
3920 2546 3973 2597 με

3366 2631 3670 2702 ἠγάπησεο
3746 2630 3850 2684 καὶ
3917 2626 4001 2680 ἔδοι

769 2733 1054 2803 ἄνθρωπος
1089 2734 1184 2787 καὶ
1234 2735 1293 2787 τὸ
1324 2734 1487 2805 ἔργον
1532 2735 1697 2788 αὐτοῦ
1723 2753 1737 2768 ο
1783 2737 1881 2791 καὶ
1924 2736 1989 2789 σὺ
2025 2736 2325 2797 ἀποδώσεις
2354 2736 2570 2803 ἑκάστῳ
2601 2734 2740 2787 κατά
2766 2732 2835 2785 τὰ
2865 2732 3005 2801 ἔργα
3041 2731 3230 2784 αὐτοῦ.
3268 2750 3285 2782 ι

836 2831 1007 2885 Audis
1033 2832 1098 2885 de
1120 2832 1289 2885 sacris
1314 2831 1575 2900 apostolis
1599 2846 1706 2899 qua
1732 2832 1941 2887 ratione
1974 2846 2074 2900 pro
2103 2830 2336 2885 mortuis

774 2922 1023 2976 ﬁdelibus
1061 2921 1329 2977 sacriﬁcia
1370 2931 1637 2991 etpreces
1666 2923 1918 2979 sanciunt
1952 2922 2201 2976 adhiberi
2229 2921 2252 2974 ?
2279 2920 2336 2975 id

769 3023 853 3067 est
883 3013 1027 3081 quod
1064 3028 1203 3083 saepe
1235 3014 1498 3076 diximus,
1534 3014 1678 3081 quod
1710 3028 1808 3081 pro
1841 3028 1975 3082 puro
2011 3022 2065 3066 et
2100 3013 2337 3067 contrito

770 3109 934 3160 corde
962 3107 1015 3159 in
1049 3107 1147 3160 hac
1190 3105 1295 3158 vita
1328 3105 1739 3173 pmnitentibns,
1763 3105 1855 3158 sed
1890 3120 1995 3160 non
2031 3104 2333 3159 secundum

773 3198 1119 3266 pru~scriptas
1171 3199 1316 3267 leges
1349 3196 1401 3250 id
1435 3197 1694 3265 perﬁcere
1742 3197 2057 3251 valentibus
2103 3196 2361 3250 mortuis

772 3292 1147 3359 deprecamur.
1180 3288 1282 3343 Pro
1316 3289 1399 3342 his
1430 3288 1597 3343 Deum
1624 3288 1840 3357 placare
1871 3304 2135 3343 conamur
2165 3298 2219 3344 et
2256 3289 2339 3342 iu-

2530 2830 2776 2891 ’Λκούεις
2806 2830 2916 2882 τῶν
2948 2829 3110 2897 ίερῶν
3139 2827 3457 2882 ἀποστόλων
3478 2841 3495 2858 ’
3528 2826 3647 2888 πῶς
3670 2822 4005 2891 νοξλοΊετοίςι

2446 2925 2749 2990 προσάγειν
2799 2921 2990 2985 θυσίας
3021 2939 3079 2974 τε
3109 2923 3204 2974 καὶ
3235 2922 3450 2991 δεήσεις
3495 2920 3642 2986 ὑπὲρ
3670 2920 3787 2970 τῶν
3828 2916 4006 2975 πιστὰ

2445 3014 2840 3085 κοιμηθέντων.
2870 3012 3033 3067 τοῦτό
3077 3016 3225 3066 ἐστιν
3251 3013 3279 3065 ὃ
3322 3012 3586 3073 πολλάκις
3631 3010 3862 3079 ἔφημεν
3898 3011 4007 3075 ὑπὲρ

2442 3103 2551 3156 τῶν
2580 3104 3033 3173 μετανοησάντων
3069 3104 3170 3172 μὲν
3198 3101 3431 3155 ἐνταῦθα
3479 3101 3623 3170 μετά
3655 3102 3913 3170 καθαρᾶς
3940 3106 4010 3151 nl

2445 3195 2918 3265 συντετριμμένης
2952 3194 3205 3265 καρδίας,
3247 3194 3322 3263 μὴ
3358 3193 3689 3261 φθασάντων
3718 3193 3783 3245 δὲ
3819 3194 4005 3245 τελειῶ-

2449 3307 2541 3343 σαι
2577 3290 2703 3353 τοὺς
2730 3289 2983 3353 δοθέντας
3010 3290 3195 3352 αὐτοῖς
3225 3290 3460 3352 κανόνας
3487 3304 3503 3320 ⁸
3534 3288 3684 3359 ὑπὲρ
3709 3289 3925 3341 τούτων
3948 3290 4011 3339 εὖ·

775 3397 1053 3446 vocamus,
1076 3396 1476 3450 precamnrque
1506 3381 1730 3446 aliquid,
1758 3382 1902 3436 unde
1927 3382 2059 3450 ipsis
2090 3382 2337 3439 allevatio

2450 3382 2653 3452 χόμεθα
2687 3384 3113 3451 μεταστάντωνο
3147 3382 3288 3451 ὑπὲρ
3340 3381 3545 3434 τούτων
3578 3379 3947 3449 sedsaepe:
3971 3380 4011 3427 τὲ

774 3486 828 3527 et
860 3475 1066 3528 utilitas
1094 3474 1349 3539 aeced:.t;
1385 3474 1598 3543 hocque
1616 3484 1700 3530 est
1725 3474 1869 3544 quod
1900 3474 1953 3528 in
1981 3475 2200 3530 decreto
2224 3475 2344 3544 eius

777 3566 1018 3620 Ecclesia
1062 3565 1439 3635 purgatorium
1473 3574 1666 3632 vocat,
1710 3569 1764 3620 in
1806 3582 1919 3637 quo
1964 3576 2087 3637 post
2136 3569 2343 3623 obitum

778 3669 1073 3726 purgantur
1133 3658 1355 3719 anima},
1384 3659 1728 3713 orationibus
1759 3660 2116 3729 precibusque
2143 3675 2172 3713 a
2208 3659 2346 3714 vivis

780 3751 1033 3803 ﬁdelibus
1090 3766 1186 3818 pro
1245 3765 1435 3803 eorum
1481 3766 1697 3820 semper
1754 3753 1998 3806 subsidio
2053 3754 2344 3821 sus:eptis.

779 3840 912 3894 Nam
950 3855 1005 3895 ut
1038 3841 1087 3895 id
1128 3842 1180 3896 in
1234 3845 1462 3914 gratiam
1495 3856 1810 3899 sanctorum
1845 3846 1925 3900 vel
1975 3846 2345 3914 improborum

779 3933 870 3986 ﬁat
897 3971 912 3995 ,
963 3949 1124 3986 uerno
1166 3950 1312 3988 sana:
1353 3936 1547 3990 mentis
1577 3936 1871 3991 mstimabit
1907 3954 1920 3990 :
1955 3938 2048 3992 scd
2100 3952 2198 3993 nec
2250 3955 2348 4007 pro

777 4024 1109 4081 Christianis
1144 4027 1647 4096 imptenitentibus;
1681 4030 1821 4084 idem
1864 4030 2008 4083 enim
2049 4032 2351 4100 peccatori-

779 4118 880 4170 bus
897 4125 948 4170 et
970 4118 1437 4186 impoeuitemibus
1460 4120 1783 4176 Christianis
1808 4122 2089 4191 continget
2110 4123 2253 4192 quod
2283 4123 2350 4178 iis

779 4209 991 4262 eveniet
1039 4209 1132 4278 qui
1174 4226 1359 4264 verum
1397 4210 1565 4265 Deum
1598 4212 1876 4267 Christum
1924 4231 2035 4268 non
2083 4229 2353 4284 cognove-

782 4308 945 4365 runt;
983 4302 1158 4369 iisque
1185 4303 1353 4357 etiam
1388 4305 1558 4357 multo
1596 4304 1842 4359 deterius
1864 4321 2026 4374 quam
2058 4306 2188 4361 illis.
2220 4306 2350 4371 «Qui

784 4406 891 4443 non
917 4393 1193 4459 cognovit,
1213 4392 1348 4447 dicit
1379 4391 1753 4462 Evangelium,
1779 4396 2109 4451 voluntatem
2137 4397 2350 4452 Domini

786 4483 890 4547 sui,
924 4490 976 4536 et
1012 4482 1199 4538 fecerit
1245 4483 1406 4555 digna
1459 4486 1653 4556 plagis,
1688 4486 1965 4555 vapulabit
1993 4488 2181 4557 paucis
2210 4507 2225 4553 ;
2260 4489 2351 4557 qui

785 4586 963 4628 autem
993 4576 1243 4643 cognovit
1266 4577 1593 4631 voluntatem
1623 4577 1839 4633 Domini
1866 4579 1975 4646 sui,
2008 4590 2060 4635 et
2088 4596 2196 4635 non
2221 4596 2352 4650 pra:-

2448 3478 2615 3543 θεῖον,
2645 3477 2741 3531 καὶ
2766 3474 3195 3545 παρακαλοῦμεν
3231 3477 3325 3527 καὶ
3350 3475 3607 3543 δεόμεθα.
3651 3475 3830 3528 Ὅθεν
3860 3476 4013 3531 air-rei;

2450 3568 2653 3620 δίδοται
2688 3569 2869 3630 ἄνεσις
2896 3569 2990 3620 καὶ¹
3020 3567 3279 3636 ὠφέλεια.
3323 3567 3429 3617 Καὶ
3460 3565 3622 3617 τοῦτό
3648 3568 3811 3618 ἐστιν
3845 3566 4013 3632 ὅπερλῆ

2447 3660 2542 3712 τοῦ
2574 3660 2708 3712 Θεοῦ
2752 3659 3049 3731 Ἐκκλησία
3080 3660 3138 3710 ἐν
3168 3659 3243 3727 τῷ
3275 3658 3475 3727 εαυτῆς
3498 3658 3611 3726 ὅρῳ
3643 3657 3816 3709 καλεῖ
3838 3660 4016 3721 καῦσρ·

2447 3752 2637 3820 τήριον
2663 3769 2677 3783 ·
2710 3753 2768 3804 ἐν
2802 3746 2846 3818 ᾧ
2892 3751 3248 3819 καθαίρονται
3288 3751 3425 3819 μετά
3470 3750 3711 3803 θάνατον
3735 3752 3805 3802 αἱ
3854 3751 4013 3818 ψυχικ

2448 3842 2537 3896 διὰ
2563 3842 2662 3908 τῆς
2687 3843 2794 3894 τῶν
2826 3842 3046 3905 ζώντων
3080 3842 3287 3894 πιστῶν
3319 3842 3677 3909 ἐπικουρίας,
3709 3843 4016 3909 προσευρτσ

2455 3938 2543 3989 καὶ
2561 3936 2799 4004 δεήσεων
2823 3935 3062 4005 συνεχῶς
3091 3936 3231 4004 ὑπὲρ
3251 3934 3434 3987 αὐτῶν
3448 3934 3788 4002 γινομένων.
3826 3936 3897 3987 ⁸0
3914 3935 4017 3994 9:1,:-

2451 4028 2559 4080 τῶν
2606 4027 2798 4092 ἁγίων,
2832 4027 3007 4089 οὐδεὶς
3058 4026 3118 4078 εῦ
3152 4026 3365 4096 φρονῶν
3394 4025 3670 4094 ἐννοήσεσ,
3717 4026 3861 4078 οὐδὲ
3913 4026 4021 4085 disp

2449 4121 2559 4173 τῶν
2590 4121 2822 4183 ἀσεΰῶν,
2856 4120 2972 4173 ἀλλ’
3001 4119 3109 4172 οὐδ’
3144 4120 3287 4189 ὑπὲρ
3321 4118 3433 4171 τῶν
3466 4120 3887 4188 ἀμετανοήτων
3914 4121 4019 4185 X9:-

2455 4211 2709 4265 στιανῶν.
2744 4211 2925 4264 Tauro
2953 4213 3061 4281 γὰρ
3092 4212 3375 4263 πείσονται
3420 4209 3751 4279 ἁμαρτωλοὶ
3788 4213 3888 4262 καὶ
3914 4215 4015 4275 αρε

2453 4304 2706 4372 τανόητοι
2759 4303 3099 4373 Χριστιανοὶ,
3146 4301 3174 4353 ὂ
3204 4302 3487 4353 πείσονται
3535 4301 3635 4353 καὶ
3683 4302 3858 4352 αὐτοὶ
3892 4301 3939 4350 c!
3972 4300 4023 4364 μὴ

2454 4394 2676 4462 γνόντες
2714 4396 2806 4446 τὸν
2832 4393 3091 4460 ἀληθινὸν
3123 4392 3256 4445 Θεὸν
3294 4391 3501 4461 Ἰησοῦν
3526 4390 3775 4460 Χριστόν
3806 4406 3821 4420 ·
3854 4395 3944 4443 καὶ
3966 4393 4021 4439 Et;

2457 4486 2639 4555 πολλῷ
2687 4487 2870 4555 χεῖρον
2906 4477 3055 4538 οὗτοι
3100 4485 3351 4537 ἑκείνων.
3388 4502 3408 4535 ι
3452 4482 3512 4536 '0
3552 4482 3665 4551 γὰρ
3718 4484 3810 4553 μὴ
4072 4494 4073 4555 l

2458 4583 2590 4648 φησὶ
2619 4579 2682 4631 τὸ
2709 4577 3064 4645 Εὑαγγέλιον,
3094 4577 3155 4649 to
3201 4577 3415 4647 θέλημα
3462 4575 3555 4627 τοῦ
3593 4578 3819 4643 Κυρίου
3860 4576 4021 4627 αὐτου

788 4667 995 4733 paravit
1030 4677 1086 4722 et
1125 4683 1231 4722 non
1265 4668 1389 4723 fecit
1424 4671 1723 4726 secundum
1746 4674 2083 4728 voluntatem
2104 4674 2337 4740 ejus,va-

2460 4671 2693 4739 ποιήσας
2726 4671 2783 4722 δὲ
2833 4670 2962 4732 ἀξια
3009 4667 3261 4736 πληγῶν,
3307 4667 3607 4744 δαρήσεται
3639 4667 3851 4734 ὀλίγας
3877 4683 3891 4697 ·
3922 4668 3949 4715 ο
3988 4667 4023 4715 ξς

788 4758 996 4827 pnlabit
1028 4759 1214 4813 multis
1239 4760 1340 4813 ³⁸.»
1373 4760 1475 4815 Pro
1505 4762 1610 4828 his,
1645 4763 1690 4817 si
1719 4764 1881 4835 verba
1914 4777 2196 4819 sacrorum
2224 4776 2353 4830 apo-

791 4852 1055 4905 stolorum
1084 4851 1308 4918 audisti,
1339 4852 1484 4906 dicta
1517 4862 1665 4914 sunt,
1703 4869 1824 4906 cum
1856 4852 2047 4908 dicunt
2090 4869 2103 4906 :
2139 4853 2262 4907 ΙΙωο
2293 4854 2359 4906 de

784 4944 889 5011 piis
922 4942 1173 5006 dicimus,
1207 4942 1260 4996 id
1290 4952 1374 4997 est
1419 4946 1484 4997 de
1530 4944 1929 5012 pmnitentibus
1963 4959 1977 5010 ;
2033 4959 2130 5014 pro
2176 4945 2359 5014 impiis

789 5048 919 5090 vero
950 5034 996 5087 si
1028 5042 1201 5089 totum
1230 5033 1494 5088 mundum
1524 5035 1836 5099 tradideris,
1869 5035 2001 5088 nihil
2035 5034 2355 5104 profeceris.

792 5124 905 5178 lloc
927 5123 1067 5179 idem
1101 5126 1303 5179 asserit
1329 5125 1492 5180 etiam
1524 5126 1702 5196 lingua
1727 5142 1890 5181 aurea
1921 5124 2183 5185 Joannes.
2223 5127 2343 5181 «Ne-

789 5228 900 5277 mo,
932 5213 1128 5283 inquit,
1165 5214 1291 5269 binc
1323 5231 1388 5269 eo
1424 5216 1736 5284 digrediens
1762 5254 1778 5279 ,
1825 5216 1932 5271 nisi
1980 5232 2075 5271 sua
2129 5216 2356 5271 solverit

785 5314 1027 5374 peccata,
1067 5306 1200 5375 quin
1243 5306 1510 5361 rationem
1556 5316 1833 5376 gestorum
1890 5309 2101 5372 reddat,
2151 5310 2353 5364 valebit

787 5396 1040 5465 ell‘ngere.
1073 5399 1178 5452 Sed
1222 5399 1679 5468 quemadmodum
1714 5399 1779 5453 de
1814 5414 2032 5454 carcere
2077 5403 2177 5456 hoc
2209 5414 2353 5456 cate-

788 5490 898 5540 nati
929 5491 992 5542 ad
1028 5489 1263 5543 tribunal
1296 5491 1373 5545 rei
1397 5491 1687 5556 ducuntur,
1715 5492 1793 5546 sic
1822 5502 1875 5547 ct
1908 5494 2104 5549 animae
2135 5511 2348 5559 outncs.

889 5672 933 5703 ⁶²
967 5670 1098 5727 an.
1132 5686 1226 5737 xu,
1251 5674 1336 5738 67,
1369 5676 1455 5730 48.

862 5858 942 5925 (ι)
976 5858 1090 5916 Lib.
1112 5876 1227 5931 rm,
1260 5861 1447 5916 Const.
1484 5862 1535 5916 4.

2459 4765 2617 4828 γνοὺς
2648 4763 2708 4814 τὸ
2731 4762 2941 4831 θέλημα
2979 4759 3071 4813 τοῦ
3115 4761 3323 4829 Κυρίου
3356 4758 3543 4824 αὑτοῦ,
3581 4761 3675 4812 καὶ
3706 4762 3799 4830 μὴ
3828 4762 4025 4825 imps-

2461 4873 2580 4921 σας,
2616 4855 2749 4924 μηδὲ
2774 4856 3009 4923 ποιήσας
3035 4854 3171 4919 πρὸς
3195 4852 3255 4904 τὸ
3283 4852 3494 4920 θέλημα
3518 4850 3709 4913 αὑτοῦ,
3744 4852 4021 4918 Baptae-1::

2459 4946 2680 5007 πολλάς.
2719 4965 2739 4998 ι
2791 4946 2963 5015 Ὑπὲρ
3006 4944 3212 4997 τούτων
3241 4944 3351 5012 γὰρ
3384 4946 3435 4995 εἰ
3462 4943 3700 5012 ἤκουσας
3741 4945 3868 4995 τῶν
3899 4942 4019 5007 ἱεῴι

2457 5039 2774 5093 ἁποσςόλων
2815 5039 3085 5105 λεγόντων
3117 5038 3257 5100 ἐστὶ,
3287 5038 3369 5101 τὸ,
3398 5038 3579 5090 Ταῦτα
3624 5037 3731 5105 μὲν
3794 5037 3939 5105 ὑπὲρ
3962 5036 4003 5083 εἰ

2464 5128 2640 5182 σεϐὦν
2679 5128 2937 5197 λέγομεν,
2987 5128 3234 5181 τουτέστι
3285 5129 3747 5198 μετανοησάντων
3777 5147 3796 5161 ο
3844 5128 4019 5199 περὶέ

2467 5221 2680 5274 ἀσεόῶν
2705 5222 2827 5274 οὐδὲ
2853 5222 2901 5273 εί
2932 5222 2997 5274 τὰ
3034 5219 3129 5271 τοῦ
3178 5222 3384 5287 κόσμου
3425 5218 3617 5280 δώσεις
3657 5220 3822 5288 ὑπὲρ
3860 5220 4019 5270 αἰετὼ-η

2466 5315 2772 5384 ὠφελήσεις
2799 5313 3018 5375 αὐτούς.
3059 5313 3132 5365 Τὸ
3162 5312 3295 5364 αὐτὸ
3323 5313 3418 5364 καὶ
3442 5312 3471 5363 6
3492 5312 3593 5379 τὴν
3621 5312 3893 5378 γλῶτταν
3924 5326 4017 5375 πεδ’

2470 5405 2594 5466 σοῦς
2647 5404 2898 5473 Ἰωάννης
2924 5418 2939 5433 ·
2979 5422 2997 5454 ι
3046 5401 3259 5464 Οὐδεὶς,
3298 5402 3486 5471 φησὶν,
3534 5401 3807 5455 ἐντεῦθεν
3939 5400 4015 5450 :51:

2469 5494 2768 5564 λυσάμενος
2823 5495 2889 5546 τὰ
2939 5493 3317 5563 ἁμαρτήματα
3367 5492 3556 5558 αὐτοῦ,
3593 5494 3869 5547 ἀπελθὼν
3916 5488 4001 5542 ἑτέ
