4160 6424
151 407 281 468 1253
825 404 973 463 PRO
1013 401 1228 466 CONC.
1269 400 1641 462 FLORENT.
1686 399 1843 458 CAP.
1891 399 2003 456 Ill.
2053 399 2148 458 DE
2197 397 2723 458 I‘URGATORIO.
3257 395 3393 461 1254

145 518 431 587 δυνήσεται
463 516 561 580 τὰς
588 517 680 570 ἐπὶ
721 515 931 578 τούτοις
962 515 1191 577 εὐθύνας
1223 514 1530 582 διαφυγεῖν.
1575 510 1715 562 Ἀλλ’

1822 509 1865 562 si
1891 508 2016 562 hinc
2044 509 2448 577 impmnitentes
2469 508 2821 572 decesserint,
2855 506 3021 561 variis
3043 519 3386 571 peceatorum

145 610 332 678 ὥσπερ
363 611 412 661 ol
445 611 553 663 ἀπὸ
583 609 692 662 τῶν
730 610 1128 679 δεσμωτηρίων
1157 609 1386 671 τούτων,
1438 605 1575 674 μετὰ
1608 605 1715 656 τῶν

1823 600 2176 657 circumdatae
2232 602 2487 667 vinculis,
2539 611 2594 656 et
2640 599 2704 653 ad
2755 602 3092 654 tremendum
3131 599 3392 667 judicium

141 703 386 755 ἁλύσεων
413 704 782 770 προσάγονται
815 705 904 755 ἐπὶ
939 703 997 755 τὸ
1019 701 1392 768 δικαστήριον,
1422 697 1595 759 οὕτως
1625 696 1715 748 καὶ

1824 693 2131 760 rapiuntur.
2164 711 2181 744 ι
2220 693 2434 761 Aspicis
2459 702 2512 744 et
2540 692 2628 745 hic
2658 691 2933 760 quomodo
2962 690 3087 744 hinc
3115 689 3393 758 imparatae

142 794 196 844 αί
224 793 392 862 ψυχαὶ
441 795 640 855 πᾶσαι,
675 793 804 846 ὅταν
839 792 1092 846 ἐντεῦθεν
1145 789 1454 844 ἀπέλθωσιν
1503 788 1714 856 ἀμετα-

1821 785 2145 838 decedentcs
2171 785 2366 838 anima:
2402 793 2519 852 post
2549 794 2776 839 mortem
2808 784 3078 836 auxilium
3111 781 3393 849 suscipere

143 888 330 956 νόηται
375 888 475 949 τὰς
502 887 753 948 ποικίλας
783 886 1166 954 περικείμεναι
1189 882 1377 952 σειρὰς
1408 882 1510 933 τῶν
1534 880 1712 949 ἁμαρ·

1822 891 1925 930 non
1955 877 2218 944 possunt?
2244 877 2339 934 sed
2370 891 2439 931 eo
2468 877 2630 931 modo
2656 892 2762 947 quo
2790 885 3015 938 exeunt,
3053 892 3174 929 cum
3203 888 3394 943 pecva-

141 983 430 1048 τημάτων,
463 981 555 1033 ἐπὶ
580 979 641 1032 τδ
673 979 903 1049 φοϐερὸν
929 978 1153 1046 ἄγονται
1191 977 1360 1046 βῆμα.
1381 975 1544 1044 Ὁρᾷς
1583 974 1712 1026 κάν-

1823 983 2000 1025 torum
2038 971 2300 1026 oneribus
2334 969 2400 1024 ad
2424 967 2767 1024 tremendum
2807 967 3045 1022 tribunal
3076 968 3391 1020 trahuntur.

138 1074 337 1138 ταῦθα,
379 1074 497 1136 πῶς
527 1071 910 1141 αίὰνετοίμως
954 1070 1065 1123 τῶν
1108 1068 1362 1122 ἐντεῦθεν
1389 1063 1711 1134 ἀποδημοῦ⁹

1826 1061 1930 1118 Sed
1975 1077 2094 1130 «ium
2127 1063 2506 1131 paenitentiam
2564 1059 2849 1125 subierim,
2898 1068 2950 1114 et
3003 1059 3224 1114 fervidis
3268 1073 3392 1111 cum

136 1186 229 1221 σαι
259 1169 449 1238 ψυχαὶ,
492 1167 590 1220 οῦκ
617 1167 803 1237 ἔχουσι
833 1164 1086 1235 βοήθειαν
1111 1163 1251 1233 μετὰ
1297 1163 1528 1216 θάνατον
1550 1174 1563 1187 ο
1601 1156 1715 1210 ἀλλ’

1829 1155 2082 1225 lacrymis
2110 1156 2277 1209 Deum
2306 1155 2666 1224 piacaverint,
2696 1153 2956 1207 adhibitis
2987 1168 3084 1221 pro
3119 1153 3185 1206 iis
3216 1151 3392 1204 sacri-

133 1265 320 1326 οὕτως
352 1265 535 1328 καθὼς
562 1265 901 1334 ἐξέρχονται,
919 1261 1169 1314 τουτέστι
1191 1257 1327 1330 μετὰ
1343 1256 1454 1309 τῶν
1477 1251 1713 1321 φορτίων

1823 1249 1962 1304 ﬁciis
1994 1257 2049 1304 et
2080 1248 2507 1316 expiationibus,
2541 1247 2697 1301 valde
2724 1248 3002 1316 iuvantur.

131 1361 248 1413 τῶν
299 1361 714 1430 ἁμαρτημάτων
751 1357 843 1409 ἰπὶ
884 1356 945 1408 τὸ
986 1353 1218 1423 φοϐερὸν
1265 1352 1489 1420 ἄγονται
1538 1347 1711 1416 βῆμα.
1747 1343 1812 1396 Ai
1846 1342 1903 1395 δὲ
1938 1343 2370 1410 μετανοήσασαι,
2405 1341 2497 1393 καὶ
2552 1340 2776 1408 θερμοῖς
2819 1343 2931 1401 τοῖς
3004 1339 3237 1408 δάκρυσι
3299 1340 3392 1387 τὶν

131 1460 272 1510 (λεὶν
323 1456 709 1523 ἐξελεώσασαι,
772 1450 1026 1520 μεγάλως
1094 1447 1413 1518 βοηθοῦνται
1463 1445 1550 1498 διὰ
1603 1441 1714 1494 τῶν
1755 1435 1896 1506 ὑπὲρ
1935 1437 2114 1490 αὐτῶν
2158 1435 2463 1504 γινομένων
2521 1432 2682 1502 ίερῶν
2713 1430 2915 1486 θυσιῶν
2975 1449 3033 1484 τε
3092 1435 3183 1484 καὶ
3244 1426 3396 1482 τελε-

130 1570 160 1604 τ
167 1556 212 1606 ὡ
218 1574 245 1606 ν
255 1593 268 1607 .

2570 1616 2658 1669 Vi.

1891 1714 2032 1778 Non,
2069 1712 2243 1780 inquit
2269 1724 2529 1766 novorum
2565 1723 2880 1763 scurrarum
2930 1707 3166 1770 assecla,
3188 1707 3398 1762 emolu-

1823 1807 1992 1863 menti
2030 1805 2244 1873 aliquid
2280 1803 2363 1857 vel
2391 1800 2621 1856 subsidii
2651 1800 2883 1856 mortuis
2906 1801 3137 1865 accedit,
3185 1799 3391 1853 idcirco

1821 1915 2010 1957 eorum
2065 1895 2614 1953 commemorationes
2662 1895 2868 1950 otiosas
2920 1893 3278 1963 reliquerunt.
3328 1893 3384 1946 Si

1826 2011 1957 2050 vero
2007 1992 2212 2062 aliquid
2267 1991 2498 2055 accedit,
2529 1990 2580 2044 id
2627 1989 2825 2044 divinm
2866 1987 3272 2050 misericordiae,
3312 1987 3392 2040 in-

1829 2087 2047 2157 quiunt,
2081 2083 2485 2154 permittamus.
2517 2081 2587 2136 At
2619 2095 2719 2135 nos
2765 2079 2876 2134 illis
2915 2077 3389 2147 respondebimus.

1821 2180 1950 2251 quid
1983 2176 2294 2248 significare
2334 2173 2783 2246 quadragesimas
2809 2172 3021 2235 volunt,
3059 2180 3110 2224 et
3153 2184 3250 2240 per
3280 2170 3393 2223 sin-

1818 2271 1939 2342 gula
1970 2269 2204 2324 Sabbata
2238 2264 2786 2322 commemorationes
2808 2303 2823 2326 .
2859 2263 3185 2326 oblationes,
3220 2262 3348 2314 anni
3370 2288 3382 2298 -

1819 2361 2079 2425 versaria,
2108 2368 2460 2415 monumenta
2493 2366 2549 2412 et
2571 2355 2832 2411 sacrilicia
2857 2364 3216 2408 mortuorum.
3247 2352 3390 2417 Qua-

1819 2468 1942 2506 nam
1977 2452 2045 2507 de
2080 2466 2269 2515 causa,
2297 2465 2394 2518 pro
2423 2449 2642 2517 quibus,
2677 2462 2800 2501 cum
2845 2444 3018 2499 ﬁunt?
3048 2444 3104 2498 Si
3137 2459 3233 2513 pro
3259 2458 3388 2496 san~

1817 2547 1917 2600 rtis
1937 2546 2160 2609 dixerit,
2207 2544 2376 2598 falsus
2407 2553 2489 2597 est
2525 2555 2704 2596 sermo
2744 2555 2756 2590 :
2788 2539 3070 2593 manifesta
3097 2547 3179 2591 est
3209 2548 3258 2590 et
3295 2551 3387 2604 pa-

1821 2650 1932 2691 rata
1965 2638 2291 2691 continuatio.
2335 2635 2634 2704 Gregorius
2666 2631 2925 2702 Dialogus
2952 2631 3005 2683 in
3039 2630 3384 2699 Dialogorum

1816 2733 1957 2788 libro
1979 2733 2043 2786 ad
2075 2731 2320 2792 Petrum,
2355 2729 2434 2783 ait
2468 2744 2480 2780 :
2522 2747 2539 2779 ι
2575 2728 2637 2781 Ει
2671 2739 2848 2782 tamen
2876 2726 2996 2781 luce
3026 2725 3226 2780 clarius
3255 2739 3388 2778 con-

1814 2835 1942 2887 stat,
1969 2825 2092 2894 quia
2121 2822 2486 2892 perfecturum
2539 2821 2733 2874 anima:
2767 2835 2890 2874 mox
2916 2829 2972 2872 ut
3001 2819 3164 2886 hujus
3191 2816 3380 2872 carnis

1812 2917 2051 2971 claustra
2091 2922 2337 2981 exeunt,
2378 2915 2434 2967 in
2479 2912 2720 2967 cmlestis
2773 2909 2925 2980 regni
2977 2909 3202 2965 sedibus
3243 2909 3381 2962 reci-

1813 3009 2055 3078 piuntur.
2109 3025 2126 3057 ›
2172 3005 2228 3060 Si
2257 3005 2424 3070 igitur
2476 3005 2529 3058 in
2585 3002 2887 3057 cmlestinm
2939 3001 3160 3056 sedibus
3191 3012 3241 3053 et
3276 3015 3383 3054 una

1812 3120 1936 3160 cum
1970 3103 2187 3159 Christo
2217 3113 2366 3166 sunt,
2411 3117 2508 3171 pro
2543 3101 2607 3154 iis
2637 3115 2742 3153 non
2774 3115 2910 3167 opus
2942 3107 3024 3153 est
3058 3096 3385 3158 oblationes,

1812 3197 1893 3249 vel
1921 3196 2219 3267 placentas,
2249 3202 2301 3246 et
2334 3207 2430 3262 pro
2465 3192 2703 3260 peccatis
2727 3190 2997 3244 sacrificia
3025 3187 3220 3241 oﬂ'crre
3247 3187 3379 3240 Deo.

1735 3267 1780 3328 ο
1816 3285 1868 3339 Si
1907 3300 2032 3339 vero
2064 3298 2158 3352 pro
2191 3283 2256 3337 iis
2291 3283 2384 3348 qui
2424 3281 2478 3334 in
2523 3281 2734 3334 inferno
2775 3280 3087 3332 detinentur
3135 3277 3340 3331 dixeris
3366 3314 3380 3334 .

1817 3392 1915 3430 nec
1946 3376 1997 3429 id
2033 3390 2222 3428 verum
2250 3381 2354 3435 est,
2374 3373 2484 3426 imo
2508 3385 2604 3426 nec
2633 3381 2684 3424 ιιι
2716 3371 2830 3439 ipse
2856 3370 3002 3424 dices
3034 3368 3138 3423 nisi
3168 3368 3383 3436 penitus

1817 3467 2136 3527 insanieris;
2171 3463 2216 3519 si
2249 3480 2377 3519 vero
2406 3480 2530 3528 non,
2580 3472 2631 3516 et
2665 3463 2818 3517 dives
2850 3462 2978 3515 dum
3021 3461 3074 3514 in
3108 3461 3232 3528 igne
3268 3469 3381 3514 tor-

1815 3570 1984 3622 retur,
2009 3559 2208 3615 stillam
2235 3572 2388 3626 aquae
2422 3556 2768 3610 obtinuisset.
2796 3553 2862 3607 At
2902 3553 3005 3607 hoc
3037 3568 3380 3621 nequaquam

1814 3663 1916 3705 est.
1958 3649 2323 3716 Quamobrem
2381 3647 2581 3701 invitus
2634 3657 2684 3699 et
2744 3647 2935 3700 nolens
2969 3660 3065 3714 pro
3101 3646 3294 3700 mediis
3328 3646 3380 3699 id

1816 3745 1927 3800 lieli
1957 3742 2322 3798 conﬁteberis.
2361 3744 2429 3794 At
2467 3754 2563 3808 pro
2594 3738 2831 3808 quibus?
2859 3737 2962 3790 Pro
2986 3719 3253 3798 ﬁdelibus,
3287 3753 3383 3805 pm

1816 3835 2234 3903 paenitentibus,
2274 3848 2372 3900 pro
2414 3832 2611 3899 quibus
2639 3829 2747 3895 jam
2784 3844 2924 3897 smpe
2951 3827 3209 3882 diximus.
3244 3829 3386 3891 Qua-

1816 3941 1939 3979 nam
1973 3925 2041 3980 de
2082 3939 2250 3979 causa
2281 3934 2334 3978 et
2371 3922 2506 3975 cur?
2538 3921 2609 3976 Ut
2648 3921 2816 3974 Deum
2842 3920 2899 3974 in
2932 3934 3119 3973 corum
3151 3920 3381 3987 gratiam

1814 4018 2016 4086 places,
2043 4025 2097 4070 et
2133 4016 2277 4084 quod
2315 4015 2389 4068 illi
2418 4015 2545 4067 dum
2575 4015 2814 4066 viverent
2850 4021 3108 4079 praestare
3144 4026 3248 4064 non
3285 4026 3368 4076 po-

1816 4115 2060 4168 tuerunt,
2085 4115 2142 4160 tu
2171 4121 2270 4174 pro
2297 4105 2405 4159 illis
2451 4103 2773 4173 adimpleas.
2807 4099 2950 4165 Non,
2984 4101 3161 4168 inquit
3189 4100 3382 4151 adver-

1813 4201 2012 4263 sarius,
2036 4215 2142 4253 non
2177 4208 2395 4266 propter
2422 4197 2546 4260 hoc,
2579 4196 2673 4250 sed
2710 4195 2763 4248 in
2783 4196 3011 4263 gratiam
3037 4193 3385 4248 sacerdotum

1816 4293 1865 4346 id
1903 4292 2211 4346 institutum
2239 4297 2340 4351 est,
2371 4299 2429 4342 ut
2451 4297 2504 4342 et
2533 4288 2636 4356 ipsi
2674 4287 2919 4355 praesidia
2961 4285 3080 4338 vita:
3103 4285 3204 4339 sibi
3230 4299 3382 4338 com-

1815 4396 2030 4452 parcnt,
2085 4381 2393 4434 oblationes
2444 4389 2497 4433 et
2545 4381 2919 4446 eleemosynas
2965 4376 3303 4443 accipiendo.
3338 4373 3382 4427 Ο

1814 4475 2107 4535 insaniam,
2142 4491 2173 4526 υ
2212 4471 2596 4526 stoliditatem!
2626 4470 2730 4534 vel,
2768 4478 2825 4522 ιιι
2855 4469 3025 4536 magis
3060 4467 3273 4534 proprie
3302 4465 3385 4518 di-

1815 4584 1956 4630 cam,
1992 4582 2025 4619 ο
2060 4565 2453 4634 impudentiam
2482 4572 2536 4619 et
2565 4560 2994 4630 blasphemiam!
3043 4559 3131 4612 Dei
3177 4572 3377 4626 sponsa

874 1650 964 1714 (Γ.

211 1740 287 1791 (νῦ
323 1757 490 1810 φησιν
523 1742 550 1792 ὁ
589 1741 702 1801 τοῖς
749 1739 887 1800 νέοις
923 1735 1251 1809 βωμολόχοις
1291 1734 1558 1804 ἑπόμενος
1582 1749 1596 1764 ·
1624 1730 1712 1783 οὐ·

128 1834 301 1901 δεμία
356 1832 594 1900 ὠφέλειά
630 1835 747 1885 ἐστι
799 1832 910 1891 τοῖς
952 1828 1366 1899 κατοιχομένοις
1413 1826 1533 1879 οὐδὲ
1583 1823 1712 1893 βοή-

129 1927 283 1978 θεια.
348 1926 446 1979 Διὰ
515 1925 673 1977 τοῦτο
737 1925 844 1994 γὰρ
898 1923 994 1975 καὶ
1049 1923 1300 1993 ἣργησαν
1359 1918 1459 1981 τὰς
1509 1916 1713 1970 τούτων
1753 1951 1791 2006 Β

133 2021 365 2090 μνήμας
390 2035 402 2049 ’
427 2019 473 2072 εἰ
490 2019 546 2072 δέ
572 2021 740 2084 ἐστιν,
766 2018 943 2088 ἐῶμεν
965 2017 1118 2082 αὐτὸ,
1149 2015 1299 2084 φασὶ,
1326 2016 1388 2084 τῇ
1415 2011 1723 2077 εὐσπλαγχ-

130 2116 228 2186 νξᾳ
288 2113 386 2168 τοῦ
429 2113 588 2168 Θεοῦ.
637 2113 830 2184 Ἦμείς
868 2112 926 2165 δὲ
958 2111 1091 2183 πρὸς
1121 2110 1317 2171 αὐτοὺς
1353 2106 1622 2177 ἐροῦμεν·
1653 2105 1718 2156 Τί

127 2210 338 2277 δηλοῦν
379 2208 629 2279 βούλεται
667 2207 734 2260 τὰ
764 2204 1178 2277 τεσσαρακοστά
1197 2219 1212 2235 ο
1257 2202 1318 2255 ατ
1349 2219 1405 2254 τε
1438 2200 1580 2254 κατὰ
1609 2200 1717 2251 πᾶν

129 2301 421 2356 Σάϐϐατον
455 2303 666 2369 μνεῖαιο
700 2301 763 2353 αῖ
788 2317 843 2352 τε
872 2297 1206 2370 προσφοραὶ,
1237 2295 1329 2348 καὶ
1355 2294 1411 2347 αἱ
1452 2291 1572 2346 κατ’
1598 2291 1716 2351 ἔτος

130 2395 428 2462 γινόμεναι
459 2393 676 2463 μνῆμαι
709 2394 803 2444 καὶ
839 2389 1056 2443 τελεταὶ
1097 2388 1206 2440 τῶν
1253 2385 1674 2455 κεκοιμημένων
1695 2399 1710 2414 ο

34 2477 38 2480 ’
125 2489 284 2549 τίνος
316 2486 534 2550 ἓνεκεν;
579 2483 720 2553 ὑπὲρ
753 2485 916 2536 τίνων
948 2498 962 2548 ;
1013 2481 1104 2532 καὶ
1139 2479 1226 2533 διὰ
1269 2478 1322 2532 τί
1363 2479 1632 2538 ποιεῖται;
1666 2476 1714 2527 ει

131 2581 245 2646 μὲν
275 2578 384 2646 γὰρ
433 2577 576 2644 ὑπὲρ
605 2575 715 2628 τῶν
767 2575 940 2642 ἁγίων
993 2572 1174 2644 εἴπῃς,
1224 2569 1427 2640 ψευδὴς
1453 2570 1481 2620 ὁ
1510 2568 1664 2634 λόγος
1696 2583 1708 2598 ·

127 2671 428 2740 προφανὴς
459 2667 753 2735 γενήσεταί
789 2683 870 2719 σοι
900 2667 928 2720 ὁ
954 2665 1193 2733 ἔλεγχος,
1225 2661 1319 2715 καὶ
1348 2662 1489 2714 κατὰ
1525 2659 1710 2722 πόδαςο

124 2757 438 2828 Γρηγόριος
482 2757 512 2809 δ
545 2755 806 2824 Διάλογος
853 2756 911 2807 ὲν
944 2755 1023 2825 τῷ
1060 2754 1251 2824 βιϐλίῳ
1298 2753 1406 2806 τῶν
1431 2750 1710 2817 Διαλόγων

37 2893 40 2896 .
124 2849 277 2918 πρὶς
314 2850 519 2919 Πέτρον
580 2848 713 2918 φησί
742 2863 758 2879 ⁸
797 2865 815 2899 ι
846 2847 1298 2916 Τετελειωμένων
1325 2844 1498 2913 ἁγίων
1525 2843 1581 2897 αἱ
1609 2842 1712 2912 ψυ·

34 2992 35 2995 η
125 2943 251 3011 χαὶ,
279 2941 444 3004 εὐθὺς
473 2942 636 3008 ἡνίκα
667 2941 777 2993 τῶν
809 2941 906 3009 τῆς
939 2941 1143 3009 σαρκὸς
1186 2938 1452 3004 κλείθρων
1482 2936 1711 3002 ἐξέλθω-

34 3087 35 3090 .
129 3053 251 3096 σιν,
307 3037 364 3086 ὲν
444 3035 565 3094 ταῖς
619 3032 901 3101 οὐρανίαις
959 3031 1252 3099 καθέδραις
1316 3027 1706 3095 ὑποδέχονται,

34 3155 48 3176 ι.
123 3125 523 3194 φανερώτεραι
553 3125 646 3177 τοῦ
695 3125 875 3193 φωτὸς
919 3125 1335 3193 καθεστηκυῖαι.
1374 3141 1393 3173 ι
1435 3122 1494 3175 Εἰ
1525 3118 1617 3172 οὖν
1649 3120 1704 3171 ὲν

41 3248 50 3253 -
118 3217 256 3275 ταῖς
311 3215 593 3286 οὐρανίαις
638 3215 934 3286 καθέδραις
989 3216 1080 3268 καὶ
1139 3213 1275 3283 μετὰ
1322 3211 1414 3265 τοῦ
1465 3207 1705 3279 Χριστοῦ

47 3341 54 3349 -
118 3311 297 3373 εἰσιν,
343 3309 402 3362 οὐ
451 3310 608 3378 χρεία
626 3309 764 3378 ὑπὲρ
793 3308 1018 3361 ἐκείνων
1068 3305 1409 3376 προσφορὰς.
1444 3304 1702 3363 κόλλυεα,

34 3453 37 3464 ,
117 3399 224 3453 καὶ
260 3400 455 3463 Θυσίας
488 3399 627 3468 ὑπὲρ
673 3399 960 3468 ἁμαρτιῶν
1001 3398 1335 3468 προσφέρειν
1379 3397 1497 3464 Θεῷ
1523 3413 1536 3427 ·
1569 3396 1619 3449 εί
1653 3396 1710 3448 δὲ

37 3521 56 3562 ιε
120 3493 277 3560 ὑπὲρ
319 3491 428 3542 τῶν
471 3493 527 3542 ἐν
561 3490 662 3560 ᾅδῃ
709 3489 1088 3558 κατεχομένων
1124 3489 1300 3551 εἴποις
1334 3489 1419 3553 ἂν,
1471 3489 1566 3542 καὶ
1592 3488 1710 3540 οὐδὲ

45 3613 60 3657 ξ.
117 3583 298 3635 τοῦτο
352 3583 582 3651 ἁληθὲςο
623 3582 823 3652 μᾶλλον
861 3582 919 3634 δὲ
961 3581 1077 3634 οὐδὲ
1118 3581 1180 3633 σὺ
1227 3581 1383 3634 τοῦτο
1413 3583 1629 3649 φήσεις,
1661 3582 1711 3631 εἰ

41 3745 68 3753 ,.
125 3676 210 3744 μὴ
249 3675 461 3744 σφόδρα
494 3675 755 3742 μανείηςο
790 3677 838 3728 εί
869 3674 924 3727 δὲ
958 3674 1056 3742 μὴ,
1115 3674 1210 3726 καὶ
1255 3676 1283 3727 ὁ
1313 3673 1562 3734 πλούσιος
1592 3673 1712 3725 ἔτυ-

34 3807 54 3850 ηὶ
119 3789 228 3839 χεν
258 3771 330 3823 ἂν
364 3770 614 3834 σταγόνος
644 3767 853 3830 ὓδατος,
879 3769 936 3820 ὲν
958 3770 1020 3834 τῇ
1049 3767 1206 3833 φλογὶ
1227 3768 1537 3834 καιόμενος.
1567 3765 1711 3818 Ἀλλ’

75 3927 78 3929 Δ
112 3864 228 3914 οὐκ
262 3861 385 3913 ἔστι
413 3860 588 3923 τοῦτο,
632 3861 731 3913 οὐκ
799 3859 933 3912 ἔστι.
984 3859 1144 3910 Ὥστε
1178 3857 1315 3927 ὑπὲρ
1345 3856 1452 3909 τῶν
1507 3857 1708 3924 μέσων,

43 3939 287 4026 ’,ἄκων
355 3951 444 4002 καὶ
513 3951 587 4020 μὴ
652 3949 979 4020 βουλόμενος
1045 3947 1400 4016 ὁμολογήσεις
1459 3946 1708 4012 γίνεσθαι

61 4044 334 4116 ταῦτα.
384 4040 556 4106 ’Υπὲρ
583 4041 749 4092 τίνων
799 4039 852 4090 δέ
887 4054 900 4104 ;
941 4037 1113 4106 ’Υπὲρ
1145 4035 1370 4100 πιστῶν,
1419 4035 1557 4102 ὑπὲρ
1602 4035 1709 4086 τῶν

48 4120 595 4214 ἑξμετανοησάντων
621 4145 635 4159 ·
670 4130 810 4194 ὑπὲρ
858 4122 931 4181 ὧν
967 4126 1228 4188 πολλάκις
1270 4126 1519 4195 εἴπομεν.
1551 4125 1710 4186 Τίνος

47 4215 322 4298 ’,λένεκεν
355 4225 444 4276 καὶ
471 4223 559 4276 διὰ
589 4223 641 4274 τί
668 4238 683 4282 ;
715 4222 832 4274 Ἵνα.
860 4219 1149 4288 ἐξιλεὼσῃς
1176 4219 1237 4270 τὸ
1267 4218 1412 4269 Θεῖον
1445 4217 1585 4285 ὑπὲρ
1609 4217 1706 4269 αύ-

111 4319 230 4370 τῶν
262 4333 278 4345 ·
323 4318 416 4368 καὶ
452 4317 588 4382 ὅπερ
626 4315 724 4366 οὐκ
759 4311 1000 4379 ἔφθασαν
1051 4312 1247 4362 ἐκεῖνοι
1286 4309 1486 4372 ζῶντες
1524 4309 1707 4359 ἱκανοί-

81 4393 385 4475 νιτοιῆσπι,
422 4406 486 4458 σὺ
520 4404 660 4471 ὑπὲρ
689 4404 866 4455 αὐτῶν
899 4399 1345 4468 ἀναπληρώσεις.
1380 4398 1453 4450 Οῦ
1488 4414 1652 4465 φησιν
1680 4399 1707 4448 ὁ

51 4497 402 4562 ”ξ.να.ντίος,
434 4498 494 4549 οὐ
527 4496 612 4548 διὰ
649 4495 807 4547 τοῦτο
835 4511 848 4525 ·
882 4493 994 4546 ἀλλ’
1018 4493 1163 4560 ὑπὲρ
1191 4492 1299 4544 τῶν
1329 4490 1521 4559 ἱερέων
1553 4487 1708 4540 τοῦτο

74 4575 363 4670 ἐτάχθη,
416 4588 503 4641 ἵνα
558 4589 654 4640 καὶ
714 4586 870 4640 αὐτοὶ
924 4583 1130 4647 ζῶσιν,
1186 4584 1556 4650 ἐλεημοσύνας
1615 4581 1707 4631 καὶ
1743 4627 1781 4680 D

34 4650 454 4754 ιπςροέφορὰς
509 4677 900 4747 λαμδάνοντεςι
941 4676 1006 4726 Ὢ
1058 4674 1159 4742 τῆς
1219 4671 1453 4742 μανίαςί
1505 4669 1549 4722 ὣ
1613 4670 1706 4738 τῆς

1817 4658 2183 4720 immaculata,
2203 4655 2458 4725 omnique
2480 4653 2898 4723 reprehensione
2923 4653 3169 4722 superior
3196 4650 3382 4704 Eccle-

35 4755 312 4840 ²’Ῐί’,νοία;
351 4773 366 4826 i
407 4772 477 4824 Ἤ
516 4769 839 4837 οἰκειότερον
885 4767 1078 4829 εἰπεῖν,
1103 4763 1147 4816 ὣ
1176 4765 1272 4834 τῆς
1304 4762 1580 4823 ἀναιδείας
1617 4762 1712 4815 καὶ

1815 4749 1916 4812 sia,
1954 4747 2322 4801 misericordis
2352 4755 2404 4801 et
2433 4746 2542 4800 veri
2571 4745 2661 4799 Dei
2691 4745 2948 4814 prmdicat
2975 4760 3207 4797 errores.
3238 4743 3379 4795 Mma

34 4836 94 4902 ιέίί
120 4862 506 4934 φασφημίαςῑ
557 4859 620 4911 Ἦ
651 4836 905 4912 τοῦθεοῦ
937 4855 1166 4917 ἄσπιλος
1196 4853 1404 4922 νύμφη.
1439 4854 1471 4921 ἡ
1515 4851 1708 4921 μώμθυ

1814 4841 1940 4894 [iant
1967 4840 2156 4896 dolosa
2193 4840 2331 4892 labia
2378 4852 2498 4908 quae
2529 4837 2787 4891 adversus
2829 4836 2921 4890 Dei
2951 4836 3250 4905 loquuntur
3283 4837 3383 4888 Ec~

40 4944 106 5005 νεῖ
135 4958 336 5018 ⁸αυτὸς
372 4953 619 5023 ἀνωτέρα
657 4949 978 5019 Ἐκκλησία,
1005 4947 1098 5000 τοῦ
1130 4946 1587 5015 πανοικτίρμονος
1612 4946 1704 4998 καὶ

1814 4934 2060 4988 elesiam.
2093 4932 2208 4986 Non
2262 4933 2405 4986 enim
2455 4938 2514 4984 ut
2571 4930 2696 4982 inde
2731 4930 2833 4983 sibi
2870 4929 3073 4982 victum
3125 4938 3377 4997 pararent

49 5029 104 5087 55'"
136 5046 394 5120 ληοινοῦ
421 5022 578 5110 Θεοῦ,
610 5041 871 5112 κηρύττει
903 5039 1151 5109 πλάνην;
1185 5036 1392 5090 Ἀλαλα
1421 5035 1707 5103 γενηθήτω

1815 5027 2148 5089 sacerdotes,
2191 5025 2241 5079 id
2268 5023 2511 5078 Ecclesia
2545 5024 2824 5078 c0nstituit
2853 5038 2867 5088 ;
2903 5037 3024 5076 nam
3061 5022 3110 5076 id
3141 5025 3378 5092 cogitatu

35 5131 166 5200 ,ῑιιίᾶ
199 5115 388 5194 ⁷διειλια
427 5135 603 5206 χείλη,
640 5134 708 5186 τὰ
748 5132 888 5184 κατὰ
923 5130 1026 5199 τῆς
1068 5125 1163 5181 τοῦ
1196 5125 1332 5180 Θεοῦ
1372 5125 1704 5192 Ἐκκλησίας

1814 5120 1988 5174 solum
2021 5118 2244 5187 impium
2277 5133 2339 5172 ac
2370 5117 2588 5186 penitus
2617 5118 2841 5170 stultum
2874 5127 2974 5180 est,
3007 5115 3102 5170 sed
3139 5115 3192 5168 in
3236 5117 3383 5169 utili—

34 5221 422 5288 ετιί-’τιλοῦντι
455 5227 529 5280 Ού
560 5226 668 5294 γάρ
694 5223 782 5276 διὰ
810 5223 870 5274 τὸ
896 5223 1019 5282 τοὺς
1046 5220 1209 5289 ἱερεῖς
1236 5218 1337 5287 ζῇν
1396 5219 1425 5286 ἡ
1479 5216 1707 5284 Ἐκκλη-

1816 5219 1978 5264 tatem
2019 5219 2359 5263 mortuorum
2394 5209 2666 5265 sancitum
2696 5218 2800 5274 est,
2838 5220 2893 5262 ut
2925 5223 3067 5276 saepe
3097 5207 3334 5262 diximus
3362 5224 3378 5271 ;

34 5318 114 5383 ;,
153 5346 194 5383 α.
247 5317 568 5391 προσέταξε
597 5316 754 5369 τοῦτο
790 5313 1082 5382 γίνεσθαι·
1125 5310 1281 5362 τοῦτο
1307 5309 1414 5378 γὰρ
1449 5309 1542 5361 καὶ
1586 5308 1709 5374 νοῆ-

1817 5319 1917 5356 nec
1945 5302 2190 5371 pluribus
2232 5301 2414 5356 verbis
2441 5309 2526 5354 est
2555 5316 2715 5363 opus.
2749 5301 2792 5353 si
2833 5317 3000 5354 unum
3033 5301 3110 5354 vel
3149 5301 3375 5354 alterum

39 5412 194 5476 ιιῖλθιι
244 5413 428 5485 μόνον
463 5407 654 5469 ἀσεϐές
676 5409 815 5471 ἐστι,
847 5406 938 5457 καὶ
973 5404 1200 5471 ἀνόητον
1235 5400 1544 5460 παντελῶςο
1569 5398 1706 5450 ἀλλὰ

1816 5396 2186 5449 testimonium
2222 5393 2503 5457 addidero,
2537 5407 2656 5462 qum
2690 5392 2882 5446 ultimo
2914 5395 3034 5446 loco
3065 5393 3377 5457 reservavi;

34 5511 244 5577 ,ιςιαὸς
316 5501 593 5569 ὠφέλειαν
623 5497 733 5550 τῶν
789 5495 1208 5565 κεκοιμημένων
1261 5489 1705 5560 νενομοθέτηται,

1814 5488 2008 5542 deinde
2068 5487 2268 5542 vestris
2330 5486 2733 5553 objectionibus
2799 5484 3270 5554 respondebimus,
3326 5493 3380 5536 et

34 5577 165 5673 έξᾲτις
200 5595 492 5653 πολλάκις
544 5591 778 5659 εἴρηται.
819 5588 926 5640 Καὶ
961 5587 1018 5638 ού
1053 5584 1134 5636 δεῖ
1178 5582 1516 5649 πολυλογεῖν.
1557 5581 1703 5642 Μιᾶς

1814 5580 2046 5634 orationi
2068 5580 2226 5633 tinem
2261 5580 2624 5650 imponemus.
2650 5579 2942 5647 Gregorius
2975 5578 3247 5644 DiaIOgus,
3281 5577 3379 5630 Ec-

167 5707 285 5760 νης
339 5685 370 5754 ἢ
414 5685 507 5736 καὶ
557 5681 649 5734 δύο
699 5678 1004 5749 μνησθέντα
1043 5675 1378 5745 μαρτυριῶν,
1428 5672 1492 5733 ἃς
1526 5672 1708 5724 τελευ-

1814 5671 1988 5726 clesiaa
2015 5672 2108 5725 Dei
2143 5687 2360 5740 praeses,
2387 5670 2544 5737 cujus
2576 5681 2733 5723 antea
2772 5671 2998 5724 fecimus
3025 5670 3376 5733 mentionem,

163 5791 259 5839 ἰον
317 5777 777 5846 ἐταμιευσάμην·
817 5767 918 5824 εἶθ’
969 5771 1109 5822 οὕτω
1157 5770 1292 5837 πρὸς
1336 5768 1402 5819 τὰ
1435 5767 1708 5834 προτεινό-

1814 5768 1862 5820 ἱιι
1897 5768 2145 5821 oratioue
2189 5778 2245 5821 et
2291 5767 2426 5820 libro
2464 5766 2813 5832 Dialogorum
2845 5765 3100 5834 prmdieto
3131 5766 3211 5819 sic
3243 5765 3319 5818 ait
3355 5780 3370 5817 :

170 5897 246 5933 να
317 5873 455 5938 παρ’
500 5869 650 5939 ὑμῶν
715 5865 1178 5936 ἁποκριθήσωμαι,
1229 5864 1320 5914 καὶ
1372 5860 1509 5912 οὕτω
1541 5875 1705 5910 κατα-

1816 5877 1833 5910 ι
1873 5862 1913 5912 Λ
1945 5870 1996 5916 te
2028 5871 2170 5930 peto,
2209 5859 2515 5916 beatissime
2544 5858 2723 5924 Pater,
2770 5857 3030 5927 quidnam
3065 5874 3184 5914 esse
3217 5868 3369 5927 pote-
