  <div class='ocr_page' id='page_1' title='image "/cluster/home/n/w/nwhite01/storage/ocr_20150623/159/nnc1.0046980628/640.png"; bbox 0 0 4160 6424; ppageno 0'>
   <div class='ocr_carea' id='block_1_1' title="bbox 184 348 290 413">
    <p class='ocr_par' dir='ltr' id='par_1_1' title="bbox 184 348 290 413">
     <span class='ocr_line' id='line_1_1' title="bbox 184 348 290 413; baseline 0 0"><span class='ocrx_word' id='word_1_1' title='bbox 184 348 290 413; x_wconf 76' lang='grc'><strong>1261</strong></span> 
     </span>
    </p>
   </div>
   <div class='ocr_carea' id='block_1_2' title="bbox 816 346 1811 409">
    <p class='ocr_par' dir='ltr' id='par_1_2' title="bbox 816 346 1811 409">
     <span class='ocr_line' id='line_1_2' title="bbox 816 346 1811 409; baseline 0 -1"><span class='ocrx_word' id='word_1_2' title='bbox 816 349 965 408; x_wconf 77' lang='lat' dir='ltr'><strong>PRO</strong></span> <span class='ocrx_word' id='word_1_3' title='bbox 1001 347 1206 407; x_wconf 83' lang='lat' dir='ltr'><strong>CUNC.</strong></span> <span class='ocrx_word' id='word_1_4' title='bbox 1242 346 1614 409; x_wconf 79' lang='lat' dir='ltr'><strong>FLOBENT.</strong></span> <span class='ocrx_word' id='word_1_5' title='bbox 1654 347 1811 408; x_wconf 83' lang='lat' dir='ltr'><strong>CAP.</strong></span> 
     </span>
    </p>
   </div>
   <div class='ocr_carea' id='block_1_3' title="bbox 1859 347 3394 419">
    <p class='ocr_par' dir='ltr' id='par_1_3' title="bbox 1859 347 3394 419">
     <span class='ocr_line' id='line_1_3' title="bbox 1859 347 3394 419; baseline 0.007 -12"><span class='ocrx_word' id='word_1_6' title='bbox 1859 349 1965 407; x_wconf 91' lang='lat' dir='ltr'><strong>IlI.</strong></span> <span class='ocrx_word' id='word_1_7' title='bbox 2016 349 2112 407; x_wconf 84' lang='lat' dir='ltr'><strong>DE</strong></span> <span class='ocrx_word' id='word_1_8' title='bbox 2148 347 2666 407; x_wconf 76' lang='lat' dir='ltr'><strong>PURGATORIU.</strong></span> <span class='ocrx_word' id='word_1_9' title='bbox 3261 355 3394 419; x_wconf 74' lang='grc'><strong>1262</strong></span> 
     </span>
    </p>
   </div>
   <div class='ocr_carea' id='block_1_4' title="bbox 176 456 1727 530">
    <p class='ocr_par' dir='ltr' id='par_1_4' title="bbox 176 456 1715 530">
     <span class='ocr_line' id='line_1_4' title="bbox 176 456 1715 530; baseline -0.001 -17"><span class='ocrx_word' id='word_1_10' title='bbox 176 460 575 530; x_wconf 76' lang='grc' dir='ltr'>κολασθήσεται·</span> <span class='ocrx_word' id='word_1_11' title='bbox 617 456 709 512; x_wconf 85' lang='grc' dir='ltr'>τοῦ</span> <span class='ocrx_word' id='word_1_12' title='bbox 742 459 903 529; x_wconf 82' lang='grc' dir='ltr'>ἔργου</span> <span class='ocrx_word' id='word_1_13' title='bbox 934 460 1009 521; x_wconf 81' lang='grc' dir='ltr'>ὡς</span> <span class='ocrx_word' id='word_1_14' title='bbox 1038 460 1191 523; x_wconf 80' lang='grc' dir='ltr'><strong>ἀξίου</strong></span> <span class='ocrx_word' id='word_1_15' title='bbox 1216 460 1529 529; x_wconf 72' lang='grc' dir='ltr'>ἀφανισμοῦ</span> <span class='ocrx_word' id='word_1_16' title='bbox 1566 476 1715 513; x_wconf 85' lang='grc' dir='ltr'>καιο-</span> 
     </span>
    </p>
   </div>
   <div class='ocr_carea' id='block_1_5' title="bbox 1828 456 3393 530">
    <p class='ocr_par' dir='ltr' id='par_1_5' title="bbox 1828 459 3393 530">
     <span class='ocr_line' id='line_1_5' title="bbox 1828 459 3393 530; baseline 0.006 -18"><span class='ocrx_word' id='word_1_17' title='bbox 1828 472 1914 526; x_wconf 86' lang='lat' dir='ltr'><strong>per</strong></span> <span class='ocrx_word' id='word_1_18' title='bbox 1949 459 2160 530; x_wconf 90' lang='lat' dir='ltr'><strong>ignem;</strong></span> <span class='ocrx_word' id='word_1_19' title='bbox 2193 467 2250 513; x_wconf 87' lang='lat' dir='ltr'><strong>ut</strong></span> <span class='ocrx_word' id='word_1_20' title='bbox 2280 474 2469 513; x_wconf 87' lang='lat' dir='ltr'><strong>aurum</strong></span> <span class='ocrx_word' id='word_1_21' title='bbox 2497 463 2539 515; x_wconf 97' lang='lat' dir='ltr'><strong>si</strong></span> <span class='ocrx_word' id='word_1_22' title='bbox 2576 462 2660 514; x_wconf 90' lang='lat' dir='ltr'><strong>cui</strong></span> <span class='ocrx_word' id='word_1_23' title='bbox 2688 460 2851 516; x_wconf 76' lang='lat' dir='ltr'><strong>fuerit</strong></span> <span class='ocrx_word' id='word_1_24' title='bbox 2893 462 3183 518; x_wconf 82' lang='lat' dir='ltr'><strong>admistum</strong></span> <span class='ocrx_word' id='word_1_25' title='bbox 3218 479 3393 522; x_wconf 88' lang='lat' dir='ltr'><strong>mate-</strong></span> 
     </span>
    </p>
   </div>
   <div class='ocr_carea' id='block_1_6' title="bbox 176 551 1720 621">
    <p class='ocr_par' dir='ltr' id='par_1_6' title="bbox 176 551 1720 621">
     <span class='ocr_line' id='line_1_6' title="bbox 176 551 1720 621; baseline -0.001 -17"><span class='ocrx_word' id='word_1_26' title='bbox 176 561 313 621; x_wconf 79' lang='grc' dir='ltr'>μενου</span> <span class='ocrx_word' id='word_1_27' title='bbox 340 552 431 603; x_wconf 74' lang='grc' dir='ltr'>καὶ</span> <span class='ocrx_word' id='word_1_28' title='bbox 457 551 857 620; x_wconf 77' lang='grc' dir='ltr'>ἀφανιζομένου</span> <span class='ocrx_word' id='word_1_29' title='bbox 884 568 897 581; x_wconf 85' lang='lat'><strong>&#39;</strong></span> <span class='ocrx_word' id='word_1_30' title='bbox 934 551 1095 613; x_wconf 75' lang='grc' dir='ltr'>αύτδς</span> <span class='ocrx_word' id='word_1_31' title='bbox 1119 552 1175 603; x_wconf 78' lang='grc' dir='ltr'><strong>δὲ</strong></span> <span class='ocrx_word' id='word_1_32' title='bbox 1209 552 1513 620; x_wconf 78' lang='grc' dir='ltr'>σωθήσεται</span> <span class='ocrx_word' id='word_1_33' title='bbox 1537 566 1549 577; x_wconf 89' lang='grc'><strong>·</strong></span> <span class='ocrx_word' id='word_1_34' title='bbox 1580 553 1720 603; x_wconf 72' lang='grc' dir='ltr'>οὕτω</span> 
     </span>
    </p>
   </div>
   <div class='ocr_carea' id='block_1_7' title="bbox 170 642 1719 713">
    <p class='ocr_par' dir='ltr' id='par_1_7' title="bbox 170 642 1719 713">
     <span class='ocr_line' id='line_1_7' title="bbox 170 642 1719 713; baseline 0 -18"><span class='ocrx_word' id='word_1_35' title='bbox 170 644 238 707; x_wconf 82' lang='grc' dir='ltr'><strong>δὲ,</strong></span> <span class='ocrx_word' id='word_1_36' title='bbox 267 642 334 705; x_wconf 78' lang='grc' dir='ltr'>ὡς</span> <span class='ocrx_word' id='word_1_37' title='bbox 365 642 450 696; x_wconf 78' lang='grc' dir='ltr'><strong>διὰ</strong></span> <span class='ocrx_word' id='word_1_38' title='bbox 495 643 684 713; x_wconf 84' lang='grc' dir='ltr'>πυρός.</span> <span class='ocrx_word' id='word_1_39' title='bbox 732 644 793 694; x_wconf 83' lang='grc' dir='ltr'>Εἰ</span> <span class='ocrx_word' id='word_1_40' title='bbox 826 644 882 696; x_wconf 81' lang='grc' dir='ltr'>δὲ</span> <span class='ocrx_word' id='word_1_41' title='bbox 930 642 1025 696; x_wconf 75' lang='grc' dir='ltr'>καὶ</span> <span class='ocrx_word' id='word_1_42' title='bbox 1065 642 1238 705; x_wconf 74' lang='grc' dir='ltr'>οὕτως</span> <span class='ocrx_word' id='word_1_43' title='bbox 1283 643 1465 713; x_wconf 74' lang='grc' dir='ltr'>εἴπῃς,</span> <span class='ocrx_word' id='word_1_44' title='bbox 1516 643 1614 695; x_wconf 83' lang='grc' dir='ltr'><strong>οὑκ</strong></span> <span class='ocrx_word' id='word_1_45' title='bbox 1655 644 1719 695; x_wconf 84' lang='grc' dir='ltr'><strong>ἂν</strong></span> 
     </span>
    </p>
   </div>
   <div class='ocr_carea' id='block_1_8' title="bbox 172 728 1718 805">
    <p class='ocr_par' dir='ltr' id='par_1_8' title="bbox 172 728 1718 805">
     <span class='ocr_line' id='line_1_8' title="bbox 172 728 1718 805; baseline -0.002 -18"><span class='ocrx_word' id='word_1_46' title='bbox 172 734 397 805; x_wconf 69' lang='grc' dir='ltr'>ἁμάρτῃς</span> <span class='ocrx_word' id='word_1_47' title='bbox 416 751 430 766; x_wconf 88' lang='grc'>·</span> <span class='ocrx_word' id='word_1_48' title='bbox 464 736 546 786; x_wconf 81' lang='grc' dir='ltr'>ὅτι</span> <span class='ocrx_word' id='word_1_49' title='bbox 570 728 776 796; x_wconf 71' lang='grc' dir='ltr'>οὗτινος</span> <span class='ocrx_word' id='word_1_50' title='bbox 797 734 858 786; x_wconf 80' lang='grc' dir='ltr'>τὸ</span> <span class='ocrx_word' id='word_1_51' title='bbox 886 734 1046 803; x_wconf 78' lang='grc' dir='ltr'>ἔργον</span> <span class='ocrx_word' id='word_1_52' title='bbox 1076 737 1245 803; x_wconf 74' lang='grc' dir='ltr'>μενεῖ,</span> <span class='ocrx_word' id='word_1_53' title='bbox 1269 736 1547 786; x_wconf 76' lang='grc' dir='ltr'><strong>τουτέστιν</strong></span> <span class='ocrx_word' id='word_1_54' title='bbox 1573 734 1718 795; x_wconf 78' lang='grc' dir='ltr'>ὅστις</span> 
     </span>
    </p>
   </div>
   <div class='ocr_carea' id='block_1_9' title="bbox 169 826 1717 896">
    <p class='ocr_par' dir='ltr' id='par_1_9' title="bbox 169 826 1717 896">
     <span class='ocr_line' id='line_1_9' title="bbox 169 826 1717 896; baseline -0.001 -17"><span class='ocrx_word' id='word_1_55' title='bbox 169 826 398 881; x_wconf 82' lang='grc' dir='ltr'>ἐντεῦθεν</span> <span class='ocrx_word' id='word_1_56' title='bbox 433 826 795 881; x_wconf 80' lang='grc' dir='ltr'><strong>ἀπελεύσεται</strong></span> <span class='ocrx_word' id='word_1_57' title='bbox 826 828 1206 896; x_wconf 77' lang='grc' dir='ltr'>ἁμαρτήματα</span> <span class='ocrx_word' id='word_1_58' title='bbox 1238 826 1379 893; x_wconf 79' lang='grc' dir='ltr'>ἔχων</span> <span class='ocrx_word' id='word_1_59' title='bbox 1414 826 1717 894; x_wconf 81' lang='grc' dir='ltr'>θανάσιμα,</span> 
     </span>
    </p>
   </div>
   <div class='ocr_carea' id='block_1_10' title="bbox 172 918 1719 990">
    <p class='ocr_par' dir='ltr' id='par_1_10' title="bbox 172 918 1719 990">
     <span class='ocr_line' id='line_1_10' title="bbox 172 918 1719 990; baseline -0.001 -19"><span class='ocrx_word' id='word_1_60' title='bbox 172 922 307 989; x_wconf 69' lang='grc' dir='ltr'>μενεῖ</span> <span class='ocrx_word' id='word_1_61' title='bbox 338 920 396 971; x_wconf 86' lang='grc' dir='ltr'>τὸ</span> <span class='ocrx_word' id='word_1_62' title='bbox 444 920 604 990; x_wconf 73' lang='grc' dir='ltr'>ἔργον</span> <span class='ocrx_word' id='word_1_63' title='bbox 653 919 729 982; x_wconf 83' lang='grc' dir='ltr'>ὡς</span> <span class='ocrx_word' id='word_1_64' title='bbox 760 918 921 989; x_wconf 82' lang='grc' dir='ltr'>βαρὺ,</span> <span class='ocrx_word' id='word_1_65' title='bbox 978 920 1198 988; x_wconf 80' lang='grc' dir='ltr'>σιδήρου</span> <span class='ocrx_word' id='word_1_66' title='bbox 1250 919 1497 988; x_wconf 83' lang='grc' dir='ltr'>δίκην,ἢ</span> <span class='ocrx_word' id='word_1_67' title='bbox 1547 919 1719 983; x_wconf 82' lang='grc' dir='ltr'>λίθου,</span> 
     </span>
    </p>
   </div>
   <div class='ocr_carea' id='block_1_11' title="bbox 165 1010 1721 1081">
    <p class='ocr_par' dir='ltr' id='par_1_11' title="bbox 165 1010 1721 1081">
     <span class='ocr_line' id='line_1_11' title="bbox 165 1010 1721 1081; baseline 0 -18"><span class='ocrx_word' id='word_1_68' title='bbox 165 1013 288 1079; x_wconf 83' lang='grc' dir='ltr'>ὅπερ</span> <span class='ocrx_word' id='word_1_69' title='bbox 335 1013 394 1064; x_wconf 82' lang='grc' dir='ltr'>οὐ</span> <span class='ocrx_word' id='word_1_70' title='bbox 430 1014 808 1080; x_wconf 77' lang='grc' dir='ltr'>καταφάγεται</span> <span class='ocrx_word' id='word_1_71' title='bbox 853 1013 1089 1073; x_wconf 65' lang='grc' dir='ltr'>εὐκόλως</span> <span class='ocrx_word' id='word_1_72' title='bbox 1121 1012 1180 1063; x_wconf 83' lang='grc' dir='ltr'>τὸ</span> <span class='ocrx_word' id='word_1_73' title='bbox 1226 1010 1337 1081; x_wconf 89' lang='grc' dir='ltr'>πῦρ</span> <span class='ocrx_word' id='word_1_74' title='bbox 1365 1031 1376 1043; x_wconf 88' lang='grc'><strong>·</strong></span> <span class='ocrx_word' id='word_1_75' title='bbox 1425 1012 1517 1065; x_wconf 69' lang='grc' dir='ltr'><strong>καὶ</strong></span> <span class='ocrx_word' id='word_1_76' title='bbox 1567 1012 1721 1074; x_wconf 78' lang='grc' dir='ltr'>οὗτος</span> 
     </span>
    </p>
   </div>
   <div class='ocr_carea' id='block_1_12' title="bbox 164 1102 1723 1173">
    <p class='ocr_par' dir='ltr' id='par_1_12' title="bbox 164 1102 1723 1173">
     <span class='ocr_line' id='line_1_12' title="bbox 164 1102 1723 1173; baseline 0.001 -20"><span class='ocrx_word' id='word_1_77' title='bbox 164 1104 375 1172; x_wconf 75' lang='grc' dir='ltr'>λήψεται</span> <span class='ocrx_word' id='word_1_78' title='bbox 410 1104 601 1172; x_wconf 83' lang='grc' dir='ltr'>μισθὸν</span> <span class='ocrx_word' id='word_1_79' title='bbox 636 1104 729 1156; x_wconf 91' lang='grc' dir='ltr'><strong>τοῦ</strong></span> <span class='ocrx_word' id='word_1_80' title='bbox 761 1104 921 1172; x_wconf 78' lang='grc' dir='ltr'>ἔργου</span> <span class='ocrx_word' id='word_1_81' title='bbox 964 1102 1152 1164; x_wconf 83' lang='grc' dir='ltr'>αὐτοῦ,</span> <span class='ocrx_word' id='word_1_82' title='bbox 1186 1110 1281 1173; x_wconf 82' lang='grc' dir='ltr'>τὴν</span> <span class='ocrx_word' id='word_1_83' title='bbox 1312 1105 1530 1156; x_wconf 79' lang='grc' dir='ltr'>αἰώνιον</span> <span class='ocrx_word' id='word_1_84' title='bbox 1562 1104 1723 1155; x_wconf 80' lang='grc' dir='ltr'>κόλα-</span> 
     </span>
    </p>
   </div>
   <div class='ocr_carea' id='block_1_13' title="bbox 165 1189 1718 1265">
    <p class='ocr_par' dir='ltr' id='par_1_13' title="bbox 165 1189 1718 1265">
     <span class='ocr_line' id='line_1_13' title="bbox 165 1189 1718 1265; baseline -0.001 -20"><span class='ocrx_word' id='word_1_85' title='bbox 165 1212 261 1249; x_wconf 86' lang='grc' dir='ltr'>σιν.</span> <span class='ocrx_word' id='word_1_86' title='bbox 291 1189 361 1249; x_wconf 79' lang='grc' dir='ltr'>Οῦ</span> <span class='ocrx_word' id='word_1_87' title='bbox 388 1196 445 1248; x_wconf 85' lang='grc' dir='ltr'><strong>δὲ</strong></span> <span class='ocrx_word' id='word_1_88' title='bbox 476 1195 536 1248; x_wconf 84' lang='grc' dir='ltr'>τὸ</span> <span class='ocrx_word' id='word_1_89' title='bbox 568 1195 729 1265; x_wconf 78' lang='grc' dir='ltr'>ἔργον</span> <span class='ocrx_word' id='word_1_90' title='bbox 769 1197 1199 1264; x_wconf 82' lang='grc' dir='ltr'>κατακαήσεται,</span> <span class='ocrx_word' id='word_1_91' title='bbox 1229 1196 1531 1264; x_wconf 81' lang='grc' dir='ltr'>σωθήσεται</span> <span class='ocrx_word' id='word_1_92' title='bbox 1555 1193 1718 1256; x_wconf 81' lang='grc' dir='ltr'>αὐτὸς</span> 
     </span>
    </p>
   </div>
   <div class='ocr_carea' id='block_1_14' title="bbox 161 1284 1717 1356">
    <p class='ocr_par' dir='ltr' id='par_1_14' title="bbox 161 1284 1717 1356">
     <span class='ocr_line' id='line_1_14' title="bbox 161 1284 1717 1356; baseline 0 -19"><span class='ocrx_word' id='word_1_93' title='bbox 161 1288 230 1348; x_wconf 84' lang='grc' dir='ltr'>ὡς</span> <span class='ocrx_word' id='word_1_94' title='bbox 264 1286 344 1338; x_wconf 82' lang='grc' dir='ltr'><strong>διὰ</strong></span> <span class='ocrx_word' id='word_1_95' title='bbox 392 1288 583 1354; x_wconf 86' lang='grc' dir='ltr'>πυρός.</span> <span class='ocrx_word' id='word_1_96' title='bbox 622 1287 832 1356; x_wconf 85' lang='grc' dir='ltr'>Ὠσπερ</span> <span class='ocrx_word' id='word_1_97' title='bbox 863 1287 958 1339; x_wconf 77' lang='grc' dir='ltr'><strong>καὶ</strong></span> <span class='ocrx_word' id='word_1_98' title='bbox 1004 1288 1064 1338; x_wconf 87' lang='grc' dir='ltr'>τὸ</span> <span class='ocrx_word' id='word_1_99' title='bbox 1095 1287 1334 1356; x_wconf 84' lang='grc' dir='ltr'>χρυσίον,</span> <span class='ocrx_word' id='word_1_100' title='bbox 1369 1286 1589 1338; x_wconf 67' lang='grc' dir='ltr'>ἐπειδὰν</span> <span class='ocrx_word' id='word_1_101' title='bbox 1619 1284 1717 1353; x_wconf 82' lang='grc' dir='ltr'><strong>μὲν</strong></span> 
     </span>
    </p>
   </div>
   <div class='ocr_carea' id='block_1_15' title="bbox 162 1374 1720 1447">
    <p class='ocr_par' dir='ltr' id='par_1_15' title="bbox 162 1374 1720 1447">
     <span class='ocr_line' id='line_1_15' title="bbox 162 1374 1720 1447; baseline -0.001 -20"><span class='ocrx_word' id='word_1_102' title='bbox 162 1380 398 1447; x_wconf 70' lang='grc' dir='ltr'>συμμιγῆ</span> <span class='ocrx_word' id='word_1_103' title='bbox 436 1378 535 1447; x_wconf 77' lang='grc' dir='ltr'><strong>ὕλῃ</strong></span> <span class='ocrx_word' id='word_1_104' title='bbox 564 1377 673 1429; x_wconf 74' lang='grc' dir='ltr'>τινὶ</span> <span class='ocrx_word' id='word_1_105' title='bbox 710 1378 971 1447; x_wconf 73' lang='grc' dir='ltr'><strong>ἀλλοτρίᾳ</strong></span> <span class='ocrx_word' id='word_1_106' title='bbox 1000 1377 1095 1444; x_wconf 78' lang='grc' dir='ltr'><strong>τῆς</strong></span> <span class='ocrx_word' id='word_1_107' title='bbox 1126 1375 1292 1428; x_wconf 79' lang='grc' dir='ltr'>αὐτοῦ</span> <span class='ocrx_word' id='word_1_108' title='bbox 1327 1376 1565 1443; x_wconf 85' lang='grc' dir='ltr'>φύσεως,</span> <span class='ocrx_word' id='word_1_109' title='bbox 1601 1374 1720 1426; x_wconf 82' lang='grc' dir='ltr'>κίϐ-</span> 
     </span>
    </p>
   </div>
   <div class='ocr_carea' id='block_1_16' title="bbox 153 1466 1718 1536">
    <p class='ocr_par' dir='ltr' id='par_1_16' title="bbox 153 1466 1718 1536">
     <span class='ocr_line' id='line_1_16' title="bbox 153 1466 1718 1536; baseline -0.001 -19"><span class='ocrx_word' id='word_1_110' title='bbox 153 1467 307 1535; x_wconf 74' lang='grc' dir='ltr'>δηλον</span> <span class='ocrx_word' id='word_1_111' title='bbox 339 1468 569 1533; x_wconf 83' lang='grc' dir='ltr'>γίνεται,</span> <span class='ocrx_word' id='word_1_112' title='bbox 604 1470 698 1520; x_wconf 72' lang='grc' dir='ltr'><strong>καὶ</strong></span> <span class='ocrx_word' id='word_1_113' title='bbox 732 1469 831 1536; x_wconf 83' lang='grc' dir='ltr'><strong>τῆς</strong></span> <span class='ocrx_word' id='word_1_114' title='bbox 871 1466 1095 1536; x_wconf 82' lang='grc' dir='ltr'><strong>πρώτης</strong></span> <span class='ocrx_word' id='word_1_115' title='bbox 1140 1466 1521 1534; x_wconf 66' lang='grc' dir='ltr'><strong>λαμπρότητος</strong></span> <span class='ocrx_word' id='word_1_116' title='bbox 1563 1466 1718 1517; x_wconf 81' lang='grc' dir='ltr'>ἐλατ-</span> 
     </span>
    </p>
   </div>
   <div class='ocr_carea' id='block_1_17' title="bbox 156 1556 1718 1625">
    <p class='ocr_par' dir='ltr' id='par_1_17' title="bbox 156 1556 1718 1625">
     <span class='ocr_line' id='line_1_17' title="bbox 156 1556 1718 1625; baseline 0 -18"><span class='ocrx_word' id='word_1_117' title='bbox 156 1557 431 1624; x_wconf 86' lang='grc' dir='ltr'>τούμενον,</span> <span class='ocrx_word' id='word_1_118' title='bbox 482 1557 840 1625; x_wconf 84' lang='grc' dir='ltr'>ἀχρειοῦται·</span> <span class='ocrx_word' id='word_1_119' title='bbox 894 1557 1326 1625; x_wconf 80' lang='grc' dir='ltr'>δοκιμαζόμενον</span> <span class='ocrx_word' id='word_1_120' title='bbox 1376 1557 1433 1608; x_wconf 78' lang='grc' dir='ltr'><strong>δὲ</strong></span> <span class='ocrx_word' id='word_1_121' title='bbox 1483 1556 1572 1609; x_wconf 82' lang='grc' dir='ltr'>διὰ</span> <span class='ocrx_word' id='word_1_122' title='bbox 1624 1556 1718 1608; x_wconf 92' lang='grc' dir='ltr'>τοῦ</span> 
     </span>
    </p>
   </div>
   <div class='ocr_carea' id='block_1_18' title="bbox 156 1646 1718 1717">
    <p class='ocr_par' dir='ltr' id='par_1_18' title="bbox 156 1646 1718 1717">
     <span class='ocr_line' id='line_1_18' title="bbox 156 1646 1718 1717; baseline 0 -17"><span class='ocrx_word' id='word_1_123' title='bbox 156 1649 399 1717; x_wconf 83' lang='grc' dir='ltr'>πυρὸς,ἡ</span> <span class='ocrx_word' id='word_1_124' title='bbox 435 1650 600 1703; x_wconf 75' lang='grc' dir='ltr'>κακία</span> <span class='ocrx_word' id='word_1_125' title='bbox 645 1648 826 1716; x_wconf 84' lang='grc' dir='ltr'>ἐκείνη</span> <span class='ocrx_word' id='word_1_126' title='bbox 873 1649 1087 1701; x_wconf 75' lang='grc' dir='ltr'>καίεται</span> <span class='ocrx_word' id='word_1_127' title='bbox 1113 1664 1126 1677; x_wconf 83' lang='lat'><strong><em>°</em></strong></span> <span class='ocrx_word' id='word_1_128' title='bbox 1158 1649 1253 1700; x_wconf 76' lang='grc' dir='ltr'>καὶ</span> <span class='ocrx_word' id='word_1_129' title='bbox 1298 1646 1591 1715; x_wconf 82' lang='grc' dir='ltr'>ἀφανισμῷ</span> <span class='ocrx_word' id='word_1_130' title='bbox 1621 1665 1718 1700; x_wconf 88' lang='grc' dir='ltr'>πα-</span> 
     </span>
    </p>
   </div>
   <div class='ocr_carea' id='block_1_19' title="bbox 156 1739 1718 1811">
    <p class='ocr_par' dir='ltr' id='par_1_19' title="bbox 156 1739 1718 1811">
     <span class='ocr_line' id='line_1_19' title="bbox 156 1739 1718 1811; baseline 0.001 -21"><span class='ocrx_word' id='word_1_131' title='bbox 156 1739 420 1806; x_wconf 84' lang='grc' dir='ltr'>ραδίδοται</span> <span class='ocrx_word' id='word_1_132' title='bbox 448 1756 461 1769; x_wconf 90' lang='grc'><strong>·</strong></span> <span class='ocrx_word' id='word_1_133' title='bbox 503 1740 564 1792; x_wconf 80' lang='grc' dir='ltr'><strong>τὸ</strong></span> <span class='ocrx_word' id='word_1_134' title='bbox 597 1740 653 1793; x_wconf 81' lang='grc' dir='ltr'><strong>δὲ</strong></span> <span class='ocrx_word' id='word_1_135' title='bbox 682 1740 911 1810; x_wconf 84' lang='grc' dir='ltr'>χρυσίον</span> <span class='ocrx_word' id='word_1_136' title='bbox 947 1741 1109 1793; x_wconf 82' lang='grc' dir='ltr'>πάλιν</span> <span class='ocrx_word' id='word_1_137' title='bbox 1142 1740 1238 1809; x_wconf 83' lang='grc' dir='ltr'>τὴν</span> <span class='ocrx_word' id='word_1_138' title='bbox 1281 1740 1555 1811; x_wconf 80' lang='grc' dir='ltr'>προτέραν</span> <span class='ocrx_word' id='word_1_139' title='bbox 1582 1742 1718 1793; x_wconf 69' lang='lat' dir='ltr'><strong>ino-</strong></span> 
     </span>
    </p>
   </div>
   <div class='ocr_carea' id='block_1_20' title="bbox 153 1830 1716 1902">
    <p class='ocr_par' dir='ltr' id='par_1_20' title="bbox 153 1830 1716 1902">
     <span class='ocr_line' id='line_1_20' title="bbox 153 1830 1716 1902; baseline 0.003 -22"><span class='ocrx_word' id='word_1_140' title='bbox 153 1830 414 1898; x_wconf 78' lang='grc' dir='ltr'>λαμϐάνει</span> <span class='ocrx_word' id='word_1_141' title='bbox 463 1832 847 1902; x_wconf 83' lang='grc' dir='ltr'><strong>λαμπρότητα.</strong></span> <span class='ocrx_word' id='word_1_142' title='bbox 887 1831 1045 1885; x_wconf 76' lang='grc' dir='ltr'>Οὕτω</span> <span class='ocrx_word' id='word_1_143' title='bbox 1093 1835 1185 1885; x_wconf 75' lang='grc' dir='ltr'><strong>καὶ</strong></span> <span class='ocrx_word' id='word_1_144' title='bbox 1218 1835 1250 1902; x_wconf 81' lang='grc' dir='ltr'>ἠ</span> <span class='ocrx_word' id='word_1_145' title='bbox 1291 1832 1458 1901; x_wconf 75' lang='grc' dir='ltr'>ψυχὴ,</span> <span class='ocrx_word' id='word_1_146' title='bbox 1499 1831 1588 1885; x_wconf 82' lang='grc' dir='ltr'><strong>διὰ</strong></span> <span class='ocrx_word' id='word_1_147' title='bbox 1624 1832 1716 1885; x_wconf 82' lang='grc' dir='ltr'><strong>τοῦ</strong></span> 
     </span>
    </p>
   </div>
   <div class='ocr_carea' id='block_1_21' title="bbox 152 1923 1719 1993">
    <p class='ocr_par' dir='ltr' id='par_1_21' title="bbox 152 1923 1719 1993">
     <span class='ocr_line' id='line_1_21' title="bbox 152 1923 1719 1993; baseline 0.001 -18"><span class='ocrx_word' id='word_1_148' title='bbox 152 1925 318 1992; x_wconf 70' lang='grc' dir='ltr'>πυρὸς</span> <span class='ocrx_word' id='word_1_149' title='bbox 351 1926 451 1993; x_wconf 82' lang='grc' dir='ltr'><strong>τῆς</strong></span> <span class='ocrx_word' id='word_1_150' title='bbox 496 1925 841 1993; x_wconf 82' lang='grc' dir='ltr'>καθάρσεως,</span> <span class='ocrx_word' id='word_1_151' title='bbox 880 1924 1231 1978; x_wconf 80' lang='grc' dir='ltr'>ἁποόαλοῦσα</span> <span class='ocrx_word' id='word_1_152' title='bbox 1270 1925 1364 1977; x_wconf 85' lang='grc' dir='ltr'>τὸν</span> <span class='ocrx_word' id='word_1_153' title='bbox 1401 1925 1595 1993; x_wconf 79' lang='grc' dir='ltr'>ῥύπον,</span> <span class='ocrx_word' id='word_1_154' title='bbox 1630 1923 1719 1991; x_wconf 82' lang='grc' dir='ltr'><strong>ὑφ’</strong></span> 
     </span>
    </p>
   </div>
   <div class='ocr_carea' id='block_1_22' title="bbox 150 2014 1718 2087">
    <p class='ocr_par' dir='ltr' id='par_1_22' title="bbox 150 2014 1718 2087">
     <span class='ocr_line' id='line_1_22' title="bbox 150 2014 1718 2087; baseline -0.001 -20"><span class='ocrx_word' id='word_1_155' title='bbox 150 2014 213 2067; x_wconf 68' lang='grc' dir='ltr'><strong>οἶ»</strong></span> <span class='ocrx_word' id='word_1_156' title='bbox 244 2018 304 2068; x_wconf 81' lang='grc' dir='ltr'><strong>ἐκ</strong></span> <span class='ocrx_word' id='word_1_157' title='bbox 354 2017 452 2087; x_wconf 81' lang='grc' dir='ltr'>τῆς</span> <span class='ocrx_word' id='word_1_158' title='bbox 510 2017 769 2087; x_wconf 78' lang='grc' dir='ltr'><strong>ἀμελείας</strong></span> <span class='ocrx_word' id='word_1_159' title='bbox 822 2019 916 2070; x_wconf 71' lang='grc' dir='ltr'><strong>καὶ</strong></span> <span class='ocrx_word' id='word_1_160' title='bbox 962 2017 1235 2086; x_wconf 76' lang='grc' dir='ltr'>ῥᾳθυμίας</span> <span class='ocrx_word' id='word_1_161' title='bbox 1282 2015 1718 2086; x_wconf 76' lang='grc' dir='ltr'>κατερρυποῦτο,</span> 
     </span>
    </p>
   </div>
   <div class='ocr_carea' id='block_1_23' title="bbox 152 2109 1718 2180">
    <p class='ocr_par' dir='ltr' id='par_1_23' title="bbox 152 2109 1718 2180">
     <span class='ocr_line' id='line_1_23' title="bbox 152 2109 1718 2180; baseline -0.001 -19"><span class='ocrx_word' id='word_1_162' title='bbox 152 2110 311 2162; x_wconf 76' lang='grc' dir='ltr'>πάλιν</span> <span class='ocrx_word' id='word_1_163' title='bbox 344 2111 423 2171; x_wconf 87' lang='grc' dir='ltr'><strong>είς</strong></span> <span class='ocrx_word' id='word_1_164' title='bbox 460 2111 558 2179; x_wconf 81' lang='grc' dir='ltr'>τὴν</span> <span class='ocrx_word' id='word_1_165' title='bbox 592 2110 864 2180; x_wconf 82' lang='grc' dir='ltr'>προτέραν</span> <span class='ocrx_word' id='word_1_166' title='bbox 897 2109 1265 2179; x_wconf 45' lang='grc' dir='ltr'>λαμπρ-ότητα</span> <span class='ocrx_word' id='word_1_167' title='bbox 1296 2109 1388 2161; x_wconf 72' lang='grc' dir='ltr'>καὶ</span> <span class='ocrx_word' id='word_1_168' title='bbox 1437 2109 1718 2177; x_wconf 83' lang='grc' dir='ltr'>εὐγένειαν</span> 
     </span>
    </p>
   </div>
   <div class='ocr_carea' id='block_1_24' title="bbox 148 2200 1721 2271">
    <p class='ocr_par' dir='ltr' id='par_1_24' title="bbox 148 2200 1721 2271">
     <span class='ocr_line' id='line_1_24' title="bbox 148 2200 1721 2271; baseline -0.001 -19"><span class='ocrx_word' id='word_1_169' title='bbox 148 2202 529 2271; x_wconf 83' lang='grc' dir='ltr'>ἐπανέρχεται.</span> <span class='ocrx_word' id='word_1_170' title='bbox 581 2202 692 2253; x_wconf 72' lang='grc' dir='ltr'><strong>Καὶ</strong></span> <span class='ocrx_word' id='word_1_171' title='bbox 724 2203 947 2263; x_wconf 77' lang='grc' dir='ltr'>τούτους</span> <span class='ocrx_word' id='word_1_172' title='bbox 994 2216 1094 2268; x_wconf 84' lang='grc' dir='ltr'>μου</span> <span class='ocrx_word' id='word_1_173' title='bbox 1132 2201 1257 2261; x_wconf 81' lang='grc' dir='ltr'>τοὺς</span> <span class='ocrx_word' id='word_1_174' title='bbox 1302 2200 1494 2267; x_wconf 83' lang='grc' dir='ltr'>λόγους</span> <span class='ocrx_word' id='word_1_175' title='bbox 1537 2201 1721 2253; x_wconf 75' lang='grc' dir='ltr'>ἐπιϐε-</span> 
     </span>
    </p>
   </div>
   <div class='ocr_carea' id='block_1_25' title="bbox 152 2290 1719 2362">
    <p class='ocr_par' dir='ltr' id='par_1_25' title="bbox 152 2290 1719 2362">
     <span class='ocr_line' id='line_1_25' title="bbox 152 2290 1719 2362; baseline 0 -19"><span class='ocrx_word' id='word_1_176' title='bbox 152 2293 379 2346; x_wconf 75' lang='grc' dir='ltr'>ϐαιώσει</span> <span class='ocrx_word' id='word_1_177' title='bbox 409 2294 436 2345; x_wconf 86' lang='grc' dir='ltr'><strong>ὁ</strong></span> <span class='ocrx_word' id='word_1_178' title='bbox 466 2294 895 2362; x_wconf 85' lang='grc' dir='ltr'>ούρανοφάντωρ</span> <span class='ocrx_word' id='word_1_179' title='bbox 926 2291 1021 2344; x_wconf 78' lang='grc' dir='ltr'><strong>καὶ</strong></span> <span class='ocrx_word' id='word_1_180' title='bbox 1047 2290 1191 2360; x_wconf 72' lang='grc' dir='ltr'>ἱερὸς</span> <span class='ocrx_word' id='word_1_181' title='bbox 1230 2291 1528 2356; x_wconf 84' lang='grc' dir='ltr'>Βασίλειος,</span> <span class='ocrx_word' id='word_1_182' title='bbox 1573 2292 1629 2343; x_wconf 86' lang='grc' dir='ltr'><strong>ἐν</strong></span> <span class='ocrx_word' id='word_1_183' title='bbox 1657 2294 1719 2361; x_wconf 78' lang='grc' dir='ltr'>τῇ</span> 
     </span>
    </p>
   </div>
   <div class='ocr_carea' id='block_1_26' title="bbox 149 2383 1721 2455">
    <p class='ocr_par' dir='ltr' id='par_1_26' title="bbox 149 2383 1721 2455">
     <span class='ocr_line' id='line_1_26' title="bbox 149 2383 1721 2455; baseline -0.001 -19"><span class='ocrx_word' id='word_1_184' title='bbox 149 2384 407 2455; x_wconf 72' lang='grc' dir='ltr'><strong>ἐξηγήσει</strong></span> <span class='ocrx_word' id='word_1_185' title='bbox 456 2383 551 2437; x_wconf 81' lang='grc' dir='ltr'>τοῦ</span> <span class='ocrx_word' id='word_1_186' title='bbox 599 2383 870 2453; x_wconf 77' lang='grc' dir='ltr'><strong>μακαρίου</strong></span> <span class='ocrx_word' id='word_1_187' title='bbox 920 2384 1202 2453; x_wconf 84' lang='grc' dir='ltr'>προφήτου</span> <span class='ocrx_word' id='word_1_188' title='bbox 1264 2384 1510 2446; x_wconf 68' lang='grc' dir='ltr'>Ἦσαῑου,</span> <span class='ocrx_word' id='word_1_189' title='bbox 1546 2385 1603 2435; x_wconf 83' lang='grc' dir='ltr'>ὲν</span> <span class='ocrx_word' id='word_1_190' title='bbox 1645 2383 1721 2453; x_wconf 80' lang='grc' dir='ltr'>τῷ</span> 
     </span>
    </p>
   </div>
   <div class='ocr_carea' id='block_1_27' title="bbox 149 2475 1721 2546">
    <p class='ocr_par' dir='ltr' id='par_1_27' title="bbox 149 2475 1721 2546">
     <span class='ocr_line' id='line_1_27' title="bbox 149 2475 1721 2546; baseline 0.001 -19"><span class='ocrx_word' id='word_1_191' title='bbox 149 2475 300 2545; x_wconf 79' lang='grc' dir='ltr'><strong>ῥητῷ</strong></span> <span class='ocrx_word' id='word_1_192' title='bbox 332 2477 408 2544; x_wconf 84' lang='grc' dir='ltr'>τῷ</span> <span class='ocrx_word' id='word_1_193' title='bbox 440 2475 610 2539; x_wconf 77' lang='grc' dir='ltr'>οὕτως</span> <span class='ocrx_word' id='word_1_194' title='bbox 648 2476 827 2546; x_wconf 76' lang='grc' dir='ltr'>ἔχοντι</span> <span class='ocrx_word' id='word_1_195' title='bbox 850 2491 864 2504; x_wconf 73' lang='grc' dir='ltr'><strong><em>ο</em></strong></span> <span class='ocrx_word' id='word_1_196' title='bbox 898 2493 915 2525; x_wconf 78' lang='grc' dir='ltr'><strong>ι</strong></span> <span class='ocrx_word' id='word_1_197' title='bbox 953 2475 1078 2528; x_wconf 89' lang='grc' dir='ltr'><strong>Ὅτι</strong></span> <span class='ocrx_word' id='word_1_198' title='bbox 1110 2475 1369 2529; x_wconf 87' lang='grc' dir='ltr'>ἐκπλυνεῖ</span> <span class='ocrx_word' id='word_1_199' title='bbox 1399 2476 1596 2546; x_wconf 83' lang='grc' dir='ltr'>Κύριος</span> <span class='ocrx_word' id='word_1_200' title='bbox 1630 2476 1721 2529; x_wconf 77' lang='grc' dir='ltr'><strong>τὸν</strong></span> 
     </span>
    </p>
   </div>
   <div class='ocr_carea' id='block_1_28' title="bbox 147 2567 1721 2637">
    <p class='ocr_par' dir='ltr' id='par_1_28' title="bbox 147 2567 1721 2637">
     <span class='ocr_line' id='line_1_28' title="bbox 147 2567 1721 2637; baseline -0.001 -17"><span class='ocrx_word' id='word_1_201' title='bbox 147 2568 323 2635; x_wconf 73' lang='grc' dir='ltr'>ῥύπον</span> <span class='ocrx_word' id='word_1_202' title='bbox 353 2568 460 2620; x_wconf 78' lang='grc' dir='ltr'>τῶν</span> <span class='ocrx_word' id='word_1_203' title='bbox 497 2569 628 2621; x_wconf 81' lang='grc' dir='ltr'><strong>υἱῶν</strong></span> <span class='ocrx_word' id='word_1_204' title='bbox 675 2570 768 2621; x_wconf 78' lang='grc' dir='ltr'><strong>καὶ</strong></span> <span class='ocrx_word' id='word_1_205' title='bbox 813 2567 921 2621; x_wconf 82' lang='grc' dir='ltr'>τῶν</span> <span class='ocrx_word' id='word_1_206' title='bbox 962 2568 1282 2637; x_wconf 82' lang='grc' dir='ltr'>θυγατέρων</span> <span class='ocrx_word' id='word_1_207' title='bbox 1313 2569 1453 2621; x_wconf 86' lang='grc' dir='ltr'>Σιών</span> <span class='ocrx_word' id='word_1_208' title='bbox 1481 2584 1496 2599; x_wconf 79' lang='grc' dir='ltr'><strong><em>ο</em></strong></span> <span class='ocrx_word' id='word_1_209' title='bbox 1531 2570 1627 2621; x_wconf 72' lang='lat' dir='ltr'><strong>xa‘t</strong></span> <span class='ocrx_word' id='word_1_210' title='bbox 1660 2569 1721 2619; x_wconf 75' lang='grc' dir='ltr'>τὸ</span> 
     </span>
    </p>
   </div>
   <div class='ocr_carea' id='block_1_29' title="bbox 145 2653 1719 2730">
    <p class='ocr_par' dir='ltr' id='par_1_29' title="bbox 145 2653 1719 2730">
     <span class='ocr_line' id='line_1_29' title="bbox 145 2653 1719 2730; baseline -0.001 -19"><span class='ocrx_word' id='word_1_211' title='bbox 145 2653 289 2726; x_wconf 75' lang='grc' dir='ltr'>αἷμα</span> <span class='ocrx_word' id='word_1_212' title='bbox 332 2659 690 2730; x_wconf 83' lang='grc' dir='ltr'>Ἰερουσαλὴμ</span> <span class='ocrx_word' id='word_1_213' title='bbox 734 2661 1057 2730; x_wconf 78' lang='grc' dir='ltr'>ἐκκαθαριεί</span> <span class='ocrx_word' id='word_1_214' title='bbox 1102 2662 1167 2712; x_wconf 86' lang='grc' dir='ltr'><strong>ἐκ</strong></span> <span class='ocrx_word' id='word_1_215' title='bbox 1216 2660 1381 2728; x_wconf 82' lang='grc' dir='ltr'>μέσου</span> <span class='ocrx_word' id='word_1_216' title='bbox 1428 2660 1629 2721; x_wconf 55' lang='grc' dir='ltr'>αὐτῶν,</span> <span class='ocrx_word' id='word_1_217' title='bbox 1665 2662 1719 2709; x_wconf 58' lang='grc' dir='ltr'><strong>ἐν</strong></span> 
     </span>
    </p>
   </div>
   <div class='ocr_carea' id='block_1_30' title="bbox 145 2750 1721 2821">
    <p class='ocr_par' dir='ltr' id='par_1_30' title="bbox 145 2750 1721 2821">
     <span class='ocr_line' id='line_1_30' title="bbox 145 2750 1721 2821; baseline -0.001 -18"><span class='ocrx_word' id='word_1_218' title='bbox 145 2754 423 2819; x_wconf 81' lang='grc' dir='ltr'>πνεύματι</span> <span class='ocrx_word' id='word_1_219' title='bbox 449 2754 705 2821; x_wconf 86' lang='grc' dir='ltr'>κρίσεως,</span> <span class='ocrx_word' id='word_1_220' title='bbox 731 2753 823 2805; x_wconf 78' lang='grc' dir='ltr'><strong>καὶ</strong></span> <span class='ocrx_word' id='word_1_221' title='bbox 850 2754 908 2803; x_wconf 85' lang='grc' dir='ltr'><strong>ἐν</strong></span> <span class='ocrx_word' id='word_1_222' title='bbox 932 2751 1204 2819; x_wconf 71' lang='grc' dir='ltr'>πνεύματι</span> <span class='ocrx_word' id='word_1_223' title='bbox 1229 2750 1497 2813; x_wconf 60' lang='grc' dir='ltr'>καύσεως.</span> <span class='ocrx_word' id='word_1_224' title='bbox 1530 2771 1545 2801; x_wconf 71' lang='grc' dir='ltr'><strong>ι</strong></span> <span class='ocrx_word' id='word_1_225' title='bbox 1581 2750 1721 2820; x_wconf 85' lang='grc' dir='ltr'><strong>Τρα-</strong></span> 
     </span>
    </p>
   </div>
   <div class='ocr_carea' id='block_1_31' title="bbox 142 2844 1718 2914">
    <p class='ocr_par' dir='ltr' id='par_1_31' title="bbox 142 2844 1718 2914">
     <span class='ocr_line' id='line_1_31' title="bbox 142 2844 1718 2914; baseline -0.001 -17"><span class='ocrx_word' id='word_1_226' title='bbox 142 2846 255 2906; x_wconf 66' lang='lat' dir='ltr'><strong>vd);</strong></span> <span class='ocrx_word' id='word_1_227' title='bbox 301 2846 369 2896; x_wconf 75' lang='grc' dir='ltr'>τὰ</span> <span class='ocrx_word' id='word_1_228' title='bbox 413 2846 556 2897; x_wconf 83' lang='grc' dir='ltr'><strong>αὐτά</strong></span> <span class='ocrx_word' id='word_1_229' title='bbox 614 2846 693 2913; x_wconf 86' lang='grc' dir='ltr'>τῷ</span> <span class='ocrx_word' id='word_1_230' title='bbox 746 2845 972 2914; x_wconf 78' lang='grc' dir='ltr'>Ἰωάννῃ</span> <span class='ocrx_word' id='word_1_231' title='bbox 1018 2846 1045 2896; x_wconf 83' lang='grc' dir='ltr'>ὁ</span> <span class='ocrx_word' id='word_1_232' title='bbox 1097 2844 1254 2911; x_wconf 83' lang='grc' dir='ltr'>λόγος</span> <span class='ocrx_word' id='word_1_233' title='bbox 1300 2846 1718 2913; x_wconf 81' lang='grc' dir='ltr'>προσαγορεύει,</span> 
     </span>
    </p>
   </div>
   <div class='ocr_carea' id='block_1_32' title="bbox 140 2935 1721 3005">
    <p class='ocr_par' dir='ltr' id='par_1_32' title="bbox 140 2935 1721 3005">
     <span class='ocr_line' id='line_1_32' title="bbox 140 2935 1721 3005; baseline -0.001 -16"><span class='ocrx_word' id='word_1_234' title='bbox 140 2939 280 3005; x_wconf 66' lang='grc' dir='ltr'><strong>περ)⁸</strong></span> <span class='ocrx_word' id='word_1_235' title='bbox 328 2936 421 2989; x_wconf 81' lang='grc' dir='ltr'>τοῦ</span> <span class='ocrx_word' id='word_1_236' title='bbox 460 2937 664 3005; x_wconf 80' lang='grc' dir='ltr'>Κυρίου</span> <span class='ocrx_word' id='word_1_237' title='bbox 700 2937 932 3002; x_wconf 73' lang='grc' dir='ltr'>λέγοντι,</span> <span class='ocrx_word' id='word_1_238' title='bbox 965 2937 1045 2987; x_wconf 83' lang='grc' dir='ltr'>ὅτι</span> <span class='ocrx_word' id='word_1_239' title='bbox 1084 2954 1101 2985; x_wconf 83' lang='grc' dir='ltr'><strong>ι</strong></span> <span class='ocrx_word' id='word_1_240' title='bbox 1140 2935 1308 2996; x_wconf 71' lang='grc' dir='ltr'>Αὖτὸς</span> <span class='ocrx_word' id='word_1_241' title='bbox 1356 2935 1498 3003; x_wconf 82' lang='grc' dir='ltr'>ὑμᾶς</span> <span class='ocrx_word' id='word_1_242' title='bbox 1531 2935 1721 3003; x_wconf 86' lang='grc' dir='ltr'>βαπτί-</span> 
     </span>
    </p>
   </div>
   <div class='ocr_carea' id='block_1_33' title="bbox 140 3024 1720 3095">
    <p class='ocr_par' dir='ltr' id='par_1_33' title="bbox 140 3024 1720 3095">
     <span class='ocr_line' id='line_1_33' title="bbox 140 3024 1720 3095; baseline -0.003 -16"><span class='ocrx_word' id='word_1_243' title='bbox 140 3045 232 3081; x_wconf 78' lang='grc' dir='ltr'><strong>σει</strong></span> <span class='ocrx_word' id='word_1_244' title='bbox 269 3029 327 3079; x_wconf 90' lang='grc' dir='ltr'><strong>ἐν</strong></span> <span class='ocrx_word' id='word_1_245' title='bbox 375 3026 654 3095; x_wconf 88' lang='grc' dir='ltr'>Πνεύματι</span> <span class='ocrx_word' id='word_1_246' title='bbox 697 3028 836 3094; x_wconf 85' lang='grc' dir='ltr'>ἁγίῳ</span> <span class='ocrx_word' id='word_1_247' title='bbox 874 3027 968 3077; x_wconf 75' lang='grc' dir='ltr'><strong>καὶ</strong></span> <span class='ocrx_word' id='word_1_248' title='bbox 1010 3026 1162 3094; x_wconf 86' lang='grc' dir='ltr'>πυρί.</span> <span class='ocrx_word' id='word_1_249' title='bbox 1201 3043 1220 3076; x_wconf 74' lang='grc' dir='ltr'><strong>ι</strong></span> <span class='ocrx_word' id='word_1_250' title='bbox 1262 3028 1394 3090; x_wconf 75' lang='grc' dir='ltr'><strong>Περὶ</strong></span> <span class='ocrx_word' id='word_1_251' title='bbox 1434 3025 1489 3077; x_wconf 81' lang='grc' dir='ltr'><strong>δὲ</strong></span> <span class='ocrx_word' id='word_1_252' title='bbox 1535 3024 1720 3086; x_wconf 74' lang='grc' dir='ltr'>αὐτοῦ,</span> 
     </span>
    </p>
   </div>
   <div class='ocr_carea' id='block_1_34' title="bbox 138 3114 1796 3185">
    <p class='ocr_par' dir='ltr' id='par_1_34' title="bbox 138 3114 1796 3185">
     <span class='ocr_line' id='line_1_34' title="bbox 138 3114 1796 3185; baseline -0.004 -14"><span class='ocrx_word' id='word_1_253' title='bbox 138 3121 230 3171; x_wconf 86' lang='grc' dir='ltr'>ὃτι</span> <span class='ocrx_word' id='word_1_254' title='bbox 262 3136 279 3169; x_wconf 77' lang='grc' dir='ltr'><strong>ι</strong></span> <span class='ocrx_word' id='word_1_255' title='bbox 336 3116 479 3184; x_wconf 85' lang='grc' dir='ltr'><strong>Ἐγὼ</strong></span> <span class='ocrx_word' id='word_1_256' title='bbox 529 3118 627 3184; x_wconf 83' lang='grc' dir='ltr'>μὲν</span> <span class='ocrx_word' id='word_1_257' title='bbox 664 3117 810 3185; x_wconf 80' lang='grc' dir='ltr'>ὑμᾶς</span> <span class='ocrx_word' id='word_1_258' title='bbox 864 3115 1111 3184; x_wconf 77' lang='grc' dir='ltr'><strong>βαπτίζω</strong></span> <span class='ocrx_word' id='word_1_259' title='bbox 1151 3116 1209 3166; x_wconf 89' lang='grc' dir='ltr'><strong>ἐν</strong></span> <span class='ocrx_word' id='word_1_260' title='bbox 1257 3114 1406 3168; x_wconf 77' lang='grc' dir='ltr'>ὕδατι</span> <span class='ocrx_word' id='word_1_261' title='bbox 1447 3117 1526 3177; x_wconf 89' lang='grc' dir='ltr'><strong>είς</strong></span> <span class='ocrx_word' id='word_1_262' title='bbox 1563 3116 1725 3184; x_wconf 73' lang='grc' dir='ltr'>μετά-ν</span> <span class='ocrx_word' id='word_1_263' title='bbox 1754 3121 1796 3177; x_wconf 83' lang='lat' dir='ltr'><strong><em>C</em></strong></span> 
     </span>
    </p>
   </div>
   <div class='ocr_carea' id='block_1_35' title="bbox 139 3203 1726 3276">
    <p class='ocr_par' dir='ltr' id='par_1_35' title="bbox 139 3203 1726 3276">
     <span class='ocr_line' id='line_1_35' title="bbox 139 3203 1726 3276; baseline -0.001 -18"><span class='ocrx_word' id='word_1_264' title='bbox 139 3226 351 3260; x_wconf 79' lang='grc' dir='ltr'>νοιαν,›</span> <span class='ocrx_word' id='word_1_265' title='bbox 421 3207 573 3259; x_wconf 73' lang='grc' dir='ltr'>Ἐπεὶ</span> <span class='ocrx_word' id='word_1_266' title='bbox 605 3206 698 3259; x_wconf 81' lang='grc' dir='ltr'>οὖν</span> <span class='ocrx_word' id='word_1_267' title='bbox 719 3207 1005 3276; x_wconf 81' lang='grc' dir='ltr'>ἀμφότερα</span> <span class='ocrx_word' id='word_1_268' title='bbox 1034 3203 1545 3275; x_wconf 70' lang='grc' dir='ltr'>συνῆψενὸΚύριος,</span> <span class='ocrx_word' id='word_1_269' title='bbox 1578 3207 1638 3257; x_wconf 88' lang='grc' dir='ltr'>τό</span> <span class='ocrx_word' id='word_1_270' title='bbox 1668 3222 1726 3257; x_wconf 89' lang='grc' dir='ltr'>τε</span> 
     </span>
    </p>
   </div>
   <div class='ocr_carea' id='block_1_36' title="bbox 139 3301 1727 3372">
    <p class='ocr_par' dir='ltr' id='par_1_36' title="bbox 139 3301 1727 3372">
     <span class='ocr_line' id='line_1_36' title="bbox 139 3301 1727 3372; baseline 0.001 -20"><span class='ocrx_word' id='word_1_271' title='bbox 139 3304 205 3368; x_wconf 73' lang='grc' dir='ltr'>ἐξ</span> <span class='ocrx_word' id='word_1_272' title='bbox 240 3301 435 3365; x_wconf 76' lang='grc' dir='ltr'>ὕδατος</span> <span class='ocrx_word' id='word_1_273' title='bbox 484 3304 565 3365; x_wconf 84' lang='grc' dir='ltr'><strong>είς</strong></span> <span class='ocrx_word' id='word_1_274' title='bbox 618 3303 930 3372; x_wconf 84' lang='grc' dir='ltr'>μετάνοιαν,</span> <span class='ocrx_word' id='word_1_275' title='bbox 964 3306 1060 3356; x_wconf 80' lang='grc' dir='ltr'>καὶ</span> <span class='ocrx_word' id='word_1_276' title='bbox 1091 3304 1150 3353; x_wconf 90' lang='grc' dir='ltr'>τὸ</span> <span class='ocrx_word' id='word_1_277' title='bbox 1190 3303 1252 3354; x_wconf 87' lang='grc' dir='ltr'><strong>ἐκ</strong></span> <span class='ocrx_word' id='word_1_278' title='bbox 1298 3302 1615 3369; x_wconf 82' lang='grc' dir='ltr'>Πνεύματος</span> <span class='ocrx_word' id='word_1_279' title='bbox 1647 3303 1727 3365; x_wconf 85' lang='grc' dir='ltr'>είς</span> 
     </span>
    </p>
   </div>
   <div class='ocr_carea' id='block_1_37' title="bbox 137 3392 1727 3461">
    <p class='ocr_par' dir='ltr' id='par_1_37' title="bbox 137 3392 1727 3461">
     <span class='ocr_line' id='line_1_37' title="bbox 137 3392 1727 3461; baseline -0.002 -14"><span class='ocrx_word' id='word_1_280' title='bbox 137 3396 537 3460; x_wconf 82' lang='grc' dir='ltr'>ἀναγέννησιν,</span> <span class='ocrx_word' id='word_1_281' title='bbox 602 3397 695 3447; x_wconf 80' lang='grc' dir='ltr'>καὶ</span> <span class='ocrx_word' id='word_1_282' title='bbox 736 3395 763 3445; x_wconf 85' lang='grc' dir='ltr'><strong>ὁ</strong></span> <span class='ocrx_word' id='word_1_283' title='bbox 801 3393 958 3459; x_wconf 86' lang='grc' dir='ltr'>λόγος</span> <span class='ocrx_word' id='word_1_284' title='bbox 1003 3392 1308 3446; x_wconf 74' lang='grc' dir='ltr'>αἰνίσσεται</span> <span class='ocrx_word' id='word_1_285' title='bbox 1347 3392 1634 3461; x_wconf 86' lang='grc' dir='ltr'>ἀμφότερα</span> <span class='ocrx_word' id='word_1_286' title='bbox 1660 3393 1727 3444; x_wconf 78' lang='grc' dir='ltr'><strong>τὰ</strong></span> 
     </span>
    </p>
   </div>
   <div class='ocr_carea' id='block_1_38' title="bbox 140 3482 1729 3553">
    <p class='ocr_par' dir='ltr' id='par_1_38' title="bbox 140 3482 1729 3553">
     <span class='ocr_line' id='line_1_38' title="bbox 140 3482 1729 3553; baseline -0.003 -16"><span class='ocrx_word' id='word_1_287' title='bbox 140 3484 532 3553; x_wconf 82' lang='grc' dir='ltr'>βαπτίσματα,</span> <span class='ocrx_word' id='word_1_288' title='bbox 578 3484 652 3553; x_wconf 80' lang='grc' dir='ltr'>μή</span> <span class='ocrx_word' id='word_1_289' title='bbox 690 3500 821 3535; x_wconf 88' lang='grc' dir='ltr'>ποτε</span> <span class='ocrx_word' id='word_1_290' title='bbox 855 3485 1004 3552; x_wconf 87' lang='grc' dir='ltr'>τρεῖς</span> <span class='ocrx_word' id='word_1_291' title='bbox 1049 3486 1186 3535; x_wconf 83' lang='grc' dir='ltr'>εἰσιν</span> <span class='ocrx_word' id='word_1_292' title='bbox 1228 3482 1465 3535; x_wconf 74' lang='grc' dir='ltr'>ἐπίνοιαι</span> <span class='ocrx_word' id='word_1_293' title='bbox 1511 3482 1605 3535; x_wconf 84' lang='grc' dir='ltr'><strong>τοῦ</strong></span> <span class='ocrx_word' id='word_1_294' title='bbox 1635 3482 1729 3550; x_wconf 81' lang='grc' dir='ltr'><strong>βα-</strong></span> 
     </span>
    </p>
   </div>
   <div class='ocr_carea' id='block_1_39' title="bbox 138 3572 1728 3642">
    <p class='ocr_par' dir='ltr' id='par_1_39' title="bbox 138 3572 1728 3642">
     <span class='ocr_line' id='line_1_39' title="bbox 138 3572 1728 3642; baseline -0.001 -15"><span class='ocrx_word' id='word_1_295' title='bbox 138 3575 460 3642; x_wconf 86' lang='grc' dir='ltr'>πτίσματος</span> <span class='ocrx_word' id='word_1_296' title='bbox 486 3589 501 3603; x_wconf 83' lang='grc'>⁶</span> <span class='ocrx_word' id='word_1_297' title='bbox 543 3576 568 3625; x_wconf 85' lang='grc' dir='ltr'>ὃ</span> <span class='ocrx_word' id='word_1_298' title='bbox 595 3591 653 3625; x_wconf 88' lang='grc' dir='ltr'>τε</span> <span class='ocrx_word' id='word_1_299' title='bbox 686 3573 780 3625; x_wconf 89' lang='grc' dir='ltr'><strong>τοῦ</strong></span> <span class='ocrx_word' id='word_1_300' title='bbox 818 3574 992 3641; x_wconf 66' lang='grc' dir='ltr'>ῥύπου</span> <span class='ocrx_word' id='word_1_301' title='bbox 1029 3572 1397 3642; x_wconf 81' lang='grc' dir='ltr'>καθαρισμδς,</span> <span class='ocrx_word' id='word_1_302' title='bbox 1439 3575 1532 3626; x_wconf 75' lang='grc' dir='ltr'>καὶ</span> <span class='ocrx_word' id='word_1_303' title='bbox 1566 3576 1598 3641; x_wconf 80' lang='grc' dir='ltr'>ἡ</span> <span class='ocrx_word' id='word_1_304' title='bbox 1641 3574 1728 3625; x_wconf 84' lang='grc' dir='ltr'><strong>διά</strong></span> 
     </span>
    </p>
   </div>
   <div class='ocr_carea' id='block_1_40' title="bbox 134 3665 1728 3736">
    <p class='ocr_par' dir='ltr' id='par_1_40' title="bbox 134 3665 1728 3736">
     <span class='ocr_line' id='line_1_40' title="bbox 134 3665 1728 3736; baseline -0.001 -17"><span class='ocrx_word' id='word_1_305' title='bbox 134 3667 245 3719; x_wconf 84' lang='grc' dir='ltr'>τοῦ</span> <span class='ocrx_word' id='word_1_306' title='bbox 293 3667 607 3736; x_wconf 86' lang='grc' dir='ltr'>Πνεύματος</span> <span class='ocrx_word' id='word_1_307' title='bbox 638 3666 1021 3733; x_wconf 80' lang='grc' dir='ltr'>ἀναγέννησις,</span> <span class='ocrx_word' id='word_1_308' title='bbox 1056 3668 1150 3718; x_wconf 73' lang='grc' dir='ltr'><strong>καὶ</strong></span> <span class='ocrx_word' id='word_1_309' title='bbox 1188 3667 1218 3732; x_wconf 85' lang='grc' dir='ltr'>ἡ</span> <span class='ocrx_word' id='word_1_310' title='bbox 1255 3667 1311 3715; x_wconf 85' lang='grc' dir='ltr'><strong>ἐν</strong></span> <span class='ocrx_word' id='word_1_311' title='bbox 1343 3665 1421 3733; x_wconf 85' lang='grc' dir='ltr'><strong>τῷ</strong></span> <span class='ocrx_word' id='word_1_312' title='bbox 1464 3666 1596 3734; x_wconf 79' lang='grc' dir='ltr'>πυρὶ</span> <span class='ocrx_word' id='word_1_313' title='bbox 1630 3666 1728 3733; x_wconf 83' lang='grc' dir='ltr'><strong>τῆς</strong></span> 
     </span>
    </p>
   </div>
   <div class='ocr_carea' id='block_1_41' title="bbox 134 3758 1727 3828">
    <p class='ocr_par' dir='ltr' id='par_1_41' title="bbox 134 3758 1727 3828">
     <span class='ocr_line' id='line_1_41' title="bbox 134 3758 1727 3828; baseline -0.003 -16"><span class='ocrx_word' id='word_1_314' title='bbox 134 3762 481 3827; x_wconf 84' lang='grc' dir='ltr'>διακρίσεως</span> <span class='ocrx_word' id='word_1_315' title='bbox 513 3758 766 3828; x_wconf 80' lang='grc' dir='ltr'><strong>βάσανος.</strong></span> <span class='ocrx_word' id='word_1_316' title='bbox 796 3759 963 3811; x_wconf 81' lang='grc' dir='ltr'>Ὥστε</span> <span class='ocrx_word' id='word_1_317' title='bbox 994 3759 1054 3810; x_wconf 83' lang='grc' dir='ltr'><strong>τὸ</strong></span> <span class='ocrx_word' id='word_1_318' title='bbox 1084 3758 1183 3826; x_wconf 77' lang='grc' dir='ltr'><strong>μὲν</strong></span> <span class='ocrx_word' id='word_1_319' title='bbox 1228 3758 1533 3817; x_wconf 79' lang='grc' dir='ltr'>ἐκπλύνειν,</span> <span class='ocrx_word' id='word_1_320' title='bbox 1593 3758 1727 3827; x_wconf 75' lang='grc' dir='ltr'>πρὸς</span> 
     </span>
    </p>
   </div>
   <div class='ocr_carea' id='block_1_42' title="bbox 136 3845 1726 3917">
    <p class='ocr_par' dir='ltr' id='par_1_42' title="bbox 136 3845 1726 3917">
     <span class='ocr_line' id='line_1_42' title="bbox 136 3845 1726 3917; baseline -0.001 -14"><span class='ocrx_word' id='word_1_321' title='bbox 136 3853 252 3917; x_wconf 78' lang='grc' dir='ltr'>τὴν</span> <span class='ocrx_word' id='word_1_322' title='bbox 286 3845 388 3900; x_wconf 79' lang='grc' dir='ltr'><strong>ὧδε</strong></span> <span class='ocrx_word' id='word_1_323' title='bbox 421 3847 677 3902; x_wconf 77' lang='grc' dir='ltr'>ἀπόθεσιν</span> <span class='ocrx_word' id='word_1_324' title='bbox 708 3849 807 3917; x_wconf 85' lang='grc' dir='ltr'><strong>τῆς</strong></span> <span class='ocrx_word' id='word_1_325' title='bbox 830 3849 1123 3915; x_wconf 82' lang='grc' dir='ltr'>-ἀμαρτίας</span> <span class='ocrx_word' id='word_1_326' title='bbox 1156 3848 1527 3916; x_wconf 73' lang='grc' dir='ltr'>λαμὸάνεταιο</span> <span class='ocrx_word' id='word_1_327' title='bbox 1559 3851 1619 3900; x_wconf 78' lang='grc' dir='ltr'>τὸ</span> <span class='ocrx_word' id='word_1_328' title='bbox 1648 3850 1726 3911; x_wconf 87' lang='grc' dir='ltr'><strong>δὲ,</strong></span> 
     </span>
    </p>
   </div>
   <div class='ocr_carea' id='block_1_43' title="bbox 140 3939 1727 4009">
    <p class='ocr_par' dir='ltr' id='par_1_43' title="bbox 140 3939 1727 4009">
     <span class='ocr_line' id='line_1_43' title="bbox 140 3939 1727 4009; baseline -0.002 -15"><span class='ocrx_word' id='word_1_329' title='bbox 140 3940 437 4007; x_wconf 81' lang='grc' dir='ltr'>Πνεύματι</span> <span class='ocrx_word' id='word_1_330' title='bbox 462 3940 716 4009; x_wconf 86' lang='grc' dir='ltr'>κρίσεως,</span> <span class='ocrx_word' id='word_1_331' title='bbox 750 3940 844 3992; x_wconf 81' lang='grc' dir='ltr'><strong>καὶ</strong></span> <span class='ocrx_word' id='word_1_332' title='bbox 870 3941 1139 4007; x_wconf 87' lang='grc' dir='ltr'>πνεύματι</span> <span class='ocrx_word' id='word_1_333' title='bbox 1164 3939 1431 4001; x_wconf 86' lang='grc' dir='ltr'>καύσεως,</span> <span class='ocrx_word' id='word_1_334' title='bbox 1467 3940 1601 4007; x_wconf 80' lang='grc' dir='ltr'>πρὸς</span> <span class='ocrx_word' id='word_1_335' title='bbox 1630 3940 1727 4009; x_wconf 78' lang='grc' dir='ltr'><strong>τὴν</strong></span> 
     </span>
    </p>
   </div>
   <div class='ocr_carea' id='block_1_44' title="bbox 134 4030 1724 4100">
    <p class='ocr_par' dir='ltr' id='par_1_44' title="bbox 134 4030 1724 4100">
     <span class='ocr_line' id='line_1_44' title="bbox 134 4030 1724 4100; baseline 0 -16"><span class='ocrx_word' id='word_1_336' title='bbox 134 4036 208 4085; x_wconf 81' lang='grc' dir='ltr'>ὲν</span> <span class='ocrx_word' id='word_1_337' title='bbox 245 4032 329 4099; x_wconf 81' lang='grc' dir='ltr'><strong>τῷ</strong></span> <span class='ocrx_word' id='word_1_338' title='bbox 389 4030 635 4100; x_wconf 79' lang='grc' dir='ltr'>μέλλοντι</span> <span class='ocrx_word' id='word_1_339' title='bbox 673 4030 854 4093; x_wconf 85' lang='grc' dir='ltr'>αἰῶνι,</span> <span class='ocrx_word' id='word_1_340' title='bbox 899 4031 986 4083; x_wconf 72' lang='grc' dir='ltr'><strong>διὰ</strong></span> <span class='ocrx_word' id='word_1_341' title='bbox 1021 4030 1114 4082; x_wconf 84' lang='grc' dir='ltr'>τοῦ</span> <span class='ocrx_word' id='word_1_342' title='bbox 1152 4030 1324 4093; x_wconf 83' lang='grc' dir='ltr'>πυρὸς</span> <span class='ocrx_word' id='word_1_343' title='bbox 1380 4030 1724 4099; x_wconf 85' lang='grc' dir='ltr'>δοκιμασίαν.</span> 
     </span>
    </p>
   </div>
   <div class='ocr_carea' id='block_1_45' title="bbox 138 4120 1728 4196">
    <p class='ocr_par' dir='ltr' id='par_1_45' title="bbox 138 4120 1728 4196">
     <span class='ocr_line' id='line_1_45' title="bbox 138 4120 1728 4196; baseline -0.001 -21"><span class='ocrx_word' id='word_1_344' title='bbox 138 4124 380 4175; x_wconf 83' lang='grc' dir='ltr'>Δέονται</span> <span class='ocrx_word' id='word_1_345' title='bbox 409 4122 462 4174; x_wconf 85' lang='grc' dir='ltr'><strong>δὲ</strong></span> <span class='ocrx_word' id='word_1_346' title='bbox 502 4124 557 4173; x_wconf 85' lang='grc' dir='ltr'>αἱ</span> <span class='ocrx_word' id='word_1_347' title='bbox 610 4122 707 4196; x_wconf 82' lang='grc' dir='ltr'>μὲν</span> <span class='ocrx_word' id='word_1_348' title='bbox 750 4126 895 4173; x_wconf 83' lang='grc' dir='ltr'><strong>κατά</strong></span> <span class='ocrx_word' id='word_1_349' title='bbox 938 4120 1159 4186; x_wconf 76' lang='grc' dir='ltr'>ἄγνοιαν</span> <span class='ocrx_word' id='word_1_350' title='bbox 1209 4121 1503 4191; x_wconf 81' lang='grc' dir='ltr'>ἁμαρτίαι,</span> <span class='ocrx_word' id='word_1_351' title='bbox 1561 4123 1728 4174; x_wconf 75' lang='grc' dir='ltr'>οἱονεὶ</span> 
     </span>
    </p>
   </div>
   <div class='ocr_carea' id='block_1_46' title="bbox 138 4206 1726 4283">
    <p class='ocr_par' dir='ltr' id='par_1_46' title="bbox 138 4206 1726 4283">
     <span class='ocr_line' id='line_1_46' title="bbox 138 4206 1726 4283; baseline -0.001 -18"><span class='ocrx_word' id='word_1_352' title='bbox 138 4213 335 4283; x_wconf 75' lang='grc' dir='ltr'>ῥύπος</span> <span class='ocrx_word' id='word_1_353' title='bbox 365 4229 447 4273; x_wconf 89' lang='grc' dir='ltr'><strong>τις</strong></span> <span class='ocrx_word' id='word_1_354' title='bbox 490 4206 667 4275; x_wconf 76' lang='grc' dir='ltr'>οὖσαι,</span> <span class='ocrx_word' id='word_1_355' title='bbox 708 4211 806 4279; x_wconf 77' lang='grc' dir='ltr'><strong>τὴν</strong></span> <span class='ocrx_word' id='word_1_356' title='bbox 838 4212 1161 4277; x_wconf 82' lang='grc' dir='ltr'>ἐπιφάνειαν</span> <span class='ocrx_word' id='word_1_357' title='bbox 1188 4212 1284 4278; x_wconf 82' lang='grc' dir='ltr'><strong>τῆς</strong></span> <span class='ocrx_word' id='word_1_358' title='bbox 1325 4211 1503 4280; x_wconf 77' lang='grc' dir='ltr'>ψυχῆς</span> <span class='ocrx_word' id='word_1_359' title='bbox 1533 4213 1726 4280; x_wconf 80' lang='grc' dir='ltr'>ἀφανί-</span> 
     </span>
    </p>
   </div>
   <div class='ocr_carea' id='block_1_47' title="bbox 133 4301 1723 4371">
    <p class='ocr_par' dir='ltr' id='par_1_47' title="bbox 133 4301 1723 4371">
     <span class='ocr_line' id='line_1_47' title="bbox 133 4301 1723 4371; baseline -0.001 -16"><span class='ocrx_word' id='word_1_360' title='bbox 133 4305 377 4368; x_wconf 79' lang='grc' dir='ltr'>ζουσαι,</span> <span class='ocrx_word' id='word_1_361' title='bbox 420 4302 511 4353; x_wconf 74' lang='grc' dir='ltr'><strong>καὶ</strong></span> <span class='ocrx_word' id='word_1_362' title='bbox 547 4302 622 4369; x_wconf 87' lang='grc' dir='ltr'>τῷ</span> <span class='ocrx_word' id='word_1_363' title='bbox 648 4301 863 4369; x_wconf 80' lang='grc' dir='ltr'>φυσικῷ</span> <span class='ocrx_word' id='word_1_364' title='bbox 887 4302 1073 4354; x_wconf 78' lang='grc' dir='ltr'>κάλλει</span> <span class='ocrx_word' id='word_1_365' title='bbox 1104 4301 1283 4369; x_wconf 30' lang='grc' dir='ltr'>αὐτῆς,</span> <span class='ocrx_word' id='word_1_366' title='bbox 1308 4302 1723 4371; x_wconf 81' lang='grc' dir='ltr'>λυμαινόμεναι,</span> 
     </span>
    </p>
   </div>
   <div class='ocr_carea' id='block_1_48' title="bbox 124 4392 1722 4462">
    <p class='ocr_par' dir='ltr' id='par_1_48' title="bbox 124 4392 1722 4462">
     <span class='ocr_line' id='line_1_48' title="bbox 124 4392 1722 4462; baseline -0.001 -16"><span class='ocrx_word' id='word_1_367' title='bbox 124 4392 242 4446; x_wconf 81' lang='grc' dir='ltr'><strong>τοῦ</strong></span> <span class='ocrx_word' id='word_1_368' title='bbox 274 4396 341 4444; x_wconf 87' lang='grc' dir='ltr'><strong>ἐκ</strong></span> <span class='ocrx_word' id='word_1_369' title='bbox 368 4393 467 4461; x_wconf 81' lang='grc' dir='ltr'><strong>τῆς</strong></span> <span class='ocrx_word' id='word_1_370' title='bbox 497 4392 743 4453; x_wconf 84' lang='grc' dir='ltr'>πλύσεως</span> <span class='ocrx_word' id='word_1_371' title='bbox 774 4392 1119 4461; x_wconf 82' lang='grc' dir='ltr'>καθαρισμοῦ</span> <span class='ocrx_word' id='word_1_372' title='bbox 1148 4407 1162 4420; x_wconf 85' lang='grc'><strong>·</strong></span> <span class='ocrx_word' id='word_1_373' title='bbox 1195 4395 1247 4444; x_wconf 84' lang='grc' dir='ltr'>αἱ</span> <span class='ocrx_word' id='word_1_374' title='bbox 1292 4392 1350 4444; x_wconf 85' lang='grc' dir='ltr'><strong>δὲ</strong></span> <span class='ocrx_word' id='word_1_375' title='bbox 1386 4393 1521 4462; x_wconf 77' lang='grc' dir='ltr'>πρὸς</span> <span class='ocrx_word' id='word_1_376' title='bbox 1562 4394 1722 4446; x_wconf 82' lang='grc' dir='ltr'>θάνα-</span> 
     </span>
    </p>
   </div>
   <div class='ocr_carea' id='block_1_49' title="bbox 122 4461 1801 4556">
    <p class='ocr_par' dir='ltr' id='par_1_49' title="bbox 122 4461 1801 4556">
     <span class='ocr_line' id='line_1_49' title="bbox 122 4461 1801 4556; baseline 0.001 -17"><span class='ocrx_word' id='word_1_377' title='bbox 122 4507 238 4542; x_wconf 81' lang='grc' dir='ltr'>τον</span> <span class='ocrx_word' id='word_1_378' title='bbox 292 4488 560 4556; x_wconf 73' lang='grc' dir='ltr'>ἁμαρτίαι</span> <span class='ocrx_word' id='word_1_379' title='bbox 593 4488 701 4539; x_wconf 82' lang='grc' dir='ltr'>τῶν</span> <span class='ocrx_word' id='word_1_380' title='bbox 740 4487 1004 4548; x_wconf 79' lang='grc' dir='ltr'>ἑκουσίως</span> <span class='ocrx_word' id='word_1_381' title='bbox 1054 4461 1533 4555; x_wconf 80' lang='grc' dir='ltr'>ἐξαμαρτανόντων</span> <span class='ocrx_word' id='word_1_382' title='bbox 1586 4489 1727 4556; x_wconf 81' lang='grc' dir='ltr'><strong>μετὰ</strong></span> <span class='ocrx_word' id='word_1_383' title='bbox 1759 4461 1801 4513; x_wconf 70' lang='grc' dir='ltr'><strong><em>υ</em></strong></span> 
     </span>
    </p>
   </div>
   <div class='ocr_carea' id='block_1_50' title="bbox 115 4573 1727 4647">
    <p class='ocr_par' dir='ltr' id='par_1_50' title="bbox 115 4573 1727 4647">
     <span class='ocr_line' id='line_1_50' title="bbox 115 4573 1727 4647; baseline -0.003 -14"><span class='ocrx_word' id='word_1_384' title='bbox 115 4581 202 4633; x_wconf 80' lang='grc' dir='ltr'><strong>τὸ</strong></span> <span class='ocrx_word' id='word_1_385' title='bbox 262 4578 454 4631; x_wconf 79' lang='grc' dir='ltr'><strong>λαῦεἶν</strong></span> <span class='ocrx_word' id='word_1_386' title='bbox 500 4578 597 4647; x_wconf 79' lang='grc' dir='ltr'><strong>τὴν</strong></span> <span class='ocrx_word' id='word_1_387' title='bbox 643 4579 959 4645; x_wconf 76' lang='grc' dir='ltr'>ἐπίγνωσιν.</span> <span class='ocrx_word' id='word_1_388' title='bbox 1014 4573 1153 4644; x_wconf 75' lang='grc' dir='ltr'>αἷμα</span> <span class='ocrx_word' id='word_1_389' title='bbox 1207 4577 1727 4646; x_wconf 80' lang='grc' dir='ltr'>προσαγορεύονται,</span> 
     </span>
    </p>
   </div>
   <div class='ocr_carea' id='block_1_51' title="bbox 112 4667 1732 4739">
    <p class='ocr_par' dir='ltr' id='par_1_51' title="bbox 112 4667 1732 4739">
     <span class='ocr_line' id='line_1_51' title="bbox 112 4667 1732 4739; baseline -0.001 -16"><span class='ocrx_word' id='word_1_390' title='bbox 112 4672 408 4739; x_wconf 79' lang='grc' dir='ltr'>δεόμεναι</span> <span class='ocrx_word' id='word_1_391' title='bbox 442 4669 542 4736; x_wconf 79' lang='grc' dir='ltr'>τῆς</span> <span class='ocrx_word' id='word_1_392' title='bbox 597 4671 653 4721; x_wconf 90' lang='grc' dir='ltr'><strong>ἐν</strong></span> <span class='ocrx_word' id='word_1_393' title='bbox 687 4670 764 4739; x_wconf 86' lang='grc' dir='ltr'>τῷ</span> <span class='ocrx_word' id='word_1_394' title='bbox 814 4667 1059 4736; x_wconf 79' lang='grc' dir='ltr'>καύματι</span> <span class='ocrx_word' id='word_1_395' title='bbox 1090 4669 1346 4738; x_wconf 85' lang='grc' dir='ltr'>κρίσεως.</span> <span class='ocrx_word' id='word_1_396' title='bbox 1416 4670 1571 4721; x_wconf 76' lang='grc' dir='ltr'>Ἐπεὶ</span> <span class='ocrx_word' id='word_1_397' title='bbox 1608 4671 1663 4721; x_wconf 80' lang='grc' dir='ltr'>δὲ</span> <span class='ocrx_word' id='word_1_398' title='bbox 1704 4672 1732 4722; x_wconf 84' lang='grc' dir='ltr'>ὁ</span> 
     </span>
    </p>
   </div>
   <div class='ocr_carea' id='block_1_52' title="bbox 111 4759 1731 4829">
    <p class='ocr_par' dir='ltr' id='par_1_52' title="bbox 111 4759 1731 4829">
     <span class='ocr_line' id='line_1_52' title="bbox 111 4759 1731 4829; baseline -0.002 -14"><span class='ocrx_word' id='word_1_399' title='bbox 111 4759 665 4829; x_wconf 77' lang='grc' dir='ltr'>ἐξομολογούμενος,</span> <span class='ocrx_word' id='word_1_400' title='bbox 713 4760 809 4811; x_wconf 75' lang='grc' dir='ltr'><strong>καὶ</strong></span> <span class='ocrx_word' id='word_1_401' title='bbox 851 4760 1122 4827; x_wconf 76' lang='grc' dir='ltr'>πλυθῆναι</span> <span class='ocrx_word' id='word_1_402' title='bbox 1169 4759 1332 4825; x_wconf 80' lang='grc' dir='ltr'>ἀξιοῖ,</span> <span class='ocrx_word' id='word_1_403' title='bbox 1382 4762 1472 4811; x_wconf 70' lang='grc' dir='ltr'>καὶ</span> <span class='ocrx_word' id='word_1_404' title='bbox 1506 4760 1731 4829; x_wconf 84' lang='grc' dir='ltr'>καθαρι-</span> 
     </span>
    </p>
   </div>
   <div class='ocr_carea' id='block_1_53' title="bbox 113 4851 1729 4921">
    <p class='ocr_par' dir='ltr' id='par_1_53' title="bbox 113 4851 1729 4921">
     <span class='ocr_line' id='line_1_53' title="bbox 113 4851 1729 4921; baseline -0.002 -15"><span class='ocrx_word' id='word_1_405' title='bbox 113 4853 375 4921; x_wconf 80' lang='grc' dir='ltr'>σθῆναι,</span> <span class='ocrx_word' id='word_1_406' title='bbox 433 4854 526 4903; x_wconf 80' lang='grc' dir='ltr'><strong>καὶ</strong></span> <span class='ocrx_word' id='word_1_407' title='bbox 558 4853 658 4915; x_wconf 76' lang='grc' dir='ltr'><strong>τὴν</strong></span> <span class='ocrx_word' id='word_1_408' title='bbox 698 4852 797 4919; x_wconf 75' lang='grc' dir='ltr'>μὲν</span> <span class='ocrx_word' id='word_1_409' title='bbox 855 4852 1104 4919; x_wconf 82' lang='grc' dir='ltr'>ἀνομίαν,</span> <span class='ocrx_word' id='word_1_410' title='bbox 1156 4851 1402 4914; x_wconf 81' lang='grc' dir='ltr'>πλύσεως</span> <span class='ocrx_word' id='word_1_411' title='bbox 1452 4870 1583 4920; x_wconf 80' lang='grc' dir='ltr'>φησι</span> <span class='ocrx_word' id='word_1_412' title='bbox 1620 4853 1729 4904; x_wconf 82' lang='grc' dir='ltr'>δεῖ·</span> 
     </span>
    </p>
   </div>
   <div class='ocr_carea' id='block_1_54' title="bbox 108 4941 1735 5011">
    <p class='ocr_par' dir='ltr' id='par_1_54' title="bbox 108 4941 1735 5011">
     <span class='ocr_line' id='line_1_54' title="bbox 108 4941 1735 5011; baseline -0.002 -14"><span class='ocrx_word' id='word_1_413' title='bbox 108 4943 276 4998; x_wconf 80' lang='grc' dir='ltr'>σθαι</span> <span class='ocrx_word' id='word_1_414' title='bbox 302 4958 319 4971; x_wconf 87' lang='grc'>·</span> <span class='ocrx_word' id='word_1_415' title='bbox 350 4942 449 5010; x_wconf 81' lang='grc' dir='ltr'><strong>τὴν</strong></span> <span class='ocrx_word' id='word_1_416' title='bbox 492 4942 547 4993; x_wconf 80' lang='grc' dir='ltr'>δὲ</span> <span class='ocrx_word' id='word_1_417' title='bbox 590 4941 865 5009; x_wconf 85' lang='grc' dir='ltr'>ἁμαρτίαν</span> <span class='ocrx_word' id='word_1_418' title='bbox 898 4942 1273 5011; x_wconf 82' lang='grc' dir='ltr'>καθαρισμοῦ,</span> <span class='ocrx_word' id='word_1_419' title='bbox 1312 4942 1507 5008; x_wconf 81' lang='grc' dir='ltr'>λέγων·</span> <span class='ocrx_word' id='word_1_420' title='bbox 1571 4942 1735 4994; x_wconf 62' lang='grc' dir='ltr'><strong>(Ἐπὶ</strong></span> 
     </span>
    </p>
   </div>
   <div class='ocr_carea' id='block_1_55' title="bbox 106 5033 1733 5103">
    <p class='ocr_par' dir='ltr' id='par_1_55' title="bbox 106 5033 1733 5103">
     <span class='ocr_line' id='line_1_55' title="bbox 106 5033 1733 5103; baseline -0.001 -15"><span class='ocrx_word' id='word_1_421' title='bbox 106 5037 342 5089; x_wconf 73' lang='grc' dir='ltr'>τελείαν</span> <span class='ocrx_word' id='word_1_422' title='bbox 372 5033 569 5087; x_wconf 84' lang='grc' dir='ltr'>πλῦνόν</span> <span class='ocrx_word' id='word_1_423' title='bbox 606 5050 672 5101; x_wconf 82' lang='grc' dir='ltr'><strong>με</strong></span> <span class='ocrx_word' id='word_1_424' title='bbox 702 5036 811 5086; x_wconf 83' lang='grc' dir='ltr'><strong>ὰπὸ</strong></span> <span class='ocrx_word' id='word_1_425' title='bbox 840 5034 941 5101; x_wconf 83' lang='grc' dir='ltr'><strong>τῆς</strong></span> <span class='ocrx_word' id='word_1_426' title='bbox 971 5034 1202 5101; x_wconf 84' lang='grc' dir='ltr'>ἀνομίας</span> <span class='ocrx_word' id='word_1_427' title='bbox 1231 5051 1355 5103; x_wconf 84' lang='grc' dir='ltr'>μου,</span> <span class='ocrx_word' id='word_1_428' title='bbox 1380 5036 1473 5086; x_wconf 74' lang='grc' dir='ltr'>καὶ</span> <span class='ocrx_word' id='word_1_429' title='bbox 1500 5034 1608 5086; x_wconf 73' lang='grc' dir='ltr'><strong>ἀπὸ</strong></span> <span class='ocrx_word' id='word_1_430' title='bbox 1634 5037 1733 5100; x_wconf 71' lang='grc' dir='ltr'><strong>τῆς</strong></span> 
     </span>
    </p>
   </div>
   <div class='ocr_carea' id='block_1_56' title="bbox 104 5123 1735 5199">
    <p class='ocr_par' dir='ltr' id='par_1_56' title="bbox 104 5123 1735 5199">
     <span class='ocr_line' id='line_1_56' title="bbox 104 5123 1735 5199; baseline -0.001 -22"><span class='ocrx_word' id='word_1_431' title='bbox 104 5126 435 5199; x_wconf 67' lang='grc' dir='ltr'>ἁμαρτίας</span> <span class='ocrx_word' id='word_1_432' title='bbox 465 5141 569 5193; x_wconf 83' lang='grc' dir='ltr'>μου</span> <span class='ocrx_word' id='word_1_433' title='bbox 595 5123 894 5194; x_wconf 84' lang='grc' dir='ltr'>καθάρισόν</span> <span class='ocrx_word' id='word_1_434' title='bbox 927 5140 1047 5194; x_wconf 79' lang='grc' dir='ltr'>με’»</span> <span class='ocrx_word' id='word_1_435' title='bbox 1082 5126 1131 5178; x_wconf 85' lang='grc' dir='ltr'><strong>οί</strong></span> <span class='ocrx_word' id='word_1_436' title='bbox 1168 5125 1268 5191; x_wconf 76' lang='grc' dir='ltr'>μὲν</span> <span class='ocrx_word' id='word_1_437' title='bbox 1303 5126 1478 5193; x_wconf 83' lang='grc' dir='ltr'>πάντη</span> <span class='ocrx_word' id='word_1_438' title='bbox 1512 5126 1735 5195; x_wconf 81' lang='grc' dir='ltr'>ἀνήκοοι</span> 
     </span>
    </p>
   </div>
   <div class='ocr_carea' id='block_1_57' title="bbox 98 5215 1735 5285">
    <p class='ocr_par' dir='ltr' id='par_1_57' title="bbox 98 5215 1735 5285">
     <span class='ocr_line' id='line_1_57' title="bbox 98 5215 1735 5285; baseline -0.002 -13"><span class='ocrx_word' id='word_1_439' title='bbox 98 5220 257 5272; x_wconf 80' lang='grc' dir='ltr'>τῶν</span> <span class='ocrx_word' id='word_1_440' title='bbox 298 5216 460 5269; x_wconf 80' lang='grc' dir='ltr'>θείων</span> <span class='ocrx_word' id='word_1_441' title='bbox 487 5215 848 5285; x_wconf 82' lang='grc' dir='ltr'>μαθημάτων,</span> <span class='ocrx_word' id='word_1_442' title='bbox 882 5218 1013 5283; x_wconf 71' lang='grc' dir='ltr'>πρὶν</span> <span class='ocrx_word' id='word_1_443' title='bbox 1036 5216 1228 5284; x_wconf 85' lang='grc' dir='ltr'>μαθεῖν</span> <span class='ocrx_word' id='word_1_444' title='bbox 1257 5216 1348 5268; x_wconf 80' lang='grc' dir='ltr'>τὸν</span> <span class='ocrx_word' id='word_1_445' title='bbox 1375 5215 1531 5282; x_wconf 83' lang='grc' dir='ltr'>λόγον</span> <span class='ocrx_word' id='word_1_446' title='bbox 1558 5218 1735 5284; x_wconf 77' lang='grc' dir='ltr'>ἡμαρ-</span> 
     </span>
    </p>
   </div>
   <div class='ocr_carea' id='block_1_58' title="bbox 97 5309 1730 5379">
    <p class='ocr_par' dir='ltr' id='par_1_58' title="bbox 97 5309 1730 5379">
     <span class='ocr_line' id='line_1_58' title="bbox 97 5309 1730 5379; baseline -0.001 -16"><span class='ocrx_word' id='word_1_447' title='bbox 97 5311 412 5378; x_wconf 77' lang='grc' dir='ltr'>τηκότες.</span> <span class='ocrx_word' id='word_1_448' title='bbox 458 5310 623 5361; x_wconf 75' lang='grc' dir='ltr'>οἱονεὶ</span> <span class='ocrx_word' id='word_1_449' title='bbox 674 5311 1076 5379; x_wconf 76' lang='grc' dir='ltr'>ρερυπωμένοι,</span> <span class='ocrx_word' id='word_1_450' title='bbox 1107 5310 1201 5363; x_wconf 75' lang='grc' dir='ltr'><strong>τοῦ</strong></span> <span class='ocrx_word' id='word_1_451' title='bbox 1237 5311 1345 5363; x_wconf 84' lang='grc' dir='ltr'>ἀπὸ</span> <span class='ocrx_word' id='word_1_452' title='bbox 1394 5309 1487 5362; x_wconf 84' lang='grc' dir='ltr'>τοῦ</span> <span class='ocrx_word' id='word_1_453' title='bbox 1538 5309 1730 5372; x_wconf 80' lang='grc' dir='ltr'>ὓδατος</span> 
     </span>
    </p>
   </div>
   <div class='ocr_carea' id='block_1_59' title="bbox 97 5400 1727 5471">
    <p class='ocr_par' dir='ltr' id='par_1_59' title="bbox 97 5400 1727 5471">
     <span class='ocr_line' id='line_1_59' title="bbox 97 5400 1727 5471; baseline -0.002 -14"><span class='ocrx_word' id='word_1_454' title='bbox 97 5406 370 5457; x_wconf 74' lang='grc' dir='ltr'>δέονται</span> <span class='ocrx_word' id='word_1_455' title='bbox 402 5402 745 5471; x_wconf 82' lang='grc' dir='ltr'>καθαρισμοῦ</span> <span class='ocrx_word' id='word_1_456' title='bbox 765 5420 779 5434; x_wconf 75' lang='grc' dir='ltr'><strong><em>ο</em></strong></span> <span class='ocrx_word' id='word_1_457' title='bbox 809 5404 858 5454; x_wconf 71' lang='lat' dir='ltr'><strong>oi</strong></span> <span class='ocrx_word' id='word_1_458' title='bbox 887 5403 941 5455; x_wconf 85' lang='grc' dir='ltr'><strong>δὲ</strong></span> <span class='ocrx_word' id='word_1_459' title='bbox 971 5402 1108 5471; x_wconf 82' lang='grc' dir='ltr'>μετὰ</span> <span class='ocrx_word' id='word_1_460' title='bbox 1138 5403 1197 5454; x_wconf 82' lang='grc' dir='ltr'>τὸ</span> <span class='ocrx_word' id='word_1_461' title='bbox 1237 5401 1422 5455; x_wconf 77' lang='grc' dir='ltr'>λαϐεῖν</span> <span class='ocrx_word' id='word_1_462' title='bbox 1453 5401 1550 5470; x_wconf 82' lang='grc' dir='ltr'><strong>τὴν</strong></span> <span class='ocrx_word' id='word_1_463' title='bbox 1584 5400 1727 5470; x_wconf 78' lang='grc' dir='ltr'>ζωὴν</span> 
     </span>
    </p>
   </div>
   <div class='ocr_carea' id='block_1_60' title="bbox 97 5492 1726 5562">
    <p class='ocr_par' dir='ltr' id='par_1_60' title="bbox 97 5492 1726 5562">
     <span class='ocr_line' id='line_1_60' title="bbox 97 5492 1726 5562; baseline -0.002 -15"><span class='ocrx_word' id='word_1_464' title='bbox 97 5492 602 5554; x_wconf 76' lang='grc' dir='ltr'>ἑπιόουλεύοντες</span> <span class='ocrx_word' id='word_1_465' title='bbox 629 5495 865 5557; x_wconf 82' lang='grc' dir='ltr'>ἑαυτοῖς,</span> <span class='ocrx_word' id='word_1_466' title='bbox 895 5494 1086 5562; x_wconf 76' lang='grc' dir='ltr'>αἵματι</span> <span class='ocrx_word' id='word_1_467' title='bbox 1126 5494 1278 5554; x_wconf 68' lang='grc' dir='ltr'>ὄντες</span> <span class='ocrx_word' id='word_1_468' title='bbox 1313 5494 1510 5562; x_wconf 78' lang='grc' dir='ltr'>ἔνοχοι,</span> <span class='ocrx_word' id='word_1_469' title='bbox 1541 5492 1633 5543; x_wconf 88' lang='grc' dir='ltr'><strong>τοῦ</strong></span> <span class='ocrx_word' id='word_1_470' title='bbox 1664 5495 1726 5544; x_wconf 85' lang='grc' dir='ltr'><strong>ἐκ</strong></span> 
     </span>
    </p>
   </div>
   <div class='ocr_carea' id='block_1_61' title="bbox 95 5582 1731 5657">
    <p class='ocr_par' dir='ltr' id='par_1_61' title="bbox 95 5582 1731 5657">
     <span class='ocr_line' id='line_1_61' title="bbox 95 5582 1731 5657; baseline 0.001 -19"><span class='ocrx_word' id='word_1_471' title='bbox 95 5582 242 5638; x_wconf 78' lang='grc' dir='ltr'><strong>τοῦ</strong></span> <span class='ocrx_word' id='word_1_472' title='bbox 276 5584 452 5651; x_wconf 82' lang='grc' dir='ltr'>πυρὸς</span> <span class='ocrx_word' id='word_1_473' title='bbox 484 5586 692 5638; x_wconf 79' lang='grc' dir='ltr'>δέονται</span> <span class='ocrx_word' id='word_1_474' title='bbox 723 5588 1090 5657; x_wconf 87' lang='grc' dir='ltr'>καθαρισμοῦ.</span> <span class='ocrx_word' id='word_1_475' title='bbox 1124 5589 1279 5642; x_wconf 77' lang='grc' dir='ltr'>Ἔστι</span> <span class='ocrx_word' id='word_1_476' title='bbox 1316 5589 1371 5641; x_wconf 80' lang='grc' dir='ltr'><strong>δέ</strong></span> <span class='ocrx_word' id='word_1_477' title='bbox 1400 5588 1495 5641; x_wconf 67' lang='grc' dir='ltr'><strong>καὶ</strong></span> <span class='ocrx_word' id='word_1_478' title='bbox 1525 5586 1731 5639; x_wconf 82' lang='grc' dir='ltr'>ἁπλού-</span> 
     </span>
    </p>
   </div>
   <div class='ocr_carea' id='block_1_62' title="bbox 228 5762 705 5830">
    <p class='ocr_par' dir='ltr' id='par_1_62' title="bbox 228 5762 705 5830">
     <span class='ocr_line' id='line_1_62' title="bbox 228 5762 705 5830; baseline 0.004 -11"><span class='ocrx_word' id='word_1_479' title='bbox 228 5762 304 5793; x_wconf 81' lang='grc'><strong>⁸¹’</strong></span> <span class='ocrx_word' id='word_1_480' title='bbox 335 5765 514 5819; x_wconf 80' lang='lat' dir='ltr'><strong>‘Psal.</strong></span> <span class='ocrx_word' id='word_1_481' title='bbox 552 5781 605 5830; x_wconf 78' lang='grc' dir='ltr'><strong>ι..</strong></span> <span class='ocrx_word' id='word_1_482' title='bbox 648 5765 705 5821; x_wconf 75' lang='grc'><strong>4.</strong></span> 
     </span>
    </p>
   </div>
   <div class='ocr_carea' id='block_1_63' title="bbox 1826 551 3390 621">
    <p class='ocr_par' dir='ltr' id='par_1_63' title="bbox 1826 551 3390 621">
     <span class='ocr_line' id='line_1_63' title="bbox 1826 551 3390 621; baseline 0.005 -18"><span class='ocrx_word' id='word_1_483' title='bbox 1826 556 1921 605; x_wconf 64' lang='grc' dir='ltr'><strong>ηαξ</strong></span> <span class='ocrx_word' id='word_1_484' title='bbox 1948 552 2014 606; x_wconf 87' lang='lat' dir='ltr'><strong>ab</strong></span> <span class='ocrx_word' id='word_1_485' title='bbox 2038 552 2208 621; x_wconf 84' lang='lat' dir='ltr'><strong>ipsius</strong></span> <span class='ocrx_word' id='word_1_486' title='bbox 2236 551 2428 605; x_wconf 76' lang='lat' dir='ltr'><strong>aliena:</strong></span> <span class='ocrx_word' id='word_1_487' title='bbox 2457 563 2670 615; x_wconf 85' lang='lat' dir='ltr'><strong>natura,</strong></span> <span class='ocrx_word' id='word_1_488' title='bbox 2703 553 3064 608; x_wconf 94' lang='lat' dir='ltr'><strong>adulterinum</strong></span> <span class='ocrx_word' id='word_1_489' title='bbox 3098 558 3295 618; x_wconf 81' lang='lat' dir='ltr'><strong>evadit.</strong></span> <span class='ocrx_word' id='word_1_490' title='bbox 3328 575 3390 611; x_wconf 81' lang='lat' dir='ltr'><strong>ac</strong></span> 
     </span>
    </p>
   </div>
   <div class='ocr_carea' id='block_1_64' title="bbox 1824 642 3390 711">
    <p class='ocr_par' dir='ltr' id='par_1_64' title="bbox 1824 642 3390 711">
     <span class='ocr_line' id='line_1_64' title="bbox 1824 642 3390 711; baseline 0.005 -18"><span class='ocrx_word' id='word_1_491' title='bbox 1824 642 1890 694; x_wconf 90' lang='lat' dir='ltr'><strong>de</strong></span> <span class='ocrx_word' id='word_1_492' title='bbox 1919 658 2017 696; x_wconf 89' lang='lat' dir='ltr'><strong>suo</strong></span> <span class='ocrx_word' id='word_1_493' title='bbox 2070 643 2360 711; x_wconf 84' lang='lat' dir='ltr'><strong>splendore</strong></span> <span class='ocrx_word' id='word_1_494' title='bbox 2403 642 2730 699; x_wconf 76' lang='lat' dir='ltr'><strong>diminutum</strong></span> <span class='ocrx_word' id='word_1_495' title='bbox 2784 647 2972 699; x_wconf 83' lang='lat' dir='ltr'><strong>inutile</strong></span> <span class='ocrx_word' id='word_1_496' title='bbox 3010 647 3254 700; x_wconf 76' lang='lat' dir='ltr'><strong>redditur</strong></span> <span class='ocrx_word' id='word_1_497' title='bbox 3286 664 3299 701; x_wconf 88' lang='lat'><strong>:</strong></span> <span class='ocrx_word' id='word_1_498' title='bbox 3337 661 3390 701; x_wconf 79' lang='lat' dir='ltr'><strong>at</strong></span> 
     </span>
    </p>
   </div>
   <div class='ocr_carea' id='block_1_65' title="bbox 1827 735 3393 804">
    <p class='ocr_par' dir='ltr' id='par_1_65' title="bbox 1827 735 3393 804">
     <span class='ocr_line' id='line_1_65' title="bbox 1827 735 3393 804; baseline 0.003 -16"><span class='ocrx_word' id='word_1_499' title='bbox 1827 735 1874 788; x_wconf 87' lang='lat' dir='ltr'><strong>si</strong></span> <span class='ocrx_word' id='word_1_500' title='bbox 1908 736 2191 803; x_wconf 83' lang='lat' dir='ltr'><strong>probatum</strong></span> <span class='ocrx_word' id='word_1_501' title='bbox 2228 737 2350 804; x_wconf 86' lang='lat' dir='ltr'><strong>igne</strong></span> <span class='ocrx_word' id='word_1_502' title='bbox 2390 736 2573 801; x_wconf 76' lang='lat' dir='ltr'><strong>fuerit,</strong></span> <span class='ocrx_word' id='word_1_503' title='bbox 2611 738 2795 791; x_wconf 77' lang='lat' dir='ltr'><strong>vitium</strong></span> <span class='ocrx_word' id='word_1_504' title='bbox 2832 738 2958 791; x_wconf 89' lang='lat' dir='ltr'><strong>illud</strong></span> <span class='ocrx_word' id='word_1_505' title='bbox 2999 739 3304 794; x_wconf 86' lang='lat' dir='ltr'><strong>absumitur</strong></span> <span class='ocrx_word' id='word_1_506' title='bbox 3337 751 3393 794; x_wconf 87' lang='lat' dir='ltr'><strong>et</strong></span> 
     </span>
    </p>
   </div>
   <div class='ocr_carea' id='block_1_66' title="bbox 1823 825 3386 898">
    <p class='ocr_par' dir='ltr' id='par_1_66' title="bbox 1823 825 3386 898">
     <span class='ocr_line' id='line_1_66' title="bbox 1823 825 3386 898; baseline 0.003 -21"><span class='ocrx_word' id='word_1_507' title='bbox 1823 825 2100 878; x_wconf 89' lang='lat' dir='ltr'><strong>abolitioni</strong></span> <span class='ocrx_word' id='word_1_508' title='bbox 2141 826 2388 892; x_wconf 81' lang='lat' dir='ltr'><strong>traditur,</strong></span> <span class='ocrx_word' id='word_1_509' title='bbox 2423 845 2614 882; x_wconf 85' lang='lat' dir='ltr'><strong>aurum</strong></span> <span class='ocrx_word' id='word_1_510' title='bbox 2665 845 2793 883; x_wconf 88' lang='lat' dir='ltr'><strong>vero</strong></span> <span class='ocrx_word' id='word_1_511' title='bbox 2825 831 3115 898; x_wconf 88' lang='lat' dir='ltr'><strong>pristinum</strong></span> <span class='ocrx_word' id='word_1_512' title='bbox 3154 834 3386 886; x_wconf 76' lang='lat' dir='ltr'><strong>niterent</strong></span> 
     </span>
    </p>
   </div>
   <div class='ocr_carea' id='block_1_67' title="bbox 1824 918 3390 993">
    <p class='ocr_par' dir='ltr' id='par_1_67' title="bbox 1824 918 3390 993">
     <span class='ocr_line' id='line_1_67' title="bbox 1824 918 3390 993; baseline 0.004 -24"><span class='ocrx_word' id='word_1_513' title='bbox 1824 918 2037 984; x_wconf 88' lang='lat' dir='ltr'><strong>recipit.</strong></span> <span class='ocrx_word' id='word_1_514' title='bbox 2082 918 2174 973; x_wconf 90' lang='lat' dir='ltr'><strong>Sic</strong></span> <span class='ocrx_word' id='word_1_515' title='bbox 2198 927 2252 972; x_wconf 88' lang='lat' dir='ltr'><strong>ct</strong></span> <span class='ocrx_word' id='word_1_516' title='bbox 2279 921 2459 974; x_wconf 87' lang='lat' dir='ltr'><strong>anima</strong></span> <span class='ocrx_word' id='word_1_517' title='bbox 2506 936 2598 988; x_wconf 82' lang='lat' dir='ltr'><strong>per</strong></span> <span class='ocrx_word' id='word_1_518' title='bbox 2631 923 2809 990; x_wconf 81' lang='lat' dir='ltr'><strong>ignem</strong></span> <span class='ocrx_word' id='word_1_519' title='bbox 2862 923 3198 993; x_wconf 79' lang='lat' dir='ltr'><strong>purgationis</strong></span> <span class='ocrx_word' id='word_1_520' title='bbox 3228 924 3390 976; x_wconf 69' lang='lat' dir='ltr'><strong>elnt‘s</strong></span> 
     </span>
    </p>
   </div>
   <div class='ocr_carea' id='block_1_68' title="bbox 1823 1008 3389 1081">
    <p class='ocr_par' dir='ltr' id='par_1_68' title="bbox 1823 1008 3389 1081">
     <span class='ocr_line' id='line_1_68' title="bbox 1823 1008 3389 1081; baseline 0.002 -21"><span class='ocrx_word' id='word_1_521' title='bbox 1823 1008 2101 1071; x_wconf 76' lang='lat' dir='ltr'><strong>sordibus,</strong></span> <span class='ocrx_word' id='word_1_522' title='bbox 2156 1020 2374 1078; x_wconf 85' lang='lat' dir='ltr'><strong>propter</strong></span> <span class='ocrx_word' id='word_1_523' title='bbox 2427 1026 2563 1079; x_wconf 86' lang='lat' dir='ltr'><strong>quas</strong></span> <span class='ocrx_word' id='word_1_524' title='bbox 2614 1026 2679 1064; x_wconf 80' lang='lat' dir='ltr'><strong>ex</strong></span> <span class='ocrx_word' id='word_1_525' title='bbox 2737 1012 3057 1081; x_wconf 73' lang='lat' dir='ltr'><strong>negligentia</strong></span> <span class='ocrx_word' id='word_1_526' title='bbox 3106 1021 3162 1066; x_wconf 91' lang='lat' dir='ltr'><strong>et</strong></span> <span class='ocrx_word' id='word_1_527' title='bbox 3196 1013 3389 1066; x_wconf 50' lang='lat' dir='ltr'><strong>inertia</strong></span> 
     </span>
    </p>
   </div>
   <div class='ocr_carea' id='block_1_69' title="bbox 1823 1100 3396 1171">
    <p class='ocr_par' dir='ltr' id='par_1_69' title="bbox 1823 1100 3396 1171">
     <span class='ocr_line' id='line_1_69' title="bbox 1823 1100 3396 1171; baseline 0.004 -20"><span class='ocrx_word' id='word_1_528' title='bbox 1823 1100 2189 1159; x_wconf 77' lang='lat' dir='ltr'><strong>sordescebat,</strong></span> <span class='ocrx_word' id='word_1_529' title='bbox 2226 1118 2413 1156; x_wconf 88' lang='lat' dir='ltr'><strong>rursus</strong></span> <span class='ocrx_word' id='word_1_530' title='bbox 2446 1104 2509 1156; x_wconf 89' lang='lat' dir='ltr'><strong>ad</strong></span> <span class='ocrx_word' id='word_1_531' title='bbox 2548 1105 2781 1170; x_wconf 86' lang='lat' dir='ltr'><strong>priorem</strong></span> <span class='ocrx_word' id='word_1_532' title='bbox 2815 1105 3156 1171; x_wconf 83' lang='lat' dir='ltr'><strong>splendorem</strong></span> <span class='ocrx_word' id='word_1_533' title='bbox 3209 1116 3262 1159; x_wconf 91' lang='lat' dir='ltr'><strong>et</strong></span> <span class='ocrx_word' id='word_1_534' title='bbox 3298 1121 3396 1157; x_wconf 87' lang='lat' dir='ltr'><strong>no-</strong></span> 
     </span>
    </p>
   </div>
   <div class='ocr_carea' id='block_1_70' title="bbox 1826 1187 3392 1248">
    <p class='ocr_par' dir='ltr' id='par_1_70' title="bbox 1826 1187 3392 1248">
     <span class='ocr_line' id='line_1_70' title="bbox 1826 1187 3392 1248; baseline 0.004 -7"><span class='ocrx_word' id='word_1_535' title='bbox 1826 1187 2088 1243; x_wconf 84' lang='lat' dir='ltr'><strong>bilitatem</strong></span> <span class='ocrx_word' id='word_1_536' title='bbox 2118 1193 2426 1245; x_wconf 76' lang='lat' dir='ltr'><strong>revortitur.</strong></span> <span class='ocrx_word' id='word_1_537' title='bbox 2463 1192 2615 1247; x_wconf 83' lang='lat' dir='ltr'><strong>Hanc</strong></span> <span class='ocrx_word' id='word_1_538' title='bbox 2642 1209 2814 1247; x_wconf 86' lang='lat' dir='ltr'><strong>meam</strong></span> <span class='ocrx_word' id='word_1_539' title='bbox 2843 1195 3163 1248; x_wconf 86' lang='lat' dir='ltr'><strong>sententiam</strong></span> <span class='ocrx_word' id='word_1_540' title='bbox 3191 1196 3392 1248; x_wconf 89' lang='lat' dir='ltr'><strong>conﬁr-</strong></span> 
     </span>
    </p>
   </div>
   <div class='ocr_carea' id='block_1_71' title="bbox 1824 1281 3391 1353">
    <p class='ocr_par' dir='ltr' id='par_1_71' title="bbox 1824 1281 3391 1353">
     <span class='ocr_line' id='line_1_71' title="bbox 1824 1281 3391 1353; baseline 0.004 -21"><span class='ocrx_word' id='word_1_541' title='bbox 1824 1281 1996 1334; x_wconf 85' lang='lat' dir='ltr'><strong>mabit</strong></span> <span class='ocrx_word' id='word_1_542' title='bbox 2028 1283 2243 1338; x_wconf 78' lang='lat' dir='ltr'><strong>cmlitus</strong></span> <span class='ocrx_word' id='word_1_543' title='bbox 2271 1285 2546 1340; x_wconf 83' lang='lat' dir='ltr'><strong>demissus</strong></span> <span class='ocrx_word' id='word_1_544' title='bbox 2568 1295 2621 1338; x_wconf 91' lang='lat' dir='ltr'><strong>et</strong></span> <span class='ocrx_word' id='word_1_545' title='bbox 2650 1301 2804 1339; x_wconf 80' lang='lat' dir='ltr'><strong>sacer</strong></span> <span class='ocrx_word' id='word_1_546' title='bbox 2836 1286 3067 1340; x_wconf 86' lang='lat' dir='ltr'><strong>Basilius</strong></span> <span class='ocrx_word' id='word_1_547' title='bbox 3092 1288 3145 1339; x_wconf 89' lang='lat' dir='ltr'><strong>in</strong></span> <span class='ocrx_word' id='word_1_548' title='bbox 3177 1287 3391 1353; x_wconf 82' lang='lat' dir='ltr'><strong>exposi-</strong></span> 
     </span>
    </p>
   </div>
   <div class='ocr_carea' id='block_1_72' title="bbox 1826 1372 3391 1443">
    <p class='ocr_par' dir='ltr' id='par_1_72' title="bbox 1826 1372 3391 1443">
     <span class='ocr_line' id='line_1_72' title="bbox 1826 1372 3391 1443; baseline 0.003 -18"><span class='ocrx_word' id='word_1_549' title='bbox 1826 1372 1971 1426; x_wconf 87' lang='lat' dir='ltr'><strong>tione</strong></span> <span class='ocrx_word' id='word_1_550' title='bbox 2005 1375 2145 1428; x_wconf 84' lang='lat' dir='ltr'><strong>beati</strong></span> <span class='ocrx_word' id='word_1_551' title='bbox 2186 1375 2338 1428; x_wconf 76' lang='lat' dir='ltr'><strong>lsaize</strong></span> <span class='ocrx_word' id='word_1_552' title='bbox 2363 1376 2641 1443; x_wconf 52' lang='lat' dir='ltr'><strong>proiibetzn</strong></span> <span class='ocrx_word' id='word_1_553' title='bbox 2671 1392 2834 1443; x_wconf 87' lang='lat' dir='ltr'><strong>super</strong></span> <span class='ocrx_word' id='word_1_554' title='bbox 2864 1392 2927 1429; x_wconf 89' lang='lat' dir='ltr'><strong>ea</strong></span> <span class='ocrx_word' id='word_1_555' title='bbox 2955 1379 3114 1432; x_wconf 87' lang='lat' dir='ltr'><strong>verba</strong></span> <span class='ocrx_word' id='word_1_556' title='bbox 3144 1395 3159 1430; x_wconf 89' lang='lat'><strong>:</strong></span> <span class='ocrx_word' id='word_1_557' title='bbox 3190 1396 3208 1428; x_wconf 82' lang='grc' dir='ltr'><strong>ι</strong></span> <span class='ocrx_word' id='word_1_558' title='bbox 3240 1378 3391 1442; x_wconf 83' lang='lat' dir='ltr'><strong>Quod</strong></span> 
     </span>
    </p>
   </div>
   <div class='ocr_carea' id='block_1_73' title="bbox 1824 1462 3394 1528">
    <p class='ocr_par' dir='ltr' id='par_1_73' title="bbox 1824 1462 3394 1528">
     <span class='ocr_line' id='line_1_73' title="bbox 1824 1462 3394 1528; baseline 0.003 -13"><span class='ocrx_word' id='word_1_559' title='bbox 1824 1463 1866 1515; x_wconf 95' lang='lat' dir='ltr'><strong>si</strong></span> <span class='ocrx_word' id='word_1_560' title='bbox 1905 1464 2138 1517; x_wconf 88' lang='lat' dir='ltr'><strong>abluerit</strong></span> <span class='ocrx_word' id='word_1_561' title='bbox 2189 1462 2451 1519; x_wconf 89' lang='lat' dir='ltr'><strong>Dominus</strong></span> <span class='ocrx_word' id='word_1_562' title='bbox 2480 1464 2670 1519; x_wconf 84' lang='lat' dir='ltr'><strong>sordes</strong></span> <span class='ocrx_word' id='word_1_563' title='bbox 2700 1466 2930 1519; x_wconf 88' lang='lat' dir='ltr'><strong>ﬁliarum</strong></span> <span class='ocrx_word' id='word_1_564' title='bbox 2978 1466 3132 1528; x_wconf 85' lang='lat' dir='ltr'><strong>Sion,</strong></span> <span class='ocrx_word' id='word_1_565' title='bbox 3168 1476 3221 1520; x_wconf 87' lang='lat' dir='ltr'><strong>et</strong></span> <span class='ocrx_word' id='word_1_566' title='bbox 3268 1482 3394 1519; x_wconf 85' lang='lat' dir='ltr'><strong>san-</strong></span> 
     </span>
    </p>
   </div>
   <div class='ocr_carea' id='block_1_74' title="bbox 1824 1555 3392 1628">
    <p class='ocr_par' dir='ltr' id='par_1_74' title="bbox 1824 1555 3392 1628">
     <span class='ocr_line' id='line_1_74' title="bbox 1824 1555 3392 1628; baseline 0.002 -20"><span class='ocrx_word' id='word_1_567' title='bbox 1824 1556 2042 1623; x_wconf 73' lang='lat' dir='ltr'><strong>guinem</strong></span> <span class='ocrx_word' id='word_1_568' title='bbox 2077 1555 2272 1609; x_wconf 80' lang='lat' dir='ltr'><strong>laverit</strong></span> <span class='ocrx_word' id='word_1_569' title='bbox 2300 1556 2599 1611; x_wconf 81' lang='lat' dir='ltr'><strong>Jerusalem</strong></span> <span class='ocrx_word' id='word_1_570' title='bbox 2635 1558 2703 1610; x_wconf 88' lang='lat' dir='ltr'><strong>de</strong></span> <span class='ocrx_word' id='word_1_571' title='bbox 2746 1561 2927 1614; x_wconf 84' lang='lat' dir='ltr'><strong>medio</strong></span> <span class='ocrx_word' id='word_1_572' title='bbox 2957 1560 3077 1628; x_wconf 84' lang='lat' dir='ltr'><strong>ejus</strong></span> <span class='ocrx_word' id='word_1_573' title='bbox 3110 1563 3161 1613; x_wconf 88' lang='lat' dir='ltr'><strong>in</strong></span> <span class='ocrx_word' id='word_1_574' title='bbox 3199 1560 3392 1628; x_wconf 85' lang='lat' dir='ltr'><strong>spiritu</strong></span> 
     </span>
    </p>
   </div>
   <div class='ocr_carea' id='block_1_75' title="bbox 1821 1647 3394 1720">
    <p class='ocr_par' dir='ltr' id='par_1_75' title="bbox 1821 1647 3394 1720">
     <span class='ocr_line' id='line_1_75' title="bbox 1821 1647 3394 1720; baseline 0.004 -19"><span class='ocrx_word' id='word_1_575' title='bbox 1821 1647 2012 1715; x_wconf 80' lang='lat' dir='ltr'><strong>judicii</strong></span> <span class='ocrx_word' id='word_1_576' title='bbox 2042 1658 2094 1701; x_wconf 90' lang='lat' dir='ltr'><strong>et</strong></span> <span class='ocrx_word' id='word_1_577' title='bbox 2121 1650 2352 1705; x_wconf 86' lang='lat' dir='ltr'><strong>ardoris.</strong></span> <span class='ocrx_word' id='word_1_578' title='bbox 2391 1670 2408 1699; x_wconf 76' lang='grc' dir='ltr'><strong>ι</strong></span> <span class='ocrx_word' id='word_1_579' title='bbox 2452 1653 2574 1703; x_wconf 64' lang='grc' dir='ltr'>Ηαιο</span> <span class='ocrx_word' id='word_1_580' title='bbox 2599 1653 2760 1704; x_wconf 87' lang='lat' dir='ltr'><strong>verba</strong></span> <span class='ocrx_word' id='word_1_581' title='bbox 2799 1665 2984 1720; x_wconf 89' lang='lat' dir='ltr'><strong>aperte</strong></span> <span class='ocrx_word' id='word_1_582' title='bbox 3036 1655 3175 1707; x_wconf 84' lang='lat' dir='ltr'><strong>idem</strong></span> <span class='ocrx_word' id='word_1_583' title='bbox 3205 1656 3394 1708; x_wconf 88' lang='lat' dir='ltr'><strong>dicunt</strong></span> 
     </span>
    </p>
   </div>
   <div class='ocr_carea' id='block_1_76' title="bbox 1826 1740 3395 1810">
    <p class='ocr_par' dir='ltr' id='par_1_76' title="bbox 1826 1740 3395 1810">
     <span class='ocr_line' id='line_1_76' title="bbox 1826 1740 3395 1810; baseline 0.004 -17"><span class='ocrx_word' id='word_1_584' title='bbox 1826 1754 1948 1793; x_wconf 91' lang='lat' dir='ltr'><strong>cum</strong></span> <span class='ocrx_word' id='word_1_585' title='bbox 1997 1740 2208 1794; x_wconf 82' lang='lat' dir='ltr'><strong>Joanne</strong></span> <span class='ocrx_word' id='word_1_586' title='bbox 2267 1743 2483 1810; x_wconf 81' lang='lat' dir='ltr'><strong>quando</strong></span> <span class='ocrx_word' id='word_1_587' title='bbox 2522 1745 2649 1797; x_wconf 90' lang='lat' dir='ltr'><strong>dicit</strong></span> <span class='ocrx_word' id='word_1_588' title='bbox 2695 1744 2763 1798; x_wconf 92' lang='lat' dir='ltr'><strong>de</strong></span> <span class='ocrx_word' id='word_1_589' title='bbox 2806 1744 3073 1798; x_wconf 91' lang='lat' dir='ltr'><strong>Domino:</strong></span> <span class='ocrx_word' id='word_1_590' title='bbox 3117 1766 3134 1797; x_wconf 78' lang='grc' dir='ltr'><strong>ι</strong></span> <span class='ocrx_word' id='word_1_591' title='bbox 3172 1744 3264 1799; x_wconf 90' lang='lat' dir='ltr'><strong>llle</strong></span> <span class='ocrx_word' id='word_1_592' title='bbox 3302 1762 3395 1799; x_wconf 76' lang='lat' dir='ltr'><strong>vos</strong></span> 
     </span>
    </p>
   </div>
   <div class='ocr_carea' id='block_1_77' title="bbox 1825 1831 3390 1906">
    <p class='ocr_par' dir='ltr' id='par_1_77' title="bbox 1825 1831 3390 1906">
     <span class='ocr_line' id='line_1_77' title="bbox 1825 1831 3390 1906; baseline 0.006 -22"><span class='ocrx_word' id='word_1_593' title='bbox 1825 1831 2116 1899; x_wconf 87' lang='lat' dir='ltr'><strong>baptizabit</strong></span> <span class='ocrx_word' id='word_1_594' title='bbox 2156 1833 2210 1886; x_wconf 89' lang='lat' dir='ltr'><strong>in</strong></span> <span class='ocrx_word' id='word_1_595' title='bbox 2245 1834 2450 1903; x_wconf 83' lang='lat' dir='ltr'><strong>Spiritu</strong></span> <span class='ocrx_word' id='word_1_596' title='bbox 2489 1846 2680 1891; x_wconf 86' lang='lat' dir='ltr'><strong>sancto</strong></span> <span class='ocrx_word' id='word_1_597' title='bbox 2718 1848 2769 1891; x_wconf 86' lang='lat' dir='ltr'><strong>et</strong></span> <span class='ocrx_word' id='word_1_598' title='bbox 2802 1838 2958 1906; x_wconf 83' lang='lat' dir='ltr'><strong>igne;</strong></span> <span class='ocrx_word' id='word_1_599' title='bbox 3001 1858 3018 1888; x_wconf 71' lang='grc' dir='ltr'><strong>ι</strong></span> <span class='ocrx_word' id='word_1_600' title='bbox 3058 1839 3123 1892; x_wconf 91' lang='lat' dir='ltr'><strong>de</strong></span> <span class='ocrx_word' id='word_1_601' title='bbox 3154 1855 3211 1893; x_wconf 93' lang='lat' dir='ltr'><strong>se</strong></span> <span class='ocrx_word' id='word_1_602' title='bbox 3241 1856 3390 1903; x_wconf 83' lang='lat' dir='ltr'><strong>vero.</strong></span> 
     </span>
    </p>
   </div>
   <div class='ocr_carea' id='block_1_78' title="bbox 1830 1924 3388 1996">
    <p class='ocr_par' dir='ltr' id='par_1_78' title="bbox 1830 1924 3388 1996">
     <span class='ocr_line' id='line_1_78' title="bbox 1830 1924 3388 1996; baseline 0.005 -23"><span class='ocrx_word' id='word_1_603' title='bbox 1830 1942 1849 1973; x_wconf 74' lang='grc' dir='ltr'><strong>ι</strong></span> <span class='ocrx_word' id='word_1_604' title='bbox 1885 1924 1993 1992; x_wconf 66' lang='lat' dir='ltr'><strong>Ego</strong></span> <span class='ocrx_word' id='word_1_605' title='bbox 2029 1940 2123 1979; x_wconf 86' lang='lat' dir='ltr'><strong>vos</strong></span> <span class='ocrx_word' id='word_1_606' title='bbox 2159 1925 2373 1994; x_wconf 85' lang='lat' dir='ltr'><strong>baptizo</strong></span> <span class='ocrx_word' id='word_1_607' title='bbox 2401 1930 2455 1979; x_wconf 89' lang='lat' dir='ltr'><strong>in</strong></span> <span class='ocrx_word' id='word_1_608' title='bbox 2486 1942 2623 1995; x_wconf 88' lang='lat' dir='ltr'><strong>aqua</strong></span> <span class='ocrx_word' id='word_1_609' title='bbox 2665 1930 2730 1981; x_wconf 89' lang='lat' dir='ltr'><strong>ad</strong></span> <span class='ocrx_word' id='word_1_610' title='bbox 2763 1929 3161 1996; x_wconf 75' lang='lat' dir='ltr'><strong>paenitentiam.</strong></span> <span class='ocrx_word' id='word_1_611' title='bbox 3204 1950 3223 1981; x_wconf 73' lang='grc' dir='ltr'><strong>ι</strong></span> <span class='ocrx_word' id='word_1_612' title='bbox 3253 1931 3388 1986; x_wconf 88' lang='lat' dir='ltr'><strong>Cum</strong></span> 
     </span>
    </p>
   </div>
   <div class='ocr_carea' id='block_1_79' title="bbox 1825 2015 3391 2090">
    <p class='ocr_par' dir='ltr' id='par_1_79' title="bbox 1825 2015 3391 2090">
     <span class='ocr_line' id='line_1_79' title="bbox 1825 2015 3391 2090; baseline 0.006 -24"><span class='ocrx_word' id='word_1_613' title='bbox 1825 2015 1987 2083; x_wconf 81' lang='lat' dir='ltr'><strong>igitur</strong></span> <span class='ocrx_word' id='word_1_614' title='bbox 2020 2025 2307 2085; x_wconf 89' lang='lat' dir='ltr'><strong>utrumque</strong></span> <span class='ocrx_word' id='word_1_615' title='bbox 2331 2016 2591 2072; x_wconf 91' lang='lat' dir='ltr'><strong>Dominus</strong></span> <span class='ocrx_word' id='word_1_616' title='bbox 2616 2019 2984 2087; x_wconf 81' lang='lat' dir='ltr'><strong>conjunxerit,</strong></span> <span class='ocrx_word' id='word_1_617' title='bbox 3010 2021 3217 2075; x_wconf 89' lang='lat' dir='ltr'><strong>scilicet</strong></span> <span class='ocrx_word' id='word_1_618' title='bbox 3247 2024 3391 2090; x_wconf 87' lang='lat' dir='ltr'><strong>quod</strong></span> 
     </span>
    </p>
   </div>
   <div class='ocr_carea' id='block_1_80' title="bbox 1822 2108 3395 2183">
    <p class='ocr_par' dir='ltr' id='par_1_80' title="bbox 1822 2108 3395 2183">
     <span class='ocr_line' id='line_1_80' title="bbox 1822 2108 3395 2183; baseline 0.004 -25"><span class='ocrx_word' id='word_1_619' title='bbox 1822 2120 1889 2159; x_wconf 78' lang='lat' dir='ltr'><strong>ex</strong></span> <span class='ocrx_word' id='word_1_620' title='bbox 1920 2120 2061 2174; x_wconf 86' lang='lat' dir='ltr'><strong>aqua</strong></span> <span class='ocrx_word' id='word_1_621' title='bbox 2090 2116 2172 2161; x_wconf 87' lang='lat' dir='ltr'><strong>est</strong></span> <span class='ocrx_word' id='word_1_622' title='bbox 2206 2108 2273 2163; x_wconf 89' lang='lat' dir='ltr'><strong>ad</strong></span> <span class='ocrx_word' id='word_1_623' title='bbox 2315 2109 2687 2175; x_wconf 71' lang='lat' dir='ltr'><strong>ptenitentiam</strong></span> <span class='ocrx_word' id='word_1_624' title='bbox 2718 2119 2772 2163; x_wconf 90' lang='lat' dir='ltr'><strong>et</strong></span> <span class='ocrx_word' id='word_1_625' title='bbox 2817 2126 2879 2163; x_wconf 75' lang='lat' dir='ltr'><strong>ex</strong></span> <span class='ocrx_word' id='word_1_626' title='bbox 2916 2110 3110 2179; x_wconf 86' lang='lat' dir='ltr'><strong>spiritu</strong></span> <span class='ocrx_word' id='word_1_627' title='bbox 3139 2113 3203 2166; x_wconf 83' lang='lat' dir='ltr'><strong>ad</strong></span> <span class='ocrx_word' id='word_1_628' title='bbox 3244 2128 3395 2183; x_wconf 83' lang='lat' dir='ltr'><strong>rege-</strong></span> 
     </span>
    </p>
   </div>
   <div class='ocr_carea' id='block_1_81' title="bbox 1824 2195 3392 2272">
    <p class='ocr_par' dir='ltr' id='par_1_81' title="bbox 1824 2195 3392 2272">
     <span class='ocr_line' id='line_1_81' title="bbox 1824 2195 3392 2272; baseline 0.006 -25"><span class='ocrx_word' id='word_1_629' title='bbox 1824 2195 2186 2259; x_wconf 86' lang='lat' dir='ltr'><strong>nerationem,</strong></span> <span class='ocrx_word' id='word_1_630' title='bbox 2220 2212 2285 2250; x_wconf 90' lang='lat' dir='ltr'><strong>ac</strong></span> <span class='ocrx_word' id='word_1_631' title='bbox 2337 2197 2502 2251; x_wconf 85' lang='lat' dir='ltr'><strong>verba</strong></span> <span class='ocrx_word' id='word_1_632' title='bbox 2548 2206 2841 2267; x_wconf 85' lang='lat' dir='ltr'><strong>utrumque</strong></span> <span class='ocrx_word' id='word_1_633' title='bbox 2873 2200 3139 2269; x_wconf 85' lang='lat' dir='ltr'><strong>baptisma</strong></span> <span class='ocrx_word' id='word_1_634' title='bbox 3191 2203 3392 2272; x_wconf 84' lang='lat' dir='ltr'><strong>signiﬁ-</strong></span> 
     </span>
    </p>
   </div>
   <div class='ocr_carea' id='block_1_82' title="bbox 1822 2292 3392 2363">
    <p class='ocr_par' dir='ltr' id='par_1_82' title="bbox 1822 2292 3392 2363">
     <span class='ocr_line' id='line_1_82' title="bbox 1822 2292 3392 2363; baseline 0.005 -22"><span class='ocrx_word' id='word_1_635' title='bbox 1822 2297 1969 2348; x_wconf 89' lang='lat' dir='ltr'><strong>cent,</strong></span> <span class='ocrx_word' id='word_1_636' title='bbox 2020 2303 2363 2356; x_wconf 77' lang='lat' dir='ltr'><strong>nequaquam</strong></span> <span class='ocrx_word' id='word_1_637' title='bbox 2409 2298 2538 2343; x_wconf 84' lang='lat' dir='ltr'><strong>sunt</strong></span> <span class='ocrx_word' id='word_1_638' title='bbox 2585 2300 2693 2345; x_wconf 91' lang='lat' dir='ltr'><strong>tres</strong></span> <span class='ocrx_word' id='word_1_639' title='bbox 2741 2292 3164 2361; x_wconf 80' lang='lat' dir='ltr'><strong>signiﬁcationes</strong></span> <span class='ocrx_word' id='word_1_640' title='bbox 3215 2295 3392 2363; x_wconf 84' lang='lat' dir='ltr'><strong>bapti-</strong></span> 
     </span>
    </p>
   </div>
   <div class='ocr_carea' id='block_1_83' title="bbox 1824 2377 3393 2451">
    <p class='ocr_par' dir='ltr' id='par_1_83' title="bbox 1824 2377 3393 2451">
     <span class='ocr_line' id='line_1_83' title="bbox 1824 2377 3393 2451; baseline 0.005 -18"><span class='ocrx_word' id='word_1_641' title='bbox 1824 2377 2045 2443; x_wconf 87' lang='lat' dir='ltr'><strong>smatis,</strong></span> <span class='ocrx_word' id='word_1_642' title='bbox 2081 2380 2327 2432; x_wconf 84' lang='lat' dir='ltr'><strong>sordium</strong></span> <span class='ocrx_word' id='word_1_643' title='bbox 2367 2383 2633 2451; x_wconf 79' lang='lat' dir='ltr'><strong>purgatio,</strong></span> <span class='ocrx_word' id='word_1_644' title='bbox 2671 2383 2899 2451; x_wconf 86' lang='lat' dir='ltr'><strong>spiritus</strong></span> <span class='ocrx_word' id='word_1_645' title='bbox 2952 2385 3307 2451; x_wconf 86' lang='lat' dir='ltr'><strong>regeneratio,</strong></span> <span class='ocrx_word' id='word_1_646' title='bbox 3339 2397 3393 2441; x_wconf 82' lang='lat' dir='ltr'><strong>et</strong></span> 
     </span>
    </p>
   </div>
   <div class='ocr_carea' id='block_1_84' title="bbox 1823 2468 3392 2546">
    <p class='ocr_par' dir='ltr' id='par_1_84' title="bbox 1823 2468 3392 2546">
     <span class='ocr_line' id='line_1_84' title="bbox 1823 2468 3392 2546; baseline 0.003 -24"><span class='ocrx_word' id='word_1_647' title='bbox 1823 2484 1884 2522; x_wconf 89' lang='lat' dir='ltr'><strong>ea</strong></span> <span class='ocrx_word' id='word_1_648' title='bbox 1922 2485 2042 2539; x_wconf 70' lang='lat' dir='ltr'><strong>quae</strong></span> <span class='ocrx_word' id='word_1_649' title='bbox 2075 2468 2134 2523; x_wconf 83' lang='lat' dir='ltr'><strong>ﬁt</strong></span> <span class='ocrx_word' id='word_1_650' title='bbox 2162 2472 2285 2541; x_wconf 87' lang='lat' dir='ltr'><strong>igne</strong></span> <span class='ocrx_word' id='word_1_651' title='bbox 2313 2473 2707 2542; x_wconf 85' lang='lat' dir='ltr'><strong>segregationis</strong></span> <span class='ocrx_word' id='word_1_652' title='bbox 2737 2473 3003 2541; x_wconf 84' lang='lat' dir='ltr'><strong>probatio.</strong></span> <span class='ocrx_word' id='word_1_653' title='bbox 3032 2475 3392 2546; x_wconf 81' lang='lat' dir='ltr'><strong>Quapmpter,</strong></span> 
     </span>
    </p>
   </div>
   <div class='ocr_carea' id='block_1_85' title="bbox 1827 2560 3395 2635">
    <p class='ocr_par' dir='ltr' id='par_1_85' title="bbox 1827 2560 3395 2635">
     <span class='ocr_line' id='line_1_85' title="bbox 1827 2560 3395 2635; baseline 0.005 -22"><span class='ocrx_word' id='word_1_654' title='bbox 1827 2560 2026 2625; x_wconf 84' lang='lat' dir='ltr'><strong>lavare,</strong></span> <span class='ocrx_word' id='word_1_655' title='bbox 2060 2576 2158 2630; x_wconf 91' lang='lat' dir='ltr'><strong>pro</strong></span> <span class='ocrx_word' id='word_1_656' title='bbox 2180 2565 2384 2632; x_wconf 88' lang='lat' dir='ltr'><strong>peccati</strong></span> <span class='ocrx_word' id='word_1_657' title='bbox 2417 2564 2782 2635; x_wconf 87' lang='lat' dir='ltr'><strong>depositione,</strong></span> <span class='ocrx_word' id='word_1_658' title='bbox 2814 2582 2934 2635; x_wconf 71' lang='lat' dir='ltr'><strong>quas</strong></span> <span class='ocrx_word' id='word_1_659' title='bbox 2971 2569 3024 2620; x_wconf 93' lang='lat' dir='ltr'><strong>in</strong></span> <span class='ocrx_word' id='word_1_660' title='bbox 3060 2568 3164 2622; x_wconf 89' lang='lat' dir='ltr'><strong>hoc</strong></span> <span class='ocrx_word' id='word_1_661' title='bbox 3191 2569 3395 2622; x_wconf 87' lang='lat' dir='ltr'><strong>mundo</strong></span> 
     </span>
    </p>
   </div>
   <div class='ocr_carea' id='block_1_86' title="bbox 1830 2652 3393 2728">
    <p class='ocr_par' dir='ltr' id='par_1_86' title="bbox 1830 2652 3393 2728">
     <span class='ocr_line' id='line_1_86' title="bbox 1830 2652 3393 2728; baseline 0.01 -28"><span class='ocrx_word' id='word_1_662' title='bbox 1830 2652 1903 2717; x_wconf 69' lang='lat' dir='ltr'><strong>ﬁt,</strong></span> <span class='ocrx_word' id='word_1_663' title='bbox 1952 2653 2220 2720; x_wconf 89' lang='lat' dir='ltr'><strong>sumitur;</strong></span> <span class='ocrx_word' id='word_1_664' title='bbox 2274 2655 2407 2709; x_wconf 87' lang='lat' dir='ltr'><strong>illud</strong></span> <span class='ocrx_word' id='word_1_665' title='bbox 2460 2672 2604 2721; x_wconf 85' lang='lat' dir='ltr'><strong>vero,</strong></span> <span class='ocrx_word' id='word_1_666' title='bbox 2656 2658 2847 2725; x_wconf 89' lang='lat' dir='ltr'><strong>spiritu</strong></span> <span class='ocrx_word' id='word_1_667' title='bbox 2878 2659 3068 2727; x_wconf 74' lang='lat' dir='ltr'><strong>judicii</strong></span> <span class='ocrx_word' id='word_1_668' title='bbox 3100 2669 3154 2713; x_wconf 89' lang='lat' dir='ltr'><strong>et</strong></span> <span class='ocrx_word' id='word_1_669' title='bbox 3200 2662 3393 2728; x_wconf 77' lang='lat' dir='ltr'><strong>Spiritu</strong></span> 
     </span>
    </p>
   </div>
   <div class='ocr_carea' id='block_1_87' title="bbox 1824 2740 3395 2818">
    <p class='ocr_par' dir='ltr' id='par_1_87' title="bbox 1824 2740 3395 2818">
     <span class='ocr_line' id='line_1_87' title="bbox 1824 2740 3395 2818; baseline 0.01 -27"><span class='ocrx_word' id='word_1_670' title='bbox 1824 2740 2054 2803; x_wconf 88' lang='lat' dir='ltr'><strong>ardoris,</strong></span> <span class='ocrx_word' id='word_1_671' title='bbox 2091 2759 2191 2811; x_wconf 92' lang='lat' dir='ltr'><strong>pro</strong></span> <span class='ocrx_word' id='word_1_672' title='bbox 2221 2759 2289 2797; x_wconf 34' lang='lat' dir='ltr'><strong>cat</strong></span> <span class='ocrx_word' id='word_1_673' title='bbox 2312 2760 2431 2810; x_wconf 82' lang='lat' dir='ltr'><strong>quae</strong></span> <span class='ocrx_word' id='word_1_674' title='bbox 2454 2746 2507 2799; x_wconf 88' lang='lat' dir='ltr'><strong>in</strong></span> <span class='ocrx_word' id='word_1_675' title='bbox 2536 2746 2722 2800; x_wconf 82' lang='lat' dir='ltr'><strong>futuro</strong></span> <span class='ocrx_word' id='word_1_676' title='bbox 2753 2749 2950 2803; x_wconf 68' lang='lat' dir='ltr'><strong>saeculo</strong></span> <span class='ocrx_word' id='word_1_677' title='bbox 2986 2750 3043 2802; x_wconf 85' lang='lat' dir='ltr'><strong>ﬁt</strong></span> <span class='ocrx_word' id='word_1_678' title='bbox 3076 2751 3395 2818; x_wconf 77' lang='lat' dir='ltr'><strong>probatione</strong></span> 
     </span>
    </p>
   </div>
   <div class='ocr_carea' id='block_1_88' title="bbox 1826 2834 3397 2912">
    <p class='ocr_par' dir='ltr' id='par_1_88' title="bbox 1826 2834 3397 2912">
     <span class='ocr_line' id='line_1_88' title="bbox 1826 2834 3397 2912; baseline 0.011 -29"><span class='ocrx_word' id='word_1_679' title='bbox 1826 2847 1922 2897; x_wconf 86' lang='lat' dir='ltr'><strong>per</strong></span> <span class='ocrx_word' id='word_1_680' title='bbox 1964 2834 2142 2901; x_wconf 85' lang='lat' dir='ltr'><strong>ignem</strong></span> <span class='ocrx_word' id='word_1_681' title='bbox 2196 2836 2479 2900; x_wconf 83' lang='lat' dir='ltr'><strong>accipitur.</strong></span> <span class='ocrx_word' id='word_1_682' title='bbox 2537 2836 2712 2907; x_wconf 82' lang='lat' dir='ltr'><strong>Egent</strong></span> <span class='ocrx_word' id='word_1_683' title='bbox 2750 2850 2928 2894; x_wconf 85' lang='lat' dir='ltr'><strong>autem</strong></span> <span class='ocrx_word' id='word_1_684' title='bbox 2975 2844 3267 2898; x_wconf 77' lang='lat' dir='ltr'><strong>commissa</strong></span> <span class='ocrx_word' id='word_1_685' title='bbox 3302 2861 3397 2912; x_wconf 88' lang='lat' dir='ltr'><strong>per</strong></span> 
     </span>
    </p>
   </div>
   <div class='ocr_carea' id='block_1_89' title="bbox 1827 2917 3397 2997">
    <p class='ocr_par' dir='ltr' id='par_1_89' title="bbox 1827 2917 3397 2997">
     <span class='ocr_line' id='line_1_89' title="bbox 1827 2917 3397 2997; baseline 0.013 -30"><span class='ocrx_word' id='word_1_686' title='bbox 1827 2917 2184 2984; x_wconf 77' lang='lat' dir='ltr'><strong>ignorantiam</strong></span> <span class='ocrx_word' id='word_1_687' title='bbox 2220 2934 2461 2989; x_wconf 79' lang='lat' dir='ltr'><strong>peccata,</strong></span> <span class='ocrx_word' id='word_1_688' title='bbox 2496 2927 2647 2993; x_wconf 84' lang='lat' dir='ltr'><strong>quasi</strong></span> <span class='ocrx_word' id='word_1_689' title='bbox 2678 2930 2866 2982; x_wconf 88' lang='lat' dir='ltr'><strong>scrdes</strong></span> <span class='ocrx_word' id='word_1_690' title='bbox 2897 2932 3167 2997; x_wconf 72' lang='lat' dir='ltr'><strong>quaedam,</strong></span> <span class='ocrx_word' id='word_1_691' title='bbox 3200 2936 3397 2988; x_wconf 73' lang='lat' dir='ltr'><strong>animae</strong></span> 
     </span>
    </p>
   </div>
   <div class='ocr_carea' id='block_1_90' title="bbox 1827 3010 3397 3093">
    <p class='ocr_par' dir='ltr' id='par_1_90' title="bbox 1827 3010 3397 3093">
     <span class='ocr_line' id='line_1_90' title="bbox 1827 3010 3397 3093; baseline 0.013 -34"><span class='ocrx_word' id='word_1_692' title='bbox 1827 3010 2054 3064; x_wconf 76' lang='lat' dir='ltr'><strong>nitorem</strong></span> <span class='ocrx_word' id='word_1_693' title='bbox 2091 3011 2506 3080; x_wconf 79' lang='lat' dir='ltr'><strong>labelactantcs,</strong></span> <span class='ocrx_word' id='word_1_694' title='bbox 2561 3029 2614 3071; x_wconf 92' lang='lat' dir='ltr'><strong>ct</strong></span> <span class='ocrx_word' id='word_1_695' title='bbox 2661 3022 2960 3075; x_wconf 87' lang='lat' dir='ltr'><strong>naturalem</strong></span> <span class='ocrx_word' id='word_1_696' title='bbox 2997 3024 3117 3090; x_wconf 86' lang='lat' dir='ltr'><strong>ejus</strong></span> <span class='ocrx_word' id='word_1_697' title='bbox 3158 3027 3397 3093; x_wconf 80' lang='lat' dir='ltr'><strong>pulchri-</strong></span> 
     </span>
    </p>
   </div>
   <div class='ocr_carea' id='block_1_91' title="bbox 1832 3103 3395 3184">
    <p class='ocr_par' dir='ltr' id='par_1_91' title="bbox 1832 3103 3395 3184">
     <span class='ocr_line' id='line_1_91' title="bbox 1832 3103 3395 3184; baseline 0.013 -33"><span class='ocrx_word' id='word_1_698' title='bbox 1832 3103 2076 3156; x_wconf 88' lang='lat' dir='ltr'><strong>tudinem</strong></span> <span class='ocrx_word' id='word_1_699' title='bbox 2109 3104 2490 3175; x_wconf 86' lang='lat' dir='ltr'><strong>deturpantes,</strong></span> <span class='ocrx_word' id='word_1_700' title='bbox 2522 3109 2747 3165; x_wconf 88' lang='lat' dir='ltr'><strong>lotionis</strong></span> <span class='ocrx_word' id='word_1_701' title='bbox 2780 3114 3140 3180; x_wconf 82' lang='lat' dir='ltr'><strong>purgatione;</strong></span> <span class='ocrx_word' id='word_1_702' title='bbox 3176 3128 3395 3184; x_wconf 83' lang='lat' dir='ltr'><strong>peccata</strong></span> 
     </span>
    </p>
   </div>
   <div class='ocr_carea' id='block_1_92' title="bbox 1829 3198 3400 3280">
    <p class='ocr_par' dir='ltr' id='par_1_92' title="bbox 1829 3198 3400 3280">
     <span class='ocr_line' id='line_1_92' title="bbox 1829 3198 3400 3280; baseline 0.014 -33"><span class='ocrx_word' id='word_1_703' title='bbox 1829 3211 1957 3250; x_wconf 81' lang='lat' dir='ltr'><strong>vero</strong></span> <span class='ocrx_word' id='word_1_704' title='bbox 1991 3198 2054 3251; x_wconf 91' lang='lat' dir='ltr'><strong>ad</strong></span> <span class='ocrx_word' id='word_1_705' title='bbox 2088 3210 2345 3268; x_wconf 83' lang='lat' dir='ltr'><strong>mortem,</strong></span> <span class='ocrx_word' id='word_1_706' title='bbox 2386 3217 2576 3257; x_wconf 90' lang='lat' dir='ltr'><strong>eorum</strong></span> <span class='ocrx_word' id='word_1_707' title='bbox 2613 3208 2705 3273; x_wconf 88' lang='lat' dir='ltr'><strong>qui</strong></span> <span class='ocrx_word' id='word_1_708' title='bbox 2744 3217 2939 3275; x_wconf 81' lang='lat' dir='ltr'><strong>sponte</strong></span> <span class='ocrx_word' id='word_1_709' title='bbox 2969 3209 3312 3280; x_wconf 85' lang='lat' dir='ltr'><strong>delinquunt,</strong></span> <span class='ocrx_word' id='word_1_710' title='bbox 3346 3226 3400 3269; x_wconf 87' lang='lat' dir='ltr'><strong>et</strong></span> 
     </span>
    </p>
   </div>
   <div class='ocr_carea' id='block_1_93' title="bbox 1828 3286 3400 3370">
    <p class='ocr_par' dir='ltr' id='par_1_93' title="bbox 1828 3286 3400 3370">
     <span class='ocr_line' id='line_1_93' title="bbox 1828 3286 3400 3370; baseline 0.012 -31"><span class='ocrx_word' id='word_1_711' title='bbox 1828 3286 1879 3339; x_wconf 89' lang='lat' dir='ltr'><strong>id</strong></span> <span class='ocrx_word' id='word_1_712' title='bbox 1911 3300 2269 3355; x_wconf 85' lang='lat' dir='ltr'><strong>cognoscunt,</strong></span> <span class='ocrx_word' id='word_1_713' title='bbox 2305 3296 2529 3362; x_wconf 83' lang='lat' dir='ltr'><strong>sanguis</strong></span> <span class='ocrx_word' id='word_1_714' title='bbox 2558 3297 2921 3364; x_wconf 87' lang='lat' dir='ltr'><strong>appellantur,</strong></span> <span class='ocrx_word' id='word_1_715' title='bbox 2961 3312 3227 3370; x_wconf 87' lang='lat' dir='ltr'><strong>egentque</strong></span> <span class='ocrx_word' id='word_1_716' title='bbox 3253 3305 3400 3370; x_wconf 85' lang='lat' dir='ltr'><strong>judi-</strong></span> 
     </span>
    </p>
   </div>
   <div class='ocr_carea' id='block_1_94' title="bbox 1828 3381 3400 3456">
    <p class='ocr_par' dir='ltr' id='par_1_94' title="bbox 1828 3381 3400 3456">
     <span class='ocr_line' id='line_1_94' title="bbox 1828 3381 3400 3456; baseline 0.012 -23"><span class='ocrx_word' id='word_1_717' title='bbox 1828 3381 1913 3434; x_wconf 92' lang='lat' dir='ltr'><strong>cio</strong></span> <span class='ocrx_word' id='word_1_718' title='bbox 1953 3384 2185 3438; x_wconf 85' lang='lat' dir='ltr'><strong>ardoris.</strong></span> <span class='ocrx_word' id='word_1_719' title='bbox 2232 3384 2338 3439; x_wconf 87' lang='lat' dir='ltr'><strong>Sed</strong></span> <span class='ocrx_word' id='word_1_720' title='bbox 2367 3387 2500 3454; x_wconf 88' lang='lat' dir='ltr'><strong>quia</strong></span> <span class='ocrx_word' id='word_1_721' title='bbox 2534 3389 2625 3456; x_wconf 86' lang='lat' dir='ltr'><strong>qui</strong></span> <span class='ocrx_word' id='word_1_722' title='bbox 2657 3390 2965 3456; x_wconf 88' lang='lat' dir='ltr'><strong>conﬁtetur,</strong></span> <span class='ocrx_word' id='word_1_723' title='bbox 3007 3395 3174 3449; x_wconf 83' lang='lat' dir='ltr'><strong>lavari</strong></span> <span class='ocrx_word' id='word_1_724' title='bbox 3209 3399 3319 3451; x_wconf 85' lang='lat' dir='ltr'><strong>vult</strong></span> <span class='ocrx_word' id='word_1_725' title='bbox 3346 3412 3400 3452; x_wconf 77' lang='lat' dir='ltr'><strong>et</strong></span> 
     </span>
    </p>
   </div>
   <div class='ocr_carea' id='block_1_95' title="bbox 1830 3474 3399 3557">
    <p class='ocr_par' dir='ltr' id='par_1_95' title="bbox 1830 3474 3399 3557">
     <span class='ocr_line' id='line_1_95' title="bbox 1830 3474 3399 3557; baseline 0.011 -32"><span class='ocrx_word' id='word_1_726' title='bbox 1830 3474 2070 3543; x_wconf 84' lang='lat' dir='ltr'><strong>purgari,</strong></span> <span class='ocrx_word' id='word_1_727' title='bbox 2117 3485 2171 3529; x_wconf 89' lang='lat' dir='ltr'><strong>et</strong></span> <span class='ocrx_word' id='word_1_728' title='bbox 2217 3477 2560 3546; x_wconf 89' lang='lat' dir='ltr'><strong>iniquitatem</strong></span> <span class='ocrx_word' id='word_1_729' title='bbox 2613 3482 2814 3535; x_wconf 83' lang='lat' dir='ltr'><strong>lotione</strong></span> <span class='ocrx_word' id='word_1_730' title='bbox 2872 3484 3003 3538; x_wconf 87' lang='lat' dir='ltr'><strong>dicit</strong></span> <span class='ocrx_word' id='word_1_731' title='bbox 3049 3486 3312 3557; x_wconf 88' lang='lat' dir='ltr'><strong>indigere,</strong></span> <span class='ocrx_word' id='word_1_732' title='bbox 3346 3502 3399 3543; x_wconf 80' lang='grc' dir='ltr'>«ιι</span> 
     </span>
    </p>
   </div>
   <div class='ocr_carea' id='block_1_96' title="bbox 1830 3571 3399 3646">
    <p class='ocr_par' dir='ltr' id='par_1_96' title="bbox 1830 3571 3399 3646">
     <span class='ocr_line' id='line_1_96' title="bbox 1830 3571 3399 3646; baseline 0.013 -30"><span class='ocrx_word' id='word_1_733' title='bbox 1830 3573 2114 3631; x_wconf 75' lang='lat' dir='ltr'><strong>peccatum</strong></span> <span class='ocrx_word' id='word_1_734' title='bbox 2151 3571 2488 3639; x_wconf 83' lang='lat' dir='ltr'><strong>purgatione,</strong></span> <span class='ocrx_word' id='word_1_735' title='bbox 2526 3574 2710 3627; x_wconf 88' lang='lat' dir='ltr'><strong>dicens</strong></span> <span class='ocrx_word' id='word_1_736' title='bbox 2747 3593 2760 3630; x_wconf 79' lang='lat' dir='ltr'><strong>z</strong></span> <span class='ocrx_word' id='word_1_737' title='bbox 2802 3593 2820 3626; x_wconf 73' lang='grc' dir='ltr'><strong>ι</strong></span> <span class='ocrx_word' id='word_1_738' title='bbox 2864 3577 3109 3646; x_wconf 85' lang='lat' dir='ltr'><strong>Amplius</strong></span> <span class='ocrx_word' id='word_1_739' title='bbox 3147 3582 3261 3634; x_wconf 88' lang='lat' dir='ltr'><strong>lava</strong></span> <span class='ocrx_word' id='word_1_740' title='bbox 3314 3599 3399 3637; x_wconf 85' lang='lat' dir='ltr'><strong>me</strong></span> 
     </span>
    </p>
   </div>
   <div class='ocr_carea' id='block_1_97' title="bbox 1831 3651 3395 3738">
    <p class='ocr_par' dir='ltr' id='par_1_97' title="bbox 1831 3651 3395 3738">
     <span class='ocr_line' id='line_1_97' title="bbox 1831 3651 3395 3738; baseline 0.015 -36"><span class='ocrx_word' id='word_1_741' title='bbox 1831 3652 1896 3703; x_wconf 88' lang='lat' dir='ltr'><strong>ab</strong></span> <span class='ocrx_word' id='word_1_742' title='bbox 1917 3651 2203 3722; x_wconf 84' lang='lat' dir='ltr'><strong>iniquitate</strong></span> <span class='ocrx_word' id='word_1_743' title='bbox 2222 3674 2361 3722; x_wconf 90' lang='lat' dir='ltr'><strong>mea,</strong></span> <span class='ocrx_word' id='word_1_744' title='bbox 2388 3670 2438 3713; x_wconf 81' lang='lat' dir='ltr'><strong>et</strong></span> <span class='ocrx_word' id='word_1_745' title='bbox 2460 3676 2492 3714; x_wconf 82' lang='lat' dir='ltr'><strong>a</strong></span> <span class='ocrx_word' id='word_1_746' title='bbox 2514 3674 2736 3730; x_wconf 86' lang='lat' dir='ltr'><strong>peccato</strong></span> <span class='ocrx_word' id='word_1_747' title='bbox 2756 3681 2876 3719; x_wconf 84' lang='lat' dir='ltr'><strong>meo</strong></span> <span class='ocrx_word' id='word_1_748' title='bbox 2901 3670 3098 3722; x_wconf 84' lang='lat' dir='ltr'><strong>munda</strong></span> <span class='ocrx_word' id='word_1_749' title='bbox 3120 3687 3202 3724; x_wconf 91' lang='lat' dir='ltr'><strong>me</strong></span> <span class='ocrx_word' id='word_1_750' title='bbox 3218 3672 3283 3705; x_wconf 83' lang='grc'><strong>⁵⁸·</strong></span> <span class='ocrx_word' id='word_1_751' title='bbox 3309 3674 3326 3704; x_wconf 89' lang='grc'>¹</span> <span class='ocrx_word' id='word_1_752' title='bbox 3346 3689 3395 3738; x_wconf 77' lang='lat' dir='ltr'><strong>;t</strong></span> 
     </span>
    </p>
   </div>
   <div class='ocr_carea' id='block_1_98' title="bbox 1830 3746 3397 3833">
    <p class='ocr_par' dir='ltr' id='par_1_98' title="bbox 1830 3746 3397 3833">
     <span class='ocr_line' id='line_1_98' title="bbox 1830 3746 3397 3833; baseline 0.017 -38"><span class='ocrx_word' id='word_1_753' title='bbox 1830 3746 1920 3811; x_wconf 88' lang='lat' dir='ltr'><strong>qui</strong></span> <span class='ocrx_word' id='word_1_754' title='bbox 1950 3746 2253 3802; x_wconf 83' lang='lat' dir='ltr'><strong>divinarum</strong></span> <span class='ocrx_word' id='word_1_755' title='bbox 2287 3751 2659 3807; x_wconf 88' lang='lat' dir='ltr'><strong>doctrinarum</strong></span> <span class='ocrx_word' id='word_1_756' title='bbox 2697 3760 2913 3823; x_wconf 86' lang='lat' dir='ltr'><strong>penitus</strong></span> <span class='ocrx_word' id='word_1_757' title='bbox 2962 3771 3089 3814; x_wconf 88' lang='lat' dir='ltr'><strong>sunt</strong></span> <span class='ocrx_word' id='word_1_758' title='bbox 3124 3779 3397 3833; x_wconf 73' lang='lat' dir='ltr'><strong>expertes,</strong></span> 
     </span>
    </p>
   </div>
   <div class='ocr_carea' id='block_1_99' title="bbox 1830 3840 3399 3925">
    <p class='ocr_par' dir='ltr' id='par_1_99' title="bbox 1830 3840 3399 3925">
     <span class='ocr_line' id='line_1_99' title="bbox 1830 3840 3399 3925; baseline 0.017 -39"><span class='ocrx_word' id='word_1_759' title='bbox 1830 3844 1884 3887; x_wconf 85' lang='lat' dir='ltr'><strong>et</strong></span> <span class='ocrx_word' id='word_1_760' title='bbox 1934 3846 2060 3891; x_wconf 89' lang='lat' dir='ltr'><strong>ante</strong></span> <span class='ocrx_word' id='word_1_761' title='bbox 2110 3840 2263 3893; x_wconf 71' lang='lat' dir='ltr'><strong>verbi</strong></span> <span class='ocrx_word' id='word_1_762' title='bbox 2321 3845 2687 3911; x_wconf 85' lang='lat' dir='ltr'><strong>cognitionem</strong></span> <span class='ocrx_word' id='word_1_763' title='bbox 2736 3848 3102 3919; x_wconf 84' lang='lat' dir='ltr'><strong>deliquerunt,</strong></span> <span class='ocrx_word' id='word_1_764' title='bbox 3141 3863 3399 3925; x_wconf 88' lang='lat' dir='ltr'><strong>tanquam</strong></span> 
     </span>
    </p>
   </div>
   <div class='ocr_carea' id='block_1_100' title="bbox 1830 3928 3403 4012">
    <p class='ocr_par' dir='ltr' id='par_1_100' title="bbox 1830 3928 3403 4012">
     <span class='ocr_line' id='line_1_100' title="bbox 1830 3928 3403 4012; baseline 0.014 -33"><span class='ocrx_word' id='word_1_765' title='bbox 1830 3928 2084 3983; x_wconf 72' lang='lat' dir='ltr'><strong>sordibus</strong></span> <span class='ocrx_word' id='word_1_766' title='bbox 2119 3934 2520 3999; x_wconf 86' lang='lat' dir='ltr'><strong>commaculati,</strong></span> <span class='ocrx_word' id='word_1_767' title='bbox 2554 3947 2715 4004; x_wconf 81' lang='lat' dir='ltr'><strong>egent</strong></span> <span class='ocrx_word' id='word_1_768' title='bbox 2738 3953 2797 3991; x_wconf 88' lang='lat' dir='ltr'><strong>ea</strong></span> <span class='ocrx_word' id='word_1_769' title='bbox 2834 3955 2955 4006; x_wconf 86' lang='lat' dir='ltr'><strong>quae</strong></span> <span class='ocrx_word' id='word_1_770' title='bbox 2991 3959 3085 4008; x_wconf 84' lang='lat' dir='ltr'><strong>per</strong></span> <span class='ocrx_word' id='word_1_771' title='bbox 3114 3961 3308 4012; x_wconf 87' lang='lat' dir='ltr'><strong>aquam</strong></span> <span class='ocrx_word' id='word_1_772' title='bbox 3347 3949 3403 4001; x_wconf 83' lang='lat' dir='ltr'><strong>ﬁt</strong></span> 
     </span>
    </p>
   </div>
   <div class='ocr_carea' id='block_1_101' title="bbox 1831 4021 3402 4099">
    <p class='ocr_par' dir='ltr' id='par_1_101' title="bbox 1831 4021 3402 4099">
     <span class='ocr_line' id='line_1_101' title="bbox 1831 4021 3402 4099; baseline 0.015 -30"><span class='ocrx_word' id='word_1_773' title='bbox 1831 4021 2188 4086; x_wconf 84' lang='lat' dir='ltr'><strong>purgatione;</strong></span> <span class='ocrx_word' id='word_1_774' title='bbox 2241 4024 2331 4091; x_wconf 91' lang='lat' dir='ltr'><strong>qui</strong></span> <span class='ocrx_word' id='word_1_775' title='bbox 2388 4040 2517 4079; x_wconf 85' lang='lat' dir='ltr'><strong>vero</strong></span> <span class='ocrx_word' id='word_1_776' title='bbox 2573 4039 2698 4096; x_wconf 90' lang='lat' dir='ltr'><strong>post</strong></span> <span class='ocrx_word' id='word_1_777' title='bbox 2747 4042 3026 4099; x_wconf 76' lang='lat' dir='ltr'><strong>acceptam</strong></span> <span class='ocrx_word' id='word_1_778' title='bbox 3077 4038 3263 4099; x_wconf 78' lang='lat' dir='ltr'><strong>vitam,</strong></span> <span class='ocrx_word' id='word_1_779' title='bbox 3301 4040 3402 4093; x_wconf 82' lang='lat' dir='ltr'><strong>sibi</strong></span> 
     </span>
    </p>
   </div>
   <div class='ocr_carea' id='block_1_102' title="bbox 1830 4111 3404 4199">
    <p class='ocr_par' dir='ltr' id='par_1_102' title="bbox 1830 4111 3404 4199">
     <span class='ocr_line' id='line_1_102' title="bbox 1830 4111 3404 4199; baseline 0.015 -37"><span class='ocrx_word' id='word_1_780' title='bbox 1830 4111 1963 4179; x_wconf 85' lang='lat' dir='ltr'><strong>ipsis</strong></span> <span class='ocrx_word' id='word_1_781' title='bbox 1998 4112 2223 4166; x_wconf 84' lang='lat' dir='ltr'><strong>insidias</strong></span> <span class='ocrx_word' id='word_1_782' title='bbox 2273 4124 2515 4181; x_wconf 88' lang='lat' dir='ltr'><strong>struunt,</strong></span> <span class='ocrx_word' id='word_1_783' title='bbox 2558 4122 2842 4187; x_wconf 82' lang='lat' dir='ltr'><strong>sanguinis</strong></span> <span class='ocrx_word' id='word_1_784' title='bbox 2884 4125 2984 4188; x_wconf 88' lang='lat' dir='ltr'><strong>rei,</strong></span> <span class='ocrx_word' id='word_1_785' title='bbox 3024 4141 3084 4179; x_wconf 90' lang='lat' dir='ltr'><strong>ea</strong></span> <span class='ocrx_word' id='word_1_786' title='bbox 3135 4144 3255 4197; x_wconf 72' lang='lat' dir='ltr'><strong>qua:</strong></span> <span class='ocrx_word' id='word_1_787' title='bbox 3308 4146 3404 4199; x_wconf 89' lang='lat' dir='ltr'><strong>per</strong></span> 
     </span>
    </p>
   </div>
   <div class='ocr_carea' id='block_1_103' title="bbox 1830 4203 3399 4279">
    <p class='ocr_par' dir='ltr' id='par_1_103' title="bbox 1830 4203 3399 4279">
     <span class='ocr_line' id='line_1_103' title="bbox 1830 4203 3399 4279; baseline 0.014 -24"><span class='ocrx_word' id='word_1_788' title='bbox 1830 4203 2007 4271; x_wconf 82' lang='lat' dir='ltr'><strong>ignem</strong></span> <span class='ocrx_word' id='word_1_789' title='bbox 2066 4204 2124 4257; x_wconf 91' lang='lat' dir='ltr'><strong>ﬁt</strong></span> <span class='ocrx_word' id='word_1_790' title='bbox 2167 4210 2485 4276; x_wconf 81' lang='lat' dir='ltr'><strong>purgatione</strong></span> <span class='ocrx_word' id='word_1_791' title='bbox 2542 4210 2805 4279; x_wconf 83' lang='lat' dir='ltr'><strong>indigent.</strong></span> <span class='ocrx_word' id='word_1_792' title='bbox 2868 4215 3172 4272; x_wconf 81' lang='lat' dir='ltr'><strong>Possumus</strong></span> <span class='ocrx_word' id='word_1_793' title='bbox 3231 4224 3399 4277; x_wconf 88' lang='lat' dir='ltr'><strong>etiam</strong></span> 
     </span>
    </p>
   </div>
   <div class='ocr_carea' id='block_1_104' title="bbox 1828 4297 3402 4379">
    <p class='ocr_par' dir='ltr' id='par_1_104' title="bbox 1828 4297 3402 4379">
     <span class='ocr_line' id='line_1_104' title="bbox 1828 4297 3402 4379; baseline 0.013 -30"><span class='ocrx_word' id='word_1_794' title='bbox 1828 4297 2128 4365; x_wconf 86' lang='lat' dir='ltr'><strong>simplicius</strong></span> <span class='ocrx_word' id='word_1_795' title='bbox 2158 4298 2534 4368; x_wconf 88' lang='lat' dir='ltr'><strong>interpretari,</strong></span> <span class='ocrx_word' id='word_1_796' title='bbox 2583 4305 2727 4370; x_wconf 88' lang='lat' dir='ltr'><strong>quod</strong></span> <span class='ocrx_word' id='word_1_797' title='bbox 2757 4322 2818 4359; x_wconf 86' lang='lat' dir='ltr'><strong>ea</strong></span> <span class='ocrx_word' id='word_1_798' title='bbox 2850 4320 3067 4374; x_wconf 86' lang='lat' dir='ltr'><strong>peccata</strong></span> <span class='ocrx_word' id='word_1_799' title='bbox 3100 4327 3220 4379; x_wconf 72' lang='lat' dir='ltr'><strong>qua:</strong></span> <span class='ocrx_word' id='word_1_800' title='bbox 3261 4317 3402 4369; x_wconf 89' lang='lat' dir='ltr'><strong>velut</strong></span> 
     </span>
    </p>
   </div>
   <div class='ocr_carea' id='block_1_105' title="bbox 1832 4387 3406 4465">
    <p class='ocr_par' dir='ltr' id='par_1_105' title="bbox 1832 4387 3406 4465">
     <span class='ocr_line' id='line_1_105' title="bbox 1832 4387 3406 4465; baseline 0.014 -27"><span class='ocrx_word' id='word_1_801' title='bbox 1832 4387 1891 4439; x_wconf 83' lang='lat' dir='ltr'><strong>in</strong></span> <span class='ocrx_word' id='word_1_802' title='bbox 1933 4390 2219 4457; x_wconf 84' lang='lat' dir='ltr'><strong>superﬁcie</strong></span> <span class='ocrx_word' id='word_1_803' title='bbox 2264 4400 2410 4456; x_wconf 88' lang='lat' dir='ltr'><strong>sunt,</strong></span> <span class='ocrx_word' id='word_1_804' title='bbox 2455 4402 2508 4445; x_wconf 86' lang='lat' dir='ltr'><strong>et</strong></span> <span class='ocrx_word' id='word_1_805' title='bbox 2555 4395 2701 4448; x_wconf 87' lang='lat' dir='ltr'><strong>intus</strong></span> <span class='ocrx_word' id='word_1_806' title='bbox 2757 4412 2863 4449; x_wconf 89' lang='lat' dir='ltr'><strong>non</strong></span> <span class='ocrx_word' id='word_1_807' title='bbox 2918 4397 3104 4465; x_wconf 83' lang='lat' dir='ltr'><strong>latent,</strong></span> <span class='ocrx_word' id='word_1_808' title='bbox 3155 4405 3406 4459; x_wconf 85' lang='lat' dir='ltr'><strong>sordbus</strong></span> 
     </span>
    </p>
   </div>
   <div class='ocr_carea' id='block_1_106' title="bbox 1833 4481 3403 4556">
    <p class='ocr_par' dir='ltr' id='par_1_106' title="bbox 1833 4481 3403 4556">
     <span class='ocr_line' id='line_1_106' title="bbox 1833 4481 3403 4556; baseline 0.014 -26"><span class='ocrx_word' id='word_1_809' title='bbox 1833 4481 2235 4547; x_wconf 80' lang='lat' dir='ltr'><strong>quodammodo</strong></span> <span class='ocrx_word' id='word_1_810' title='bbox 2290 4494 2415 4535; x_wconf 89' lang='lat' dir='ltr'><strong>sunt</strong></span> <span class='ocrx_word' id='word_1_811' title='bbox 2470 4485 2667 4538; x_wconf 87' lang='lat' dir='ltr'><strong>similia</strong></span> <span class='ocrx_word' id='word_1_812' title='bbox 2707 4504 2723 4541; x_wconf 83' lang='lat'><strong>;</strong></span> <span class='ocrx_word' id='word_1_813' title='bbox 2758 4490 3025 4556; x_wconf 78' lang='lat' dir='ltr'><strong>profunda</strong></span> <span class='ocrx_word' id='word_1_814' title='bbox 3056 4502 3111 4547; x_wconf 84' lang='lat' dir='ltr'><strong>et</strong></span> <span class='ocrx_word' id='word_1_815' title='bbox 3145 4495 3403 4553; x_wconf 86' lang='lat' dir='ltr'><strong>interiora</strong></span> 
     </span>
    </p>
   </div>
   <div class='ocr_carea' id='block_1_107' title="bbox 1833 4572 3400 4657">
    <p class='ocr_par' dir='ltr' id='par_1_107' title="bbox 1833 4572 3400 4657">
     <span class='ocr_line' id='line_1_107' title="bbox 1833 4572 3400 4657; baseline 0.013 -34"><span class='ocrx_word' id='word_1_816' title='bbox 1833 4584 1897 4623; x_wconf 81' lang='lat' dir='ltr'><strong>ex</strong></span> <span class='ocrx_word' id='word_1_817' title='bbox 1927 4585 2091 4639; x_wconf 84' lang='lat' dir='ltr'><strong>pravo</strong></span> <span class='ocrx_word' id='word_1_818' title='bbox 2123 4572 2310 4626; x_wconf 81' lang='lat' dir='ltr'><strong>habitu</strong></span> <span class='ocrx_word' id='word_1_819' title='bbox 2340 4574 2769 4643; x_wconf 70' lang='lat' dir='ltr'><strong>delinquentium</strong></span> <span class='ocrx_word' id='word_1_820' title='bbox 2801 4585 3111 4647; x_wconf 84' lang='lat' dir='ltr'><strong>commissa,</strong></span> <span class='ocrx_word' id='word_1_821' title='bbox 3151 4591 3400 4657; x_wconf 87' lang='lat' dir='ltr'><strong>sanguini</strong></span> 
     </span>
    </p>
   </div>
   <div class='ocr_carea' id='block_1_108' title="bbox 1835 4664 3403 4747">
    <p class='ocr_par' dir='ltr' id='par_1_108' title="bbox 1835 4664 3403 4747">
     <span class='ocr_line' id='line_1_108' title="bbox 1835 4664 3403 4747; baseline 0.011 -33"><span class='ocrx_word' id='word_1_822' title='bbox 1835 4675 2240 4729; x_wconf 88' lang='lat' dir='ltr'><strong>comparantur.</strong></span> <span class='ocrx_word' id='word_1_823' title='bbox 2298 4664 2504 4720; x_wconf 81' lang='lat' dir='ltr'><strong>Idcirco</strong></span> <span class='ocrx_word' id='word_1_824' title='bbox 2558 4683 2625 4721; x_wconf 79' lang='lat' dir='ltr'><strong>ex</strong></span> <span class='ocrx_word' id='word_1_825' title='bbox 2684 4671 2863 4725; x_wconf 87' lang='lat' dir='ltr'><strong>medio</strong></span> <span class='ocrx_word' id='word_1_826' title='bbox 2907 4686 3273 4739; x_wconf 84' lang='lat' dir='ltr'><strong>peccatorum,</strong></span> <span class='ocrx_word' id='word_1_827' title='bbox 3309 4697 3403 4747; x_wconf 86' lang='lat' dir='ltr'><strong>per</strong></span> 
     </span>
    </p>
   </div>
   <div class='ocr_carea' id='block_1_109' title="bbox 1834 4756 3406 4839">
    <p class='ocr_par' dir='ltr' id='par_1_109' title="bbox 1834 4756 3406 4839">
     <span class='ocr_line' id='line_1_109' title="bbox 1834 4756 3406 4839; baseline 0.012 -32"><span class='ocrx_word' id='word_1_828' title='bbox 1834 4756 2061 4823; x_wconf 87' lang='lat' dir='ltr'><strong>spiritus</strong></span> <span class='ocrx_word' id='word_1_829' title='bbox 2117 4759 2386 4812; x_wconf 90' lang='lat' dir='ltr'><strong>ustionem</strong></span> <span class='ocrx_word' id='word_1_830' title='bbox 2456 4763 2673 4830; x_wconf 84' lang='lat' dir='ltr'><strong>purgari</strong></span> <span class='ocrx_word' id='word_1_831' title='bbox 2739 4764 2939 4819; x_wconf 88' lang='lat' dir='ltr'><strong>dicitur</strong></span> <span class='ocrx_word' id='word_1_832' title='bbox 2995 4772 3211 4839; x_wconf 80' lang='lat' dir='ltr'><strong>sanguis</strong></span> <span class='ocrx_word' id='word_1_833' title='bbox 3274 4773 3406 4826; x_wconf 78' lang='lat' dir='ltr'><strong>Pru-</strong></span> 
     </span>
    </p>
   </div>
   <div class='ocr_carea' id='block_1_110' title="bbox 1836 4848 3399 4928">
    <p class='ocr_par' dir='ltr' id='par_1_110' title="bbox 1836 4848 3399 4928">
     <span class='ocr_line' id='line_1_110' title="bbox 1836 4848 3399 4928; baseline 0.01 -30"><span class='ocrx_word' id='word_1_834' title='bbox 1836 4848 2059 4914; x_wconf 71' lang='lat' dir='ltr'><strong>phetm:</strong></span> <span class='ocrx_word' id='word_1_835' title='bbox 2106 4867 2123 4899; x_wconf 78' lang='grc' dir='ltr'><strong>ι</strong></span> <span class='ocrx_word' id='word_1_836' title='bbox 2184 4848 2248 4902; x_wconf 87' lang='lat' dir='ltr'><strong>Et.</strong></span> <span class='ocrx_word' id='word_1_837' title='bbox 2286 4851 2631 4907; x_wconf 89' lang='lat' dir='ltr'><strong>comburitur</strong></span> <span class='ocrx_word' id='word_1_838' title='bbox 2682 4854 2823 4907; x_wconf 86' lang='lat' dir='ltr'><strong>sicut</strong></span> <span class='ocrx_word' id='word_1_839' title='bbox 2868 4857 3009 4926; x_wconf 87' lang='lat' dir='ltr'><strong>ignis</strong></span> <span class='ocrx_word' id='word_1_840' title='bbox 3052 4859 3331 4928; x_wconf 81' lang='lat' dir='ltr'><strong>iniquitas.</strong></span> <span class='ocrx_word' id='word_1_841' title='bbox 3382 4885 3399 4914; x_wconf 75' lang='grc' dir='ltr'><strong>ι</strong></span> 
     </span>
    </p>
   </div>
   <div class='ocr_carea' id='block_1_111' title="bbox 1836 4938 3405 5021">
    <p class='ocr_par' dir='ltr' id='par_1_111' title="bbox 1836 4938 3405 5021">
     <span class='ocr_line' id='line_1_111' title="bbox 1836 4938 3405 5021; baseline 0.01 -31"><span class='ocrx_word' id='word_1_842' title='bbox 1836 4938 2003 4993; x_wconf 87' lang='lat' dir='ltr'><strong>Basil.</strong></span> <span class='ocrx_word' id='word_1_843' title='bbox 2048 4958 2064 4990; x_wconf 81' lang='grc' dir='ltr'><strong>ι</strong></span> <span class='ocrx_word' id='word_1_844' title='bbox 2105 4942 2277 4994; x_wconf 81' lang='lat' dir='ltr'><strong>Habet</strong></span> <span class='ocrx_word' id='word_1_845' title='bbox 2303 4944 2662 4996; x_wconf 88' lang='lat' dir='ltr'><strong>commutatio</strong></span> <span class='ocrx_word' id='word_1_846' title='bbox 2688 4948 2975 5014; x_wconf 87' lang='lat' dir='ltr'><strong>quamdam</strong></span> <span class='ocrx_word' id='word_1_847' title='bbox 3011 4949 3258 5004; x_wconf 86' lang='lat' dir='ltr'><strong>beneﬁcii</strong></span> <span class='ocrx_word' id='word_1_848' title='bbox 3283 4969 3405 5021; x_wconf 84' lang='lat' dir='ltr'><strong>spe-</strong></span> 
     </span>
    </p>
   </div>
   <div class='ocr_carea' id='block_1_112' title="bbox 1831 5029 3402 5105">
    <p class='ocr_par' dir='ltr' id='par_1_112' title="bbox 1831 5029 3402 5105">
     <span class='ocr_line' id='line_1_112' title="bbox 1831 5029 3402 5105; baseline 0.007 -24"><span class='ocrx_word' id='word_1_849' title='bbox 1831 5029 1994 5091; x_wconf 89' lang='lat' dir='ltr'><strong>ciem,</strong></span> <span class='ocrx_word' id='word_1_850' title='bbox 2033 5029 2161 5098; x_wconf 89' lang='lat' dir='ltr'><strong>quia</strong></span> <span class='ocrx_word' id='word_1_851' title='bbox 2197 5030 2549 5084; x_wconf 87' lang='lat' dir='ltr'><strong>comburetur</strong></span> <span class='ocrx_word' id='word_1_852' title='bbox 2580 5033 2719 5089; x_wconf 89' lang='lat' dir='ltr'><strong>sicut</strong></span> <span class='ocrx_word' id='word_1_853' title='bbox 2766 5034 2905 5101; x_wconf 86' lang='lat' dir='ltr'><strong>ignis</strong></span> <span class='ocrx_word' id='word_1_854' title='bbox 2940 5038 3218 5105; x_wconf 80' lang='lat' dir='ltr'><strong>iniquitas.</strong></span> <span class='ocrx_word' id='word_1_855' title='bbox 3271 5039 3402 5093; x_wconf 83' lang='lat' dir='ltr'><strong>Nam</strong></span> 
     </span>
    </p>
   </div>
   <div class='ocr_carea' id='block_1_113' title="bbox 1835 5122 3403 5200">
    <p class='ocr_par' dir='ltr' id='par_1_113' title="bbox 1835 5122 3403 5200">
     <span class='ocr_line' id='line_1_113' title="bbox 1835 5122 3403 5200; baseline 0.008 -26"><span class='ocrx_word' id='word_1_856' title='bbox 1835 5132 2075 5190; x_wconf 88' lang='lat' dir='ltr'><strong>paratam</strong></span> <span class='ocrx_word' id='word_1_857' title='bbox 2106 5136 2171 5175; x_wconf 81' lang='lat' dir='ltr'><strong>ex</strong></span> <span class='ocrx_word' id='word_1_858' title='bbox 2201 5135 2351 5191; x_wconf 85' lang='lat' dir='ltr'><strong>parte</strong></span> <span class='ocrx_word' id='word_1_859' title='bbox 2390 5122 2696 5191; x_wconf 86' lang='lat' dir='ltr'><strong>iniquitatis</strong></span> <span class='ocrx_word' id='word_1_860' title='bbox 2726 5128 3005 5181; x_wconf 85' lang='lat' dir='ltr'><strong>materiam</strong></span> <span class='ocrx_word' id='word_1_861' title='bbox 3041 5131 3269 5194; x_wconf 86' lang='lat' dir='ltr'><strong>aboleri,</strong></span> <span class='ocrx_word' id='word_1_862' title='bbox 3308 5149 3403 5200; x_wconf 89' lang='lat' dir='ltr'><strong>pro</strong></span> 
     </span>
    </p>
   </div>
   <div class='ocr_carea' id='block_1_114' title="bbox 1834 5209 3402 5278">
    <p class='ocr_par' dir='ltr' id='par_1_114' title="bbox 1834 5209 3402 5278">
     <span class='ocr_line' id='line_1_114' title="bbox 1834 5209 3402 5278; baseline 0.009 -15"><span class='ocrx_word' id='word_1_863' title='bbox 1834 5209 2113 5263; x_wconf 86' lang='lat' dir='ltr'><strong>hominum</strong></span> <span class='ocrx_word' id='word_1_864' title='bbox 2150 5211 2438 5278; x_wconf 84' lang='lat' dir='ltr'><strong>beneﬁcio,</strong></span> <span class='ocrx_word' id='word_1_865' title='bbox 2466 5229 2494 5266; x_wconf 68' lang='grc' dir='ltr'>α</span> <span class='ocrx_word' id='word_1_866' title='bbox 2525 5214 2766 5269; x_wconf 80' lang='lat' dir='ltr'><strong>bonitate</strong></span> <span class='ocrx_word' id='word_1_867' title='bbox 2800 5216 3013 5271; x_wconf 82' lang='lat' dir='ltr'><strong>Domini</strong></span> <span class='ocrx_word' id='word_1_868' title='bbox 3051 5223 3402 5277; x_wconf 89' lang='lat' dir='ltr'><strong>constitutum</strong></span> 
     </span>
    </p>
   </div>
   <div class='ocr_carea' id='block_1_115' title="bbox 1836 5301 3405 5374">
    <p class='ocr_par' dir='ltr' id='par_1_115' title="bbox 1836 5301 3405 5374">
     <span class='ocr_line' id='line_1_115' title="bbox 1836 5301 3405 5374; baseline 0.006 -21"><span class='ocrx_word' id='word_1_869' title='bbox 1836 5312 1937 5355; x_wconf 78' lang='lat' dir='ltr'><strong>eat.</strong></span> <span class='ocrx_word' id='word_1_870' title='bbox 1979 5318 1996 5349; x_wconf 70' lang='grc' dir='ltr'><strong>ι</strong></span> <span class='ocrx_word' id='word_1_871' title='bbox 2042 5301 2320 5369; x_wconf 73' lang='lat' dir='ltr'><strong>l’rophetae</strong></span> <span class='ocrx_word' id='word_1_872' title='bbox 2362 5318 2374 5357; x_wconf 90' lang='lat'><strong>:</strong></span> <span class='ocrx_word' id='word_1_873' title='bbox 2412 5320 2429 5351; x_wconf 78' lang='grc' dir='ltr'><strong>ι</strong></span> <span class='ocrx_word' id='word_1_874' title='bbox 2476 5302 2538 5355; x_wconf 84' lang='grc' dir='ltr'>Ει</span> <span class='ocrx_word' id='word_1_875' title='bbox 2564 5304 2705 5357; x_wconf 87' lang='lat' dir='ltr'><strong>sicut</strong></span> <span class='ocrx_word' id='word_1_876' title='bbox 2738 5320 2959 5374; x_wconf 88' lang='lat' dir='ltr'><strong>gramen</strong></span> <span class='ocrx_word' id='word_1_877' title='bbox 2992 5308 3201 5361; x_wconf 86' lang='lat' dir='ltr'><strong>aridum</strong></span> <span class='ocrx_word' id='word_1_878' title='bbox 3240 5310 3405 5365; x_wconf 74' lang='lat' dir='ltr'><strong>devc-</strong></span> 
     </span>
    </p>
   </div>
   <div class='ocr_carea' id='block_1_116' title="bbox 1841 5394 3407 5463">
    <p class='ocr_par' dir='ltr' id='par_1_116' title="bbox 1841 5394 3407 5463">
     <span class='ocr_line' id='line_1_116' title="bbox 1841 5394 3407 5463; baseline 0.006 -17"><span class='ocrx_word' id='word_1_879' title='bbox 1841 5395 2045 5449; x_wconf 89' lang='lat' dir='ltr'><strong>rabitur</strong></span> <span class='ocrx_word' id='word_1_880' title='bbox 2098 5394 2166 5448; x_wconf 89' lang='lat' dir='ltr'><strong>ab</strong></span> <span class='ocrx_word' id='word_1_881' title='bbox 2222 5396 2365 5463; x_wconf 81' lang='lat' dir='ltr'><strong>igne,</strong></span> <span class='ocrx_word' id='word_1_882' title='bbox 2420 5405 2473 5449; x_wconf 87' lang='lat' dir='ltr'><strong>et</strong></span> <span class='ocrx_word' id='word_1_883' title='bbox 2525 5397 2877 5450; x_wconf 87' lang='lat' dir='ltr'><strong>comburetur</strong></span> <span class='ocrx_word' id='word_1_884' title='bbox 2937 5401 2991 5452; x_wconf 92' lang='lat' dir='ltr'><strong>in</strong></span> <span class='ocrx_word' id='word_1_885' title='bbox 3046 5400 3407 5456; x_wconf 81' lang='lat' dir='ltr'><strong>densitatibus</strong></span> 
     </span>
    </p>
   </div>
   <div class='ocr_carea' id='block_1_117' title="bbox 1839 5484 3406 5558">
    <p class='ocr_par' dir='ltr' id='par_1_117' title="bbox 1839 5484 3406 5558">
     <span class='ocr_line' id='line_1_117' title="bbox 1839 5484 3406 5558; baseline 0.003 -17"><span class='ocrx_word' id='word_1_886' title='bbox 1839 5490 2021 5557; x_wconf 73' lang='lat' dir='ltr'><strong>sylvze.</strong></span> <span class='ocrx_word' id='word_1_887' title='bbox 2060 5505 2077 5537; x_wconf 73' lang='grc' dir='ltr'><strong>ι</strong></span> <span class='ocrx_word' id='word_1_888' title='bbox 2118 5486 2279 5539; x_wconf 88' lang='lat' dir='ltr'><strong>Basil.</strong></span> <span class='ocrx_word' id='word_1_889' title='bbox 2319 5504 2335 5536; x_wconf 81' lang='grc' dir='ltr'><strong>ι</strong></span> <span class='ocrx_word' id='word_1_890' title='bbox 2373 5484 2659 5551; x_wconf 86' lang='lat' dir='ltr'><strong>Quomodo</strong></span> <span class='ocrx_word' id='word_1_891' title='bbox 2682 5488 3015 5558; x_wconf 81' lang='lat' dir='ltr'><strong>demergitur</strong></span> <span class='ocrx_word' id='word_1_892' title='bbox 3068 5492 3119 5543; x_wconf 93' lang='lat' dir='ltr'><strong>in</strong></span> <span class='ocrx_word' id='word_1_893' title='bbox 3176 5494 3406 5546; x_wconf 81' lang='lat' dir='ltr'><strong>terrenis</strong></span> 
     </span>
    </p>
   </div>
   <div class='ocr_carea' id='block_1_118' title="bbox 1839 5579 3403 5647">
    <p class='ocr_par' dir='ltr' id='par_1_118' title="bbox 1839 5579 3403 5647">
     <span class='ocr_line' id='line_1_118' title="bbox 1839 5579 3403 5647; baseline 0.001 -12"><span class='ocrx_word' id='word_1_894' title='bbox 1839 5580 2119 5636; x_wconf 76' lang='lat' dir='ltr'><strong>allectibus</strong></span> <span class='ocrx_word' id='word_1_895' title='bbox 2178 5579 2398 5632; x_wconf 83' lang='lat' dir='ltr'><strong>anima?</strong></span> <span class='ocrx_word' id='word_1_896' title='bbox 2451 5579 2622 5633; x_wconf 86' lang='lat' dir='ltr'><strong>Sicuti</strong></span> <span class='ocrx_word' id='word_1_897' title='bbox 2680 5595 2903 5647; x_wconf 85' lang='lat' dir='ltr'><strong>gramen</strong></span> <span class='ocrx_word' id='word_1_898' title='bbox 2944 5580 3173 5637; x_wconf 70' lang='lat' dir='ltr'><strong>affectus</strong></span> <span class='ocrx_word' id='word_1_899' title='bbox 3210 5584 3403 5637; x_wconf 75' lang='lat' dir='ltr'><strong>aaiinze</strong></span> 
     </span>
    </p>
   </div>
  </div>
