4160 6424
201 380 311 444 1965

846 383 991 445 PRO
1019 385 1224 446 CONC.
1268 386 1636 450 FLORENT.
1672 392 1826 453 CAP.
1877 392 1987 454 lli.
2034 393 2129 452 DE
2159 388 2666 454 PURGATORIO.

3254 394 3385 456 1266

198 509 309 561 σμον
340 493 434 561 τῆς
467 495 687 564 εὲρήνης
745 497 836 547 καὶ
883 497 1155 565 ὁμονοίας.
1215 499 1582 571 Ἐϐουλόμεθα
1631 501 1721 555 οῦν

1836 506 2031 559 rando.
2064 502 2187 559 Fuit
2220 506 2271 557 in
2300 505 2481 558 animo
2505 505 2625 558 aliis
2653 500 3133 556 etiamtrstimonia
3166 511 3219 555 et
3245 503 3385 556 dicta

196 583 275 635 καὶ
302 585 459 647 ἄλλας
497 588 802 655 μαρτυρίας
836 589 926 641 καὶ
973 591 1164 658 ῥήσεις
1197 592 1369 658 ἁγίων
1402 594 1722 660 προσθεῖναι

196 676 343 748 ταύτῃ
372 679 435 746 τῇ
469 677 719 731 ὑποθέσει
740 698 754 712 ·
793 681 909 733 ἀλλ’
955 684 981 734 ὁ
1014 685 1087 748 μὴ
1119 686 1332 742 τούτοις
1380 686 1723 754 πειθόμενος,

194 769 289 822 οὐδ’
310 770 485 835 ἄλλοις
518 774 897 841 πεισθήσεται,
931 776 1044 828 ἀλλ’
1068 776 1176 827 οὐδ’
1197 777 1338 838 ὅσοις
1361 776 1425 830 ἂν
1453 778 1722 847 εἰποιμιν.

192 862 278 914 Διά
302 864 454 915 τοῦτο
477 865 669 933 ἀρκεῖν
704 866 982 934 ἡγούμεθα
1019 870 1085 920 τὰ
1115 869 1413 937 εἰρημένω
1444 869 1579 937 πρὸς
1608 870 1723 921 δια-

191 952 449 1020 κριτικοὺς
478 953 572 1006 καὶ
613 956 929 1023 φιλομαθεῖς
962 958 1160 1027 ἄνδρας
1191 958 1280 1010 τὸν
1323 959 1478 1026 λόγον
1507 961 1722 1014 ποιοῦν-

187 1062 287 1105 τες,
317 1045 408 1097 καὶ
446 1045 544 1113 τὴν
578 1047 716 1099 ἰδίαν
748 1052 1020 1117 σωτηρίαν
1067 1049 1446 1117 ὀρεγομένους,
1484 1052 1575 1103 καλ⁵
1623 1052 1725 1118 τὴν

188 1136 427 1203 ἀλήθειαν
458 1139 533 1200 ὠς
569 1140 687 1191 ἐνὸν
714 1141 769 1192 ὲν
798 1141 999 1209 ὀλίγοις
1035 1143 1315 1204 συνιέντας
1360 1144 1453 1196 καὶ
1488 1143 1725 1205 ἀσπαζο-

188 1231 363 1296 μένους
392 1232 693 1301 προθύμως
714 1250 727 1264 ’
760 1236 851 1287 καὶ
884 1235 957 1304 μὴ
984 1235 1107 1287 κατ’
1132 1235 1250 1301 ἔριν
1275 1239 1365 1287 καὶ
1396 1236 1725 1303 φιλονεικίαν

186 1322 329 1387 μόνον
361 1324 389 1375 ὅ
434 1341 488 1376 τι
520 1326 585 1377 ἂν
614 1325 762 1393 τύχοι
809 1327 1085 1393 λέγοντας,
1125 1328 1316 1395 ὥσπερ
1365 1329 1610 1381 ποιοῦσιν
1674 1331 1723 1380 οι

181 1417 269 1483 τὴν
297 1416 551 1483 ἀλήθειαν
580 1419 811 1485 ἀφειδῶς
855 1437 969 1481 πως
997 1420 1086 1471 καὶ
1119 1398 1354 1482 ἀναιδῶς
1403 1419 1490 1472 διὰ
1520 1421 1721 1491 μοχθη⁹

183 1513 295 1573 ρίαν
318 1509 410 1561 καὶ
445 1508 768 1577 ἀμϐλύτητα
798 1511 916 1573 νοὸς
962 1512 1414 1582 ἀπορῤίπτοντες.

246 1600 345 1651 Καὶ
375 1600 550 1652 ταῦτα
582 1602 681 1669 μὲν
710 1603 900 1666 οὕτως.
935 1603 1076 1671 Πρὸς
1111 1603 1167 1655 δὲ
1203 1606 1269 1655 τὰ
1299 1605 1723 1672 ὲπαπορούμενα

179 1693 297 1759 ὑμῖν
344 1693 433 1745 τὸν
485 1694 640 1760 λόγον
671 1693 981 1763 τρέφωμεν.
1026 1697 1162 1748 Φασὶ
1192 1696 1301 1764 γὰρ
1347 1697 1396 1749 οἰ
1429 1697 1722 1765 ἀντιμαχό-

178 1804 319 1853 μενοι
346 1787 577 1851 τούτοις,
609 1788 823 1854 πρῶτον
854 1788 935 1839 ὅτι
969 1790 1126 1854 ἀρκεῖ
1150 1789 1226 1855 τῷ
1268 1788 1539 1857 ἀνθρώπῳ
1572 1789 1627 1841 ἐν
1658 1791 1719 1857 τῇ

1831 604 2143 650 sanctorum
2180 596 2307 650 huic
2348 605 2665 663 argumento
2696 594 3023 662 adiungere;
3078 596 3168 648 sed
3200 596 3288 661 qui
3322 595 3385 647 iis

1828 687 1986 741 fidem
2017 704 2121 741 non
2147 688 2481 746 adhibuerit.
2511 703 2683 755 neque
2712 687 2836 740 aliis
2858 686 3153 746 adhibebit,
3174 685 3383 739 etiamsi

1828 777 1999 830 multo
2026 778 2178 844 plura
2212 778 2333 846 quis
2366 778 2656 833 addiderit.
2692 775 2896 832 ldcirco
2929 777 3060 829 satis
3093 789 3237 836 esse,
3267 790 3388 842 qua:

1827 884 1991 936 supra
2023 869 2264 936 exposita
2293 877 2421 923 sunt
2464 868 2792 921 arbitramur
2820 869 2884 921 ad
2916 868 3181 922 discretos
3210 876 3263 919 et
3302 866 3385 917 di-

1826 959 2010 1013 scendi
2058 959 2287 1028 cupidos
2323 960 2571 1014 homines
2618 969 2994 1013 convertentes
3052 973 3382 1021 sermonem,

1827 1051 1917 1120 qui
1949 1059 2003 1105 et
2050 1067 2204 1104 suam
2254 1062 2511 1116 expetunt
2546 1051 2797 1112 salutem,
2847 1065 3165 1118 verumque,
3208 1047 3385 1115 quoad

1828 1144 2081 1209 possibile
2116 1143 2207 1207 sit,
2241 1155 2293 1197 et
2326 1145 2630 1212 intelligunt
2666 1143 2901 1196 breviter
2948 1151 3003 1196 et-
3051 1142 3388 1208 amplectun-

1828 1243 1915 1286 tur
1963 1235 2215 1293 libenter.
2255 1250 2360 1288 non
2414 1236 2657 1301 litigandi
2711 1244 2764 1288 et
2795 1232 3157 1287 contendendi
3204 1232 3383 1285 studio

1826 1323 2090 1391 quidquid
2125 1324 2424 1378 occurrerit
2465 1325 2835 1385 adducentes,
2886 1323 3043 1377 sicuti
3097 1323 3132 1375 ii
3183 1322 3387 1374 fallunt

1827 1415 1916 1478 qui
1950 1419 2227 1469 veritatem
2266 1422 2602 1469 incessanter
2633 1424 2685 1468 et
2722 1414 3069 1482 impudenter
3104 1414 3172 1467 ob
3218 1414 3384 1467 animi

1828 1506 2146 1572 pravitatem
2181 1519 2235 1559 et
2266 1508 2463 1561 mentis
2499 1508 2872 1562 hehetudinem
2923 1508 3205 1575 abjiciuut.

1900 1597 1966 1651 Et
1999 1599 2110 1651 haec
2137 1597 2354 1666 quidem
2405 1598 2680 1653 hactenus.
2714 1598 2867 1654 Nunc
2910 1600 2972 1653 ad
3008 1615 3070 1653 ea
3104 1614 3224 1667 quae
3257 1612 3387 1650 con-

1827 1689 2108 1742 tendentes
2145 1688 2300 1742 nobis
2346 1688 2608 1756 objiciiis,
2639 1692 2941 1744 orationem
2987 1700 3384 1744 convertemus.

1828 1782 2025 1836 Dicunt
2056 1781 2200 1833 enim
2251 1780 2341 1847 qui
2399 1779 2480 1833 his
2534 1781 2913 1841 adversantur,
2963 1780 3194 1849 primum
3244 1779 3391 1846 quod

173 1880 450 1949 τελευταία
476 1880 572 1945 τῆς
600 1880 907 1948 ἀποδημίας
952 1879 1118 1933 αὑτοῦ
1155 1880 1361 1950 ἡμέρα,
1392 1883 1422 1946 ὴ
1468 1883 1607 1949 μετὰ
1634 1882 1721 1933 δα-

1832 1871 2034 1925 hontini
2067 1870 2263 1925 sulIicit
2295 1871 2347 1923 in
2396 1882 2640 1925 extremo
2671 1871 3120 1938 peregrinationis
3160 1887 3269 1924 sua:
3301 1870 3388 1922 die

169 1970 345 2035 κρύων
403 1972 679 2039 μετάνοια,
739 1971 1089 2040 καὶὴθερμὴ
1149 1970 1725 2041 ἐξομολόγησις,ῶστε

170 2066 401 2133 σωθῆναι
453 2064 635 2119 αὑτὸν.
666 2071 755 2116 καὶ
788 2066 847 2116 ὲν
900 2067 966 2133 τῇ
1022 2064 1267 2131 βασιλείᾳ
1322 2065 1431 2118 τῶν
1482 2065 1725 2135 οὐρανῶν

167 2158 543 2224 ἀπενεχθῆναι.
587 2158 695 2210 Καὶ
749 2156 1101 2226 παράδειγμα
1149 2158 1480 2226 προφέρουσι
1524 2156 1723 2227 λῃστοῦ

164 2266 306 2309 τινος
339 2250 475 2317 μετὰ
521 2248 773 2316 δακρύων
827 2249 927 2317 μιᾷ
967 2250 1123 2301 νυκτὶ
1161 2248 1581 2315 κατανυγέντος,
1632 2250 1724 2301 καὶ

165 2340 323 2399 εὐθὺς
376 2338 787 2406 ἀποψύξαντος·
821 2340 914 2390 καὶ
962 2339 1037 2400 ὡς
1075 2340 1124 2391 οἰ
1177 2339 1398 2406 ἄγγελοι
1453 2340 1721 2402 ἐλθόντες,

169 2432 260 2481 καὶ
292 2430 455 2498 μηδὲν
487 2430 616 2484 ἄλλο
656 2431 928 2499 εὑρόντες,
967 2431 998 2499 ἢ
1027 2431 1092 2483 τὰ
1121 2429 1228 2499 πρὸ
1260 2432 1459 2499 μικροῦ
1492 2431 1723 2497 χυοὲντα

164 2524 397 2588 δάκρυα,
433 2521 537 2573 τῶν
569 2522 839 2589 δαιμόνων
874 2521 1269 2582 ἀντιϐοώντων,
1301 2524 1373 2578 ὼς
1407 2522 1558 2575 οὐδὲν
1590 2524 1723 2590 ἀγα-

164 2615 256 2665 θον
285 2614 546 2681 κέκτηται
572 2629 586 2643 ο
614 2614 664 2664 οἰ
694 2613 838 2679 ἅγιοι
867 2613 1089 2679 ἄγγελοι
1124 2614 1180 2665 τὸ
1212 2612 1721 2682 καταϐεὸρεγμένον

160 2706 555 2773 χειρόμακτρον
604 2709 714 2767 τοῖς
764 2706 1046 2774 δάκρυσιν,
1084 2707 1140 2758 ἐν
1185 2709 1248 2775 τῇ
1284 2706 1588 2773 πλάστιγγυ
1625 2706 1719 2758 τοῦ

158 2796 327 2863 ζυγοῦ
367 2796 570 2859 θέντες,
611 2797 751 2849 οῦτω
800 2796 1143 2866 καῖῄσχυναν
1178 2800 1302 2859 τοὺς
1342 2795 1600 2862 δαίμονας
1644 2796 1721 2864 τῷ

154 2886 253 2939 τοῦ
282 2886 415 2939 Θεοῦ
448 2890 606 2939 ἐλέει.
640 2890 747 2940 Καὶ
777 2889 874 2957 τῆς
911 2889 1115 2959 πόρνης
1145 2890 1204 2943 τὸ
1234 2890 1588 2959 παράδειγμα
1614 2905 1720 2940 πα-

158 2979 506 3047 ρεισάγουσι,
545 2982 635 3031 καὶ
669 2980 804 3031 ἄλλα
854 2983 1012 3049 ὃμοια
1041 2997 1055 3011 ·
1093 2982 1169 3051 μὴ
1228 2981 1506 3043 συνιέντες
1552 2981 1599 3031 οἰ
1632 2981 1721 3034 ἄν-

155 3072 390 3139 θρωποι,
419 3071 498 3123 ὅτι
533 3071 671 3137 ὑπὲρ
696 3072 853 3139 ἡμῶν
887 3073 1056 3124 ταῦτὰ
1088 3074 1193 3124 εἰσι
1221 3091 1235 3104 ·
1268 3073 1361 3125 καὶ
1392 3073 1547 3140 ἡμεῖς
1578 3070 1718 3123 οὕτω

1830 1960 2149 2031 paenitentia
2194 1978 2317 2015 cum
2354 1963 2605 2032 lacrymis
2646 1974 2699 2015 et
2746 1962 2960 2017 fervens
2999 1964 3272 2016 confessio
3320 1962 3385 2013 ad

1828 2055 2057 2107 salutem
2093 2062 2149 2105 et
2181 2054 2247 2105 ad
2295 2055 2517 2107 cmleste
2550 2069 2775 2121 regnum
2806 2053 3189 2113 obtinendum,
3219 2053 3386 2105 latro-

1828 2145 1912 2198 nis
1939 2144 2218 2213 cujusdam
2236 2145 2537 2212 exemplum
2564 2146 2723 2197 nobis
2748 2146 3088 2213 ohjicienlcs,
3112 2145 3202 2209 qui
3234 2152 3388 2195 nocte

1827 2253 1932 2291 una
1968 2248 2330 2305 compunctus
2357 2237 2653 2305 exspiravit
2688 2238 2905 2299 statim;
2938 2251 3170 2304 cumque
3211 2233 3384 2301 angeli

1824 2330 2194 2392 advenissent.
2225 2328 2471 2398 nihilque
2505 2329 2648 2382 aliud
2680 2344 2839 2397 quam
2884 2328 3038 2397 paulo
3085 2337 3209 2382 ante
3249 2328 3385 2381 ell'u-

1824 2439 1911 2479 sas
1960 2425 2228 2493 lacrymas
2263 2423 2619 2490 reperissent,
2672 2422 3010 2476 daemonibus
3046 2422 3385 2476 reclamanti-

1825 2522 1921 2573 bus
1952 2518 2004 2569 in
2034 2533 2099 2570 eo
2131 2516 2263 2569 nihil
2296 2515 2420 2569 boni
2451 2515 2703 2577 inveniri,
2728 2525 2948 2568 sanctos
2982 2514 3202 2583 angelos
3234 2529 3384 2567 man-

1825 2611 1916 2663 lile
1968 2609 2218 2678 lacrymis
2277 2608 2637 2661 madefactum
2701 2606 2753 2658 in
2822 2606 3083 2658 trutinam
3141 2604 3385 2673 posuisse

1823 2704 1995 2761 aiunt.
2028 2703 2211 2769 itaque
2237 2702 2510 2753 ilaaniones
2531 2698 2620 2752 Dei
2653 2696 3023 2753 misericordia
3052 2697 3384 2752 confudisse.

1824 2793 2127 2847 Meretricis
2179 2791 2345 2845 etiam
2395 2791 2699 2858 exemplum
2752 2789 3034 2852 inducunt,
3086 2798 3245 2857 atque
3280 2789 3385 2840 alia

1824 2887 1907 2940 his
1959 2886 2183 2948 similia,
2240 2898 2343 2937 non
2388 2884 2745 2953 percipieutes
2802 2882 3052 2936 homines
3091 2881 3234 2949 quod
3269 2880 3383 2932 haec

1820 2994 1921 3047 pro
1952 2979 2109 3031 nobis
2141 2976 2373 3030 faciunt.
2420 2975 2639 3043 Nosque
2677 2976 2757 3028 sic
2805 2973 3216 3039 respondemus,
3253 2970 3388 3024 effe.

1820 3085 1906 3123 sas
1944 3071 2209 3138 lacrymas
2246 3084 2369 3122 eum
2405 3069 2643 3121 salvasse
2694 3076 2748 3120 et
2794 3080 2822 3118 a
2854 3065 3179 3131 sempiterna
3211 3064 3386 3116 vindi-

154 3164 389 3231 λέγομεν
414 3178 429 3193 ·
462 3163 542 3215 ὅτι
571 3162 773 3214 ἔσωσεν
808 3164 1036 3226 ἐκεῖνον,
1063 3164 1124 3215 τὸ
1156 3163 1315 3230 χυθὲν
1344 3162 1715 3232 δάκρυον,ικαὶ

1825 3176 1977 3215 casse
2026 3160 2374 3214 damnatione
2408 3165 2586 3228 'qnam
2640 3159 2831 3227 procul
2883 3159 3052 3213 dubio
3103 3158 3385 3218 subiisset.

154 3256 257 3321 τῆς
286 3256 507 3307 αἰωνίου
550 3254 825 3315 κολάσεως
855 3255 1259 3325 ἠλευθέρωσεν·
1304 3258 1369 3325 ἦν
1410 3255 1474 3309 ἂν
1498 3255 1719 3321 ἐκληρο-

153 3348 397 3417 νόμησεν
424 3348 830 3415 ἀναμφιϐόλως,
859 3351 907 3400 εἰ
943 3351 1017 3417 μὴ
1048 3349 1146 3415 τὴν
1189 3349 1477 3415 μετάνοιαν
1506 3348 1721 3413 ἐκείνην

155 3442 350 3494 καὶτὰ
384 3442 596 3511 δάκρυα
645 3443 989 3507 ὲπεδείξσιτου
1025 3442 1139 3493 ἀλλ’
1186 3442 1283 3493 οὐκ
1317 3444 1396 3503 εἰς
1437 3442 1532 3505 τὴν
1565 3443 1719 3506 βασι-

150 3534 311 3583 λείαν
341 3532 447 3584 τῶν
473 3533 722 3602 οὐρανῶν
746 3532 1047 3600 ἀπηνέχθη,
1079 3534 1126 3584 εἰ
1165 3533 1237 3603 μὴ
1267 3533 1352 3585 διὰ
1390 3533 1482 3584 τοῦ
1517 3532 1725 3599 καθαρ-

148 3622 349 3691 τηρίου
381 3624 551 3689 πυρὸς
603 3623 818 3688 ἐγένετο
852 3623 1020 3685 ἄξιος.
1068 3617 1229 3675 Οὗτοί
1278 3626 1416 3675 εἰσιν
1450 3626 1496 3675 οἰ
1554 3626 1609 3673 ιν
1644 3625 1723 3691 τῷ

150 3708 516 3777 καθαρτηρίῳ
544 3709 953 3777 καθαιρόμενοι,
984 3711 1031 3761 οἰ
1059 3710 1268 3780 θερμὴν
1298 3711 1589 3779 μετάνοιαν
1616 3713 1724 3763 δεί-

148 3800 377 3863 ξαντες,
410 3801 503 3850 καὶ
538 3800 675 3867 μετὰ
708 3800 1172 3867 συντετριμμένης
1203 3801 1428 3868 καρδίας
1460 3802 1719 3854 ἀπελθόν-

144 3904 245 3948 τες
274 3904 287 3917 ·
323 3887 383 3939 οὐ
433 3890 540 3956 γὰρ
571 3889 1001 3956 προσωποληψία
1046 3894 1194 3957 παρᾶ
1239 3891 1317 3958 τῷ
1363 3892 1500 3959 Θεῷ.
1535 3894 1723 3945 Ἔστιν

142 3974 250 4033 οὖν
315 3979 533 4046 ἀνάγκη
570 3980 655 4033 ἴνα
699 3982 727 4033 ό
778 3982 866 4032 τὸν
914 3979 1047 4032 Θεὸν
1105 3982 1233 4033 ἰδεῖν
1283 3983 1592 4048 ἐφιέμενος,
1625 3984 1724 4053 τὴν

141 4068 339 4136 ψυχὴν
364 4067 530 4120 αὑτοῦ
566 4070 645 4129 εἰς
679 4068 739 4119 τὸ
771 4070 997 4135 ἀρχαῖον
1033 4068 1224 4126 κάλλος
1256 4067 1524 4139 ἐπανάγῃ,
1554 4068 1581 4120 ὃ
1611 4065 1723 4135 εἶχε

141 4161 263 4227 πρὸ
300 4161 399 4227 τῆς
450 4160 731 4228 παρακοῆς
764 4160 985 4225 καὶτῆς
1037 4161 1338 4225 καταδίκης
1385 4164 1411 4213 ό
1459 4162 1630 4227 Ἀδὰμ
1665 4164 1722 4213 ὲν

136 4252 228 4319 τῷ
263 4253 600 4319 παραδείσῳ.
650 4252 746 4304 Διὰ
798 4252 953 4304 τοῦτο
984 4252 1075 4303 καὶ
1127 4252 1362 4321 κατῴκει
1394 4253 1557 4305 αὐτὸν
1597 4255 1724 4308 ἀνα-

1827 3252 1929 3304 nisi
1965 3252 2331 3317 pumitentiam
2391 3250 2535 3303 illam
2588 3258 2640 3301 et
2698 3249 2965 3319 lacrymas
2995 3250 3321 3303 ostendisset
3359 3265 3373 3309 ;

1825 3344 1915 3397 sed
1972 3343 2189 3397 caeleste
2246 3357 2467 3410 regnum
2529 3357 2807 3409 nunquam
2864 3342 3225 3409 impetrasset,
3282 3339 3386 3392 nisi

1826 3436 2166 3505 purgatorins
2193 3434 2333 3502 ignis
2370 3448 2435 3487 eo
2466 3434 2687 3501 dignum
2724 3434 3013 3488 effecisset.
3046 3432 3108 3485 lli
3144 3431 3385 3499 suntqui

1826 3531 1875 3581 iu
1930 3528 2241 3598 purgatorio
2292 3540 2607 3595 purgantur,
2646 3529 2738 3596 qui
2774 3528 3068 3581 ferventem
3122 3526 3387 3593 paeniten-

1828 3621 1958 3673 tiam
2019 3629 2491 3683 commonstrant,
2547 3630 2600 3673 et
2661 3619 2895 3673 contrito
2951 3618 3114 3673 corde
3167 3634 3231 3670 ex
3289 3619 3390 3669 hoc

1826 3710 2029 3767 mundo
2066 3712 2376 3775 discedunt,
2409 3713 2533 3780 quia
2569 3729 2676 3765 non
2724 3719 2808 3766 est
2839 3712 3084 3779 acceptio
3129 3726 3388 3778 persona-

1827 3820 1944 3856 rum
1979 3804 2121 3871 apud
2171 3804 2357 3857 Deum.
2395 3803 2628 3857 Necesse
2666 3804 2827 3872 igitur
2864 3813 2947 3855 est
2991 3804 3039 3855 ei
3085 3802 3175 3869 qui
3220 3800 3389 3855 Deum

1826 3896 2007 3949 videre
2030 3897 2199 3963 cupit,
2230 3904 2287 3947 ut
2314 3895 2545 3948 animam
2574 3910 2726 3949 suam
2758 3895 2810 3948 in
2836 3896 3113 3962 antiquam
3145 3895 3391 3963 pulchri-

1828 3987 2069 4039 tudinem
2114 3988 2409 4049 restituat,
2477 4002 2637 4053 quam
2692 3996 2815 4040 ante
2870 3987 3293 4040 inobedientiam
3337 3997 3391 4041 et

1824 4076 2225 4130 damnationem
2276 4079 2330 4129 in
2381 4078 2631 4145 paradiso
2676 4078 2917 4130 Adamus
2949 4079 3277 4132 obtinebat:
3330 4087 3384 4131 et

1826 4176 2111 4236 propterea
2146 4169 2217 4220 ibi
2257 4184 2382 4222 eum
2423 4169 2728 4232 collocavit,
2779 4186 2901 4225 cum
2934 4178 3081 4224 esset
3113 4170 3229 4223 sine
3260 4186 3388 4239 pec-

1827 4270 1970 4321 cato,
2004 4258 2097 4312 sed
2126 4274 2249 4312 cum
2286 4258 2599 4313 offendisset
2626 4269 2676 4312 et
2705 4272 3007 4327 peccasset,
3046 4260 3166 4313 inde
3195 4262 3389 4328 expul-

140 4344 431 4409 μάρτητος
462 4343 559 4395 ῶν.
588 4342 939 4411 Διολισθήσας
982 4343 1037 4396 δὲ
1068 4344 1160 4395 καὶ
1196 4345 1551 4414 ἡμαρτηκὼς,
1592 4345 1721 4410 ἐξώ-

1826 4366 1922 4406 sus
1947 4359 2050 4405 est.
2097 4351 2201 4415 Qui
2236 4352 2424 4404 volunt
2462 4351 2623 4419 igitur
2664 4352 2975 4419 paradisum
3025 4354 3282 4413 incolere,
3314 4352 3385 4405 ita

138 4435 255 4502 σθη
284 4433 476 4488 αὐτοῦ.
504 4436 566 4485 Oi
594 4434 723 4501 γοῦν
752 4435 1067 4503 βουλόμενοι
1096 4436 1186 4487 τὸν
1214 4437 1543 4505 παράδεισον
1570 4439 1721 4507 οἰκῆ-

1827 4452 2142 4510 purgentur,
2174 4452 2231 4495 ut
2261 4443 2312 4495 in
2349 4444 2412 4496 iis
2437 4458 2533 4497 nec
2553 4443 2762 4496 macula
2794 4458 2889 4497 nec
2914 4445 3047 4497 livor
3065 4446 3387 4510 reperiatur.

136 4546 242 4578 σαι
303 4526 739 4595 καθαρθήτωσαν
777 4527 970 4587 οῦτως,
1021 4527 1161 4579 ὥστε
1210 4529 1414 4595 μηδένα
1466 4530 1652 4581 σπῖλον
1685 4530 1716 4591 ἢ

1825 4532 1938 4585 Non
1959 4536 2101 4587 enim
2127 4535 2237 4587 sola
2266 4534 2461 4587 sufﬁcit
2490 4536 2806 4601 pcnuiteutia
2832 4553 2845 4599 ;
2872 4551 2993 4588 nam
3023 4536 3064 4588 si
3096 4535 3387 4598 sufﬁceret,

136 4621 355 4687 μῶμον
388 4618 657 4685 ἁμαρτίας
715 4620 772 4671 ὲν
822 4621 1033 4682 ἑαυτοῖς
1084 4621 1249 4690 ἔχειν.
1299 4626 1371 4675 Οὐ
1404 4625 1511 4690 γὰρ
1565 4628 1721 4694 ἀρκεῖ

1829 4640 2107 4691 nunquam
2167 4628 2411 4677 viventes
2475 4624 2721 4678 formulis
2768 4636 3047 4679 uterentur
3099 4641 3219 4693 quae
3270 4636 3390 4694 post

133 4714 295 4779 μὸνη
330 4712 364 4777 ἠ
420 4711 694 4778 μετάνοια.
732 4712 792 4762 Ei
820 4711 925 4779 γὰρ
971 4712 1148 4779 ἤρκει,
1182 4714 1279 4767 οὐκ
1330 4713 1395 4768 ἂν
1425 4718 1473 4767 oi
1525 4718 1721 4776 ζῶντες

1827 4724 2102 4781 peractam
2144 4713 2542 4768 confessionem
2578 4724 2707 4767 sunt
2744 4717 3025 4771 institutae.
3054 4718 3130 4769 Ae
3166 4716 3327 4770 veluti
3357 4732 3387 4768 a

125 4800 481 4868 εζργὰζοντο
520 4801 646 4861 τοὺς
699 4803 834 4867 μετά
883 4800 980 4869 τὴν
1033 4801 1418 4870 ἐξομολόγησιν
1469 4806 1721 4867 δοθέντας

1828 4806 2205 4875 spiritualibus
2241 4808 2489 4874 patrihus
2529 4822 2697 4872 pinnae
2734 4809 3079 4875 assignantur
3111 4809 3177 4861 iis
3207 4810 3299 4875 qui
3333 4809 3388 4861 iu

118 4895 260 4952 τοῖς
291 4890 675 4959 ἀποιχομένοις
713 4891 942 4953 κανόνας
962 4907 977 4923 ο
1010 4892 1123 4943 ἀλλ’
1148 4891 1340 4959 ὥσπερ
1372 4896 1721 4964 ἐξομολογου-

1831 4899 1938 4948 vita
1966 4895 2366 4950 confessionem
2393 4898 2672 4959 adhibent,
2707 4906 2763 4949 ut
2790 4899 3017 4951 maculis
3049 4899 3244 4965 quibus
3265 4898 3387 4950 aui-

121 4986 343 5052 μένοις
390 4984 497 5042 τοῖς
535 4981 697 5045 ζῶσιν
750 4984 998 5050 ἐπιτίμια
1041 4984 1240 5037 δίδοται
1273 4987 1378 5037 ὑπὸ
1426 4986 1536 5038 τῶν
1564 5004 1721 5039 πνευ-

1830 5003 1930 5041 ina:
1961 5003 2147 5040 eorum
2184 4998 2309 5041 sunt
2365 5003 2658 5055 respersa},
2697 4992 3044 5054 Inundentur,
3091 4992 3169 5044 sic
3219 5000 3273 5042 et
3321 4991 3388 5044 iis

120 5073 410 5143 ματικῶν
440 5074 715 5140 Πατέρων,
743 5073 883 5127 ὥστε
910 5076 1255 5144 ἀποκαθᾶραι
1283 5078 1379 5141 τὰς
1410 5080 1721 5147 ἐπιμιχθεί-

1825 5074 1999 5143 quiin
2030 5074 2147 5127 vitae
2193 5073 2299 5127 fine
2339 5077 2620 5129 constituti
2652 5078 3027 5145 pwnituerint,
3070 5091 3123 5132 ct
3166 5080 3386 5133 fervidis

111 5183 244 5225 σας
286 5165 511 5231 κηλίδας
542 5169 664 5227 ταῖς
702 5166 896 5233 ψυχαῖς
933 5168 1129 5230 αὐτῶν,
1157 5171 1250 5220 καὶ
1300 5171 1385 5222 ἵνα.
1409 5173 1720 5239 κτήσωνται

1825 5179 1949 5217 cum
2002 5164 2255 5234 lacrymis
2288 5166 2683 5221 confessionem
2738 5171 3064 5237 peregerint,
3098 5183 3151 5222 ct
3199 5173 3382 5225 statim

112 5255 363 5323 ἀρετὴν
394 5256 528 5323 πρὸς
573 5256 631 5305 τὸ
667 5259 850 5325 τυχεῖν
886 5256 981 5323 τῆς
1026 5259 1350 5327 ἐπουρανίου
1385 5261 1551 5330 ζωῆς,
1583 5263 1721 5315 οὕτω

1825 5255 2191 5316 decesserint,
2248 5270 2401 5323 pretia
2466 5258 2775 5325 assignatur
2831 5260 3177 5326 purgatorius
3228 5262 3387 5329 ignis,

104 5348 236 5400 καὶ
279 5348 401 5408 τοῖς
435 5349 490 5398 ὲν
540 5346 616 5413 τῷ
648 5347 787 5399 τέλει
832 5348 929 5415 τῆς
966 5348 1111 5418 ζωῆς
1150 5354 1493 5417 μετανοοῦσι.
1536 5356 1630 5407 καὶ
1665 5358 1721 5408 ὲν

1825 5347 1915 5400 ubi
1946 5346 2199 5414 afﬂigitur
2229 5358 2283 5400 et
2317 5358 2623 5401 maceratur
2674 5349 2875 5412 anima,
2908 5365 3029 5402 cum
3087 5350 3138 5401 iu
3192 5368 3391 5405 memov

103 5446 146 5491 L‘
168 5440 386 5508 ερμοῑς
403 5439 663 5503 δάκρυσιν
693 5440 1227 5509 ἐξομολογουμένοις,
1255 5445 1350 5496 καὶ
1374 5445 1532 5508 εὐθὺς
1558 5448 1721 5499 ἀπε).-

1828 5439 1963 5492 riam
1994 5448 2212 5491 revocat
2241 5440 2495 5493 amissum
2530 5450 2739 5507 tempus
2762 5440 2887 5492 dum
2919 5441 2970 5493 in
3000 5442 3239 5509 peccatis
3265 5459 3389 5495 ver-

96 5529 371 5592 θοῦσιν,
422 5532 697 5596 ὲπιτίμιον
732 5530 937 5583 δέδοται
979 5534 1040 5584 τὸ
1088 5533 1385 5603 καθάρσιον
1425 5540 1555 5607 πῦρ,
1590 5540 1648 5590 ἐν
1678 5534 1721 5605 ᾧ

1829 5544 2060 5590 saretur.
2098 5533 2201 5588 Sed
2238 5544 2450 5603 tempus
2486 5534 2881 5589 abbreviantet
2913 5551 2940 5588 a
2976 5536 3218 5590 cruciatu
3259 5536 3388 5589 libe-

84 5623 411 5675 ὸδσνᾶται
464 5622 556 5674 καὶ
604 5623 893 5690 τήκεταιή
941 5622 1108 5693 ψυχὴ,
1161 5629 1575 5694 μνημονεύουσα
1628 5630 1721 5683 τοῦ

1831 5633 1951 5679 rant
1981 5639 2191 5692 preces,
2221 5625 2519 5679 oblationes
2541 5634 2593 5679 et
2617 5626 2912 5691 orationes,
2937 5638 2993 5680 ut
3019 5642 3155 5695 serpe
3180 5627 3386 5682 dictum

94 5712 353 5781 γαιροῦ
394 5712 456 5765 δν
511 5714 790 5765 ἀπώλεσεν
829 5715 888 5766 ὲν
938 5716 1049 5775 τοῖς
1107 5714 1404 5782 αἰσχίστοις
1467 5719 1719 5784 μένουσα.

1830 5727 1931 5768 est.
1967 5714 2067 5779 Qui
2098 5733 2205 5768 non
2244 5718 2434 5776 credit.
2473 5733 2534 5771 ex
2567 5734 2653 5772 me
2688 5719 2871 5772 audiat
2914 5720 3063 5782 illml,
3114 5724 3387 5787 quomodo

88 5807 455 5874 Luvtfpvet
488 5806 543 5858 δὲ
573 5807 664 5860 τὸν
699 5806 909 5876 καιρὸν,
961 5806 1055 5859 καὶ
1090 5808 1188 5876 τῆς
1220 5807 1413 5878 ὀδύνης
1448 5812 1719 5867 ἀπαλλάτ-

1832 5823 1959 5861 voce
1992 5809 2187 5876 psallit,
2226 5826 2240 5857 (
2276 5808 2317 5861 A
2351 5808 2601 5879 lacrymis
2628 5820 2679 5865 ct
2709 5812 2908 5880 gemitu
2944 5810 3137 5867 inferni
3170 5827 3385 5867 servum
