4156 6420
169 381 294 444 1269

816 386 962 444 PRO
1000 389 1210 448 ΗΘΜ.
1249 381 1615 444 FLURENT.
1655 381 1811 439 ιξΑΡ.
1857 379 1966 438 HI.
2015 380 2109 438 DE
2153 380 2663 442 PUl‘tGATORIO.

3257 380 3391 443 1270

171 502 256 552 ‘Ev
306 503 370 570 τῇ
427 500 608 573 ἡμέρᾳ
667 503 723 556 δὲ
749 503 847 572 τῆς
894 505 1214 570 ὲναλλαγῆς,
1260 505 1400 556 κατὰ
1435 505 1524 555 τὸν
1554 501 1714 569 μακά

1841 496 1928 549 uis
1957 496 2043 548 die
2074 497 2372 550 secundum
2397 499 2612 552 beatum
2653 498 2895 562 Paulum,
2935 508 2986 551 et
3014 500 3105 566 qui
3151 507 3280 552 tunc
3309 500 3357 550 vi
3376 530 3393 542 ~

162 610 270 657 ριον
327 593 570 657 Παῦλον,
617 594 999 664 εὑρεθήσονται
1081 597 1173 648 καὶ
1224 595 1460 658 ζιῖ-ντεςο
1524 594 1718 653 οἵτινες

157 685 215 734 οὐ
257 685 522 752 φθάσουσι
548 688 671 748 τοὺς
711 687 1074 757 κοιμηθέντας
1103 687 1522 752 ἀνισταμένους,
1553 686 1634 738 ὅτι
1667 684 1722 735 ἐν

160 779 295 844 ῥοπῇ
331 777 610 847 ὀφθαλμοῦ
647 780 737 832 καὶ
779 783 835 832 ὲν
872 781 1078 849 ἀτόμῳ,
1121 782 1214 832 καὶ
1245 781 1292 833 oi
1325 779 1523 842 ζῶντες
1562 777 1721 830 ἐναλ-

160 872 508 940 λαγήσονται,
535 875 629 924 καὶ
657 874 707 924 οί
736 875 916 942 νεκροὶ
946 873 1336 940 ἐγερθήσονται
1363 887 1376 902 ·
1408 870 1512 924 ποῦ
1537 870 1722 923 λοιπὸν

161 965 351 1032 καιρὸς
378 965 433 1015 ὲν
467 967 531 1033 τῇ
571 967 708 1034 ῥοπῇ
749 966 842 1018 τοῦ
891 964 1192 1032 ὀφθαλμοῦ,
1237 965 1598 1033 πειρασθῆναι
1626 963 1722 1015 καὶ

158 1055 420 1107 κοπιάσαι
448 1072 462 1118 ;
498 1056 599 1108 ποῦ
631 1056 686 1108 δὲ
724 1058 816 1108 καὶ
845 1057 1178 1126 λειτουργίαι
1206 1057 1299 1108 καὶ
1335 1056 1716 1124 ἐλεημοσύναι,

159 1147 253 1199 καὶ
287 1146 456 1199 τᾶλλα
486 1163 499 1212 ;
542 1148 622 1199 ὅτι
676 1148 882 1216 βραχὺς
920 1150 948 1200 6
982 1149 1170 1217 καιρός
1195 1166 1210 1180 ο
1247 1147 1342 1200 καὶ
1385 1149 1410 1200 6
1440 1145 1589 1212 ἀγὼν
1635 1163 1722 1198 τε·

157 1237 435 1290 ).ξιοὖται’
494 1239 586 1292 καὶ
637 1241 684 1292 οί
742 1241 995 1307 στέφανοι
1040 1241 1306 1293 δίδονται⁸
1355 1240 1444 1292 καὶ
1494 1241 1723 1299 ἕκαστος

155 1329 534 1396 ἀπολαμϐάνει
595 1331 718 1383 καθ’
766 1332 794 1383 ὃ
845 1331 1069 1400 ἔπραξε.
1111 1334 1174 1384 Τί
1225 1333 1318 1386 οὖν
1361 1334 1498 1403 πρὸς
1549 1332 1723 1386 ταῦτα

156 1425 329 1492 ἐρεῖτε
363 1423 543 1491 ὑμεῖς,
574 1426 624 1476 oi
656 1425 754 1492 τὴν
786 1425 844 1476 ἐν
879 1425 1189 1496 Φλωρεντίᾳ
1222 1425 1437 1478 σύνοδον
1473 1425 1723 1492 στέργον-

155 1533 265 1577 τες.
325 1515 416 1570 καὶ
462 1519 724 1583 γενναίως
767 1518 935 1589 αὐτὴν
970 1522 1368 1589 κηρύττοντεςς
1416 1520 1464 1571 οί
1500 1520 1721 1587 καιροὺς

153 1609 398 1672 τιθέντες
423 1614 538 1673 τοῖς
575 1611 996 1681 καθαιρομένοις
1027 1615 1082 1665 ὲν
1112 1613 1190 1681 τῷ
1223 1610 1381 1682 ἁηδεῖ
1411 1613 1602 1682 ἐκείνῳ
1630 1611 1722 1663 καὶ

154 1701 419 1768 σκοτεινῷ
449 1703 600 1772 τόπῳ
626 1719 640 1736 ο
671 1705 726 1755 τί
759 1704 849 1755 καὶ
877 1704 1013 1770 πρὸς
1036 1706 1207 1758 ταῦτα
1231 1706 1298 1758 ἂν
1323 1706 1509 1774 είπητε
1533 1721 1547 1770 ;
1583 1708 1721 1774 Πρὸς

151 1792 312 1846 τοῦτο
337 1789 431 1847 οὖν
456 1794 595 1862 μετὰ
623 1795 1009 1864 μακροθυμίας
1032 1797 1131 1867 τὴν
1154 1800 1323 1865 ἀκοὴν
1349 1803 1718 1867 χορηγήσατεο

148 1887 232 1936 ὅτι
266 1886 471 1946 δίκαιος
512 1886 586 1938 ὣν
614 1889 642 1939 6
694 1887 920 1956 Κύριος,
959 1891 1054 1942 καὶ
1115 1890 1461 1950 δικαιοσύνας
1513 1892 1721 1960 ἀγαπᾷ,

154 1976 249 2026 καλ⁸
278 1975 375 2043 τὴν
397 1976 502 2028 τῶν
535 1977 838 2046 ἀνθρώπων
870 1980 1146 2047 σωτηρίαν
1174 1980 1261 2032 ἀεὶ
1283 1980 1714 2050 προμηθεύεται.

147 2069 290 2129 Τοῦς
329 2069 426 2133 μὲν
478 2069 573 2122 νῦν
609 2071 1055 2138 ἀποθνήσκοντας
1105 2077 1163 2127 ὲν
1214 2074 1474 2145 μετανοίᾳ⁷
1507 2075 1718 2144 ἀληθεῖ,

146 2159 224 2222 ὡς
269 2160 528 2222 πολλάκις
561 2163 799 2231 εἴρηται,
831 2163 908 2232 τῷ
947 2164 1302 2236 καθαρτηρίῳ
1334 2169 1715 2236 παραπέμπει,

151 2253 348 2319 καιρὸν
378 2253 547 2317 διδοὺς
585 2256 767 2318 αὐτοῖς
812 2254 910 2322 τῆς
939 2254 1279 2325 καθάρσεως,
1337 2260 1552 2327 ἑκάστῳ
1581 2259 1718 2312 κατὰ

146 2347 444 2409 ἀναλογίαν
487 2347 597 2398 τῶν
649 2348 1142 2417 πλημμελημάτων
1178 2349 1343 2401 αὑτοῦ
1369 2366 1382 2380 ·
1439 2353 1552 2411 τοῖς
1597 2351 1717 2402 τότε

146 2438 227 2496 δὲ,
259 2436 558 2499 πολυειδῶς
591 2440 686 2490 καὶ
717 2441 1074 2509 πολυτρόπως
1117 2441 1216 2510 τὴν
1248 2441 1521 2510 σωτηρίαν
1555 2442 1715 2511 ἐργά-

144 2528 324 2591 ζεται.
354 2529 551 2600 Πρῶτα
586 2532 684 2598 μὲν
733 2532 924 2602 ποινὴν
956 2534 1276 2586 ἀνείκαστον
1305 2534 1462 2587 δώσει
1503 2536 1594 2586 τὸν
1623 2533 1717 2586 τοῦ

159 2623 539 2690 Ἀντιχρίστου
574 2622 774 2693 δηλαδὴ
807 2625 1115 2693 πειρασμόν
1142 2640 1157 2656 ⁶
1181 2625 1238 2687 ὃς
1269 2625 1406 2678 κατὰ
1441 2627 1537 2688 τὰς
1566 2627 1718 2694 ίερὰς

148 2715 400 2781 Γραφάς,
440 2715 684 2782 μεγάλην
708 2717 977 2786 ἐπήρειαν
1010 2717 1170 2769 δώσει
1193 2720 1282 2769 καὶ
1306 2719 1418 2779 τοῖς
1447 2718 1717 2781 ἐκλεκτοῖς

144 2808 363 2870 δούλοις
401 2808 497 2859 τοῦ
537 2809 672 2863 Θεοῦ
698 2826 712 2841 ⁶
747 2813 778 2880 ἡ
828 2811 873 2863 δ’
906 2813 1151 2882 ὑπομονὴ
1191 2814 1371 2866 αὐτῶν
1423 2815 1587 2867 σώσει
1618 2819 1717 2868 ao-

141 2903 299 2963 τοὺς,
336 2901 475 2954 κατὰ
505 2902 595 2954 τὸν
637 2903 794 2965 λόγον
840 2904 934 2956 τοῦ
967 2905 1191 2972 Κυρίου,
1239 2907 1319 2958 ὅτι
1348 2909 1374 2959 6
1421 2907 1719 2976 ὑπομείνας

141 2996 224 3052 εἰς
259 2995 436 3055 τέλος,
468 2995 621 3055 οὗτος
653 2997 960 3065 σωθήσεται
987 3015 999 3028 ·
1028 2999 1243 3060 οἵτινες
1275 3000 1329 3050 δὲ
1355 2998 1429 3067 τῷ
1450 2999 1591 3050 τέλει
1623 2999 1716 3051 τοῦ

145 3086 268 3151 βῖου
333 3086 652 3154 χρήσονται,
688 3087 756 3138 δι’
813 3089 975 3139 ἄλλον
1021 3091 1228 3159 τρόπου
1280 3089 1445 3141 σώσει
1497 3093 1714 3153 αὐτοὺς,

141 3179 486 3246 δριμυτέραν
524 3177 701 3242 διδοὺς
732 3181 914 3242 αὐτοῖς
947 3180 1043 3250 τὴν
1077 3182 1269 3249 ποινὴν
1297 3182 1390 3234 τοῦ
1437 3182 1714 3251 καθαρτη-

144 3272 266 3337 ρίου
299 3273 471 3341 πυρὸς
517 3273 573 3323 ἐν
615 3275 712 3342 μιᾷ
743 3275 934 3341 καιροῦ
971 3276 1134 3343 ῥοπῇ,
1177 3276 1206 3342 ἢ
1254 3278 1367 3336 τοῖς
1403 3277 1459 3327 ἐν
1503 3277 1712 3343 χρόνοις

140 3364 368 3416 ἑκατόν.
402 3365 510 3416 Καὶ
544 3366 979 3434 παραδείγματος
1011 3368 1189 3435 χάριν,
1225 3370 1255 3436 ἡ
1296 3367 1513 3431 ὲξουσῖα
1548 3369 1604 3420 ὲν
1635 3368 1710 3420 ἑνὶ

141 3457 238 3506 καὶ
270 3456 352 3521 τῷ
382 3455 530 3523 αὑτῷ
571 3456 892 3523 πταίσματι,
934 3459 1026 3510 δύο
1057 3459 1210 3519 τινάς·
1249 3459 1571 3527 χειρώσεται
1602 3477 1614 3490 ·
1640 3453 1714 3511 ὧν

135 3550 232 3600 τδν
276 3549 376 3616 μὲν
411 3552 726 3618 κατακρινεῖ
753 3551 939 3617 χρόνον
969 3550 1064 3603 ἕνα
1091 3551 1312 3618 ποιῆσαι
1347 3553 1402 3602 ἐν
1427 3552 1712 3618 φυλακαῖς,

137 3644 240 3694 καὶ
303 3640 682 3709 ἀπολυθῆναι·
717 3643 807 3693 τὸν
857 3643 936 3703 δὲ,
990 3645 1146 3711 ποινῇ
1203 3644 1362 3710 ἑτέρα
1413 3644 1714 3712 δριμυτέρα

136 3736 244 3800 τῆς
277 3735 545 3802 φυλακῆς,
586 3737 643 3786 ὲν
700 3736 798 3803 μιᾷ
827 3733 946 3805 ὥρᾳ
1000 3735 1214 3802 δοθῆναι
1260 3735 1406 3804 αὐτῷ
1448 3735 1714 3801 βασάνους

135 3827 527 3894 κολαστηρίων
557 3825 706 3886 δέκα,
735 3826 830 3876 καὶ
860 3826 1217 3892 ἀπολυθῆναι.
1250 3826 1344 3885 Τίς
1393 3821 1484 3877 οῦν
1515 3828 1574 3876 ἐκ
1602 3827 1714 3877 τῶν

132 3919 231 3970 δύο
261 3920 599 3987 δριμυτέραν
641 3919 845 3987 ὑπέστη
892 3918 989 3984 τὴν
1031 3917 1208 3982 δίκην,
1239 3918 1358 3968 είπέ
1410 3932 1530 3985 μοι’
1565 3921 1592 3970 6
1624 3919 1714 3970 τδν

134 4013 400 4061 ἐνιαυτὸν
433 4012 488 4062 ὲν
531 4013 594 4077 τῇ
634 4011 847 4078 φυλακῇ
894 4010 1148 4077 ποιήσας,
1191 4009 1222 4076 ἢ
1259 4012 1285 4060 6
1318 4011 1415 4071 τὰς
1449 4009 1714 4077 βασάνους

131 4101 329 4151 λαϐὼν
379 4102 434 4152 ὲν
466 4101 657 4168 βραχεί
692 4100 862 4168 μορίῳ
897 4098 1085 4167 ὥρας;
1139 4098 1374 4166 Εὔδηλον
1408 4099 1489 4151 ὃτι
1539 4091 1711 4161 οὗτος.

129 4191 305 4243 Οὕτω
341 4193 435 4243 καὶ
482 4192 537 4242 ὲν
566 4195 630 4260 τῇ
669 4189 786 4261 ὥρᾳ
823 4191 1021 4259 ἐκείνῃ,
1060 4191 1152 4242 καὶ
1200 4193 1261 4259 τῇ
1313 4189 1406 4242 τοῦ
1435 4190 1714 4258 ὀφθαλμοῦ

127 4284 301 4350 ῥιπῇ.
361 4278 421 4333 '0
453 4282 561 4332 τῶν
611 4282 894 4349 δυνάμεων
927 4281 1149 4351 Κύριος,
1182 4282 1209 4332 6
1256 4282 1434 4335 πάντα
1481 4283 1714 4352 δυνάμε-

123 4392 245 4433 νος,
290 4375 387 4423 καὶ
434 4373 593 4425 τοῦτο
624 4373 848 4426 δύναται
893 4374 1140 4441 ποιῆσαι,
1179 4373 1351 4436 διδοὺς
1392 4375 1489 4441 τὴν
1523 4377 1714 4443 ποινὴν

121 4464 184 4511 ὲν
217 4463 434 4529 άκαρεῖ
471 4462 665 4529 χρόνῳ.
696 4463 802 4522 τοῖς
837 4464 956 4514 τότε
1005 4463 1310 4531 εύρεθεῐσιν
1340 4467 1397 4516 ἐν
1430 4467 1613 4536 ἐκείνῃ
1646 4468 1710 4535 τῇ

1829 593 1959 635 vunt
1982 585 2232 657 aderunt,
2262 585 2494 652 quiante
2526 593 2767 639 mortuos
2801 601 2906 637 non
2934 597 3233 653 resurgent,
3254 587 3380 652 quia

1826 671 1880 723 in
1908 671 2016 724 ictu
2049 675 2194 726 oculi
2217 683 2269 728 et
2301 674 2354 727 in
2385 685 2655 729 momento
2675 675 3298 739 vivicommutnbuntur;
3332 687 3385 728 ι·ι

1826 762 2026 814 mortui
2059 772 2368 829 resurgunt,
2393 764 2664 832 quomodo
2688 775 2898 833 tempus
2929 773 3170 818 remanet
3198 765 3249 816 in
3274 766 3379 817 ictu

1822 852 1967 906 oculi
1995 854 2339 920 aggrediendi
2393 863 2447 907 et
2477 855 2715 908 laborem
2771 856 3079 909 insumemli
3110 856 3133 907 ?
3169 854 3269 909 Ubi
3301 872 3388 908 Sn-

1823 942 2054 1006 crificia,
2079 943 2441 1013 eleemosynai
2487 957 2538 998 et
2572 946 2779 1013 reliqua
2827 958 3050 1016 propter
3081 947 3384 1015 angustiam

1825 1033 2111 1102 temporis,
2171 1034 2224 1087 in
2279 1051 2389 1102 quo
2431 1046 2706 1090 certamen
2744 1039 3038 1106 peragitur,
3081 1047 3135 1091 et
3177 1051 3392 1089 coronae

1825 1125 2132 1187 traduntur,
2172 1135 2226 1178 et
2251 1127 2626 1195 unusquisque
2669 1128 2862 1194 recipit
2893 1128 3190 1182 secundum
3227 1142 3390 1194 opera

1829 1215 1966 1270 sita?
1997 1213 2136 1279 Quid
2169 1215 2234 1268 ad
2271 1215 2383 1269 hac
2414 1218 2810 1285 respondebitis
2844 1234 2959 1284 vos,
2999 1218 3090 1286 qui
3128 1217 3391 1270 Florenti-

1825 1319 1950 1357 nam
1989 1305 2258 1374 synodum
2296 1307 2683 1374 antplecutuini
2707 1316 2758 1361 t-t
2807 1319 3024 1362 strenue
3051 1296 3218 1377 ipsam
3254 1324 3393 1376 prae-

1829 1394 2068 1448 dicatis?
2103 1397 2193 1463 qui
2239 1406 2475 1465 tempora
2513 1397 2807 1465 assignatis
2865 1399 2932 1452 iis
2968 1399 3058 1467 qui
3094 1407 3391 1467 purgantur

1826 1486 1878 1539 in
1908 1487 2050 1539 tristi
2095 1496 2146 1541 et
2182 1488 2474 1543 tenebroso
2500 1489 2619 1543 loco
2668 1489 2784 1555 illo,
2807 1490 2934 1558 quid
2986 1490 3247 1545 adversus
3275 1491 3390 1542 haec

1827 1574 2106 1630 ail‘eretis?
2144 1575 2281 1632 Huic
2311 1579 2387 1634 rei
2427 1579 2670 1635 adhibita
2715 1580 2938 1635 lenitate
2983 1581 3171 1644 animi,
3206 1596 3389 1641 aures,

1824 1682 2032 1736 quaeso,
2060 1669 2649 1736 accommodate..Quia
2701 1671 2882 1739 justus
2913 1681 2995 1725 est
3043 1672 3301 1726 Dominus
3339 1683 3392 1725 et

1821 1754 2063 1825 justitias
2095 1768 2265 1823 amat,
2300 1768 2354 1813 et
2387 1775 2606 1829 semper
2643 1770 2726 1815 est
2754 1763 2819 1815 de
2869 1764 3172 1817 animarum
3218 1765 3392 1818 salute

1761 1857 1800 1912 Β
1833 1852 2118 1905 sollicitus.
2159 1851 2260 1917 Qui
2311 1868 2456 1906 nunc
2488 1854 2537 1906 in
2575 1868 2695 1906 vera
2752 1855 3069 1922 pmnitentia
3103 1855 3391 1919 decedunt,

1821 1959 1934 2006 eos,
1962 1953 2018 1998 ιιι
2037 1959 2180 2013 smpe
2210 1945 2411 1998 dictum
2441 1956 2543 2008 est,
2564 1948 2886 2000 transmittit
2907 1949 2972 2001 ad
2992 1949 3388 2015 purgatorium,

1822 2034 2122 2102 unicuique
2164 2046 2376 2104 tempus
2414 2038 2466 2089 in
2530 2053 2638 2105 quo
2667 2050 2924 2107 purgetur
2961 2040 3266 2108 assignans,
3302 2056 3390 2092 se-

1821 2123 2058 2177 cundum
2096 2123 2373 2178 commissi
2435 2125 2864 2194 proportionem,
2903 2127 3112 2179 caeteris
3156 2141 3218 2179 eo
3252 2136 3388 2178 teni-

1824 2227 1956 2281 pore
1990 2212 2368 2280 multipliciter
2403 2225 2454 2266 et
2483 2213 2835 2268 multifariam
2896 2215 3121 2268 salutem
3157 2216 3385 2283 parabit.

1819 2302 2064 2356 Primum
2114 2304 2336 2372 quidem
2395 2319 2612 2373 pmnam
2648 2305 3245 2374 incomprehensibilem
3278 2314 3391 2357 tra-

1819 2391 1920 2458 dit,
1967 2392 2287 2448 Antichristi
2319 2393 2526 2448 scilicet
2559 2396 2931 2461 tentationem,
2966 2395 3056 2464 qui
3091 2397 3382 2449 secundum

1828 2482 2142 2552 Scripturas
2179 2489 2524 2539 vexationem
2592 2502 2844 2556 magnam
2891 2485 3189 2549 exhibebit,
3222 2486 3386 2540 etiam

1821 2575 2012 2628 electis
2065 2576 2238 2629 servis
2273 2573 2385 2628 Dei.
2438 2574 2711 2630 Patientia
2770 2591 2895 2630 vero
2926 2592 3112 2630 eorum
3163 2576 3389 2630 salvahit

1822 2667 1964 2730 illos,
1996 2671 2294 2720 secundum
2341 2667 2565 2721 verbum
2597 2667 2829 2729 Domini,
2857 2669 2999 2736 quod
3023 2668 3114 2737 qui
3140 2683 3389 2737 perseve-

1824 2756 2022 2809 raverit
2055 2772 2225 2824 usque
2253 2755 2305 2809 in
2341 2756 2501 2809 finem
2533 2756 2622 2809 hic
2653 2757 2840 2810 salvus
2875 2755 3000 2809 erit.
3036 2754 3101 2808 Et
3145 2754 3237 2822 qui
3268 2754 3391 2806 vita:

1822 2846 1981 2899 finem
2015 2849 2331 2909 sartientur,
2365 2847 2468 2901 alio
2503 2849 2666 2901 modo
2701 2847 2930 2901 salvabit
2966 2847 3110 2911 illos,
3146 2845 3391 2899 acerbio-

1820 2954 1930 2991 rem
1987 2938 2052 2993 iis
2088 2955 2247 3007 quam
2281 2941 2578 3008 purgatorii
2634 2939 2776 3009 ignis
2828 2940 3120 3006 assignans
3173 2952 3387 3006 poenam

1823 3045 1927 3082 uno
1963 3039 2173 3082 tantum
2201 3041 2477 3084 momento
2512 3033 2797 3098 temporis,
2840 3046 3003 3100 quam
3031 3031 3074 3083 si
3107 3028 3234 3082 anni
3260 3044 3390 3082 cen-

1824 3127 1934 3172 tum
1966 3119 2382 3174 intercederent.
2419 3120 3246 3190 Exempligratia,tnagistratus
3286 3134 3381 3185 pro

1742 3221 1785 3278 ο
1822 3227 1927 3264 ιιιιο
1961 3220 2011 3263 et
2037 3213 2224 3265 eodem
2249 3211 2474 3266 crimine
2518 3214 2653 3265 duos
2679 3211 3120 3280 comprehendet,
3155 3226 3387 3279 quorum

1829 3307 2081 3368 alterum,
2115 3319 2316 3356 annum
2352 3320 2517 3356 unum
2574 3305 2852 3357 damnabit
2886 3303 2950 3356 ad
3006 3315 3312 3366 carcerein,
3340 3312 3392 3354 t-t

1813 3395 2105 3461 liberabit;
2141 3395 2367 3448 alterum
2400 3395 2500 3447 alia
2550 3411 2709 3463 parua
2749 3395 2983 3448 vinculis
3027 3396 3294 3463 graviore,
3336 3404 3392 3447 ut

1814 3503 1919 3542 una
1985 3487 2116 3541 hora
2184 3488 2462 3541 cruciatus
2509 3486 2902 3555 suppliciorum
2985 3487 3169 3540 decent
3230 3501 3392 3554 expe~

1815 3579 2006 3642 riatur,
2063 3590 2117 3632 et
2159 3579 2461 3633 liberabit:
2521 3581 2644 3650 quis
2688 3594 2753 3633 ex
2815 3580 3049 3642 duobus,
3101 3580 3188 3634 die
3229 3579 3385 3638 mihi.

1813 3670 2144 3724 acerbiorem
2178 3671 2431 3740 pependit
2466 3671 2733 3739 pmnam?
2772 3672 2864 3738 qui
2919 3686 3013 3738 per
3067 3686 3266 3723 annum
3318 3674 3388 3724 sit

1818 3770 2191 3816 commoratus
2230 3762 2281 3814 in
2309 3762 2559 3824 vinculis,
2595 3777 2661 3815 an
2690 3762 2780 3830 qui
2816 3777 2910 3831 per
2935 3761 3094 3816 breve
3125 3762 3387 3829 temporis

1813 3853 2047 3920 Spatium
2080 3860 2254 3904 tortus
2303 3850 2511 3904 fuerit?
2544 3853 2811 3920 Apertum
2840 3861 2922 3905 est
2955 3853 3096 3920 quod
3133 3853 3252 3906 iste.
3294 3852 3385 3906 Sic

1812 3952 1866 3996 et
1898 3943 1951 3994 in
1982 3941 2071 3994 illa
2110 3942 2268 4004 hora,
2299 3952 2353 3994 et
2380 3958 2489 3996 uno
2530 3942 2637 3996 ictu
2689 3943 2851 4006 oculi,
2886 3945 3242 4009 potentiorum
3281 3944 3385 3994 Do-

1815 4034 2012 4097 tuinus,
2083 4032 2174 4100 qui
2224 4033 2408 4084 omnia
2458 4043 2656 4101 potest,
2705 4042 2759 4086 ct
2795 4036 2896 4087 hoc
2925 4033 3134 4086 ellicere
3185 4043 3381 4101 potest,

1817 4135 2000 4177 aerem
2067 4123 2400 4191 assignando
2436 4140 2650 4192 pmnatu
2711 4126 2762 4176 in
2799 4125 3113 4178 indivisibili
3144 4134 3383 4192 tempore

1814 4223 1940 4266 tunc
1977 4213 2043 4266 iis
2097 4214 2189 4282 qui
2251 4215 2573 4284 deprehensi
2621 4215 2819 4267 fuerint
2857 4216 2909 4268 in
2968 4217 3282 4284 paluitcntia
3329 4227 3380 4267 ιςι

1814 4306 2155 4375 purgatione,
2196 4321 2290 4359 nec
2317 4306 2688 4360 satisfactione
2721 4307 2794 4358 uti
2832 4307 3126 4374 potuerint.
3155 4307 3376 4374 Alioqui

1808 4395 1974 4464 judex
2021 4404 2196 4464 potest
2248 4393 2482 4458 efﬁcere,
2535 4395 2896 4460 potentiarutn
2953 4394 3210 4447 Dominus
3273 4410 3376 4447 non

1815 4484 2038 4552 potest?
2077 4484 2179 4537 Sed
2208 4485 2320 4536 haec
2355 4482 2461 4549 jam
2501 4484 2637 4536 satis
2671 4499 2696 4535 τι
2739 4501 2824 4536 me
2851 4485 3092 4552 exposita
3125 4493 3248 4538 sunt
3291 4493 3380 4536 :ct

119 4555 252 4625 ὥρᾳ
291 4557 355 4605 ὲν
384 4556 641 4625 μετανοίᾳ
674 4559 767 4610 καὶ
795 4559 852 4608 ὲν
886 4557 1172 4627 καθάρσει,
1209 4559 1302 4610 καὶ
1336 4559 1410 4628 μὴ
1439 4559 1710 4622 φθάσασιν

1818 4582 1985 4635 recte,
2022 4583 2078 4626 ut
2106 4573 2368 4637 arbitror,
2398 4590 2503 4628 non
2530 4576 2888 4627 cuntemletnli
2923 4575 3107 4627 studio
3158 4575 3383 4628 demon-

120 4646 398 4698 ὲντεῦθεν
436 4647 837 4713 ίκανοποιῆσαι,
888 4648 1162 4718 δριμεῖαν.
1196 4650 1263 4700 ’Ὴ
1293 4650 1324 4718 ἡ
1363 4651 1462 4718 μὲν
1496 4650 1711 4715 ἐξουσία

115 4739 369 4790 δύναται
407 4738 564 4788 τοῖτο
594 4737 902 4806 ποιῆσαι,”ὀ
945 4739 1000 4791 δὲ
1046 4741 1156 4792 τῶν
1191 4742 1477 4810 δυνάμεων
1509 4740 1713 4811 Κύριος

117 4832 180 4880 οὖ
213 4828 482 4892 δύναται;
524 4827 685 4878 Ἀλλὰ
714 4827 886 4880 ταῦτᾶ
918 4847 1009 4897 μοι
1037 4831 1136 4900 ἤδη
1168 4831 1503 4900 εἴρηταικαὶ
1531 4835 1712 4896 καλῶς

117 4925 219 4975 γαὶ
257 4923 475 4982 ίκανῶς
509 4924 630 4974 κατ’
661 4923 800 4990 ἐμὴν
845 4925 1090 4992 γνώμην.
1126 4927 1201 4979 Οῦ
1234 4906 1372 4980 κατὰ
1409 4931 1711 4996 φιλόνεικον

113 5016 171 5065 δὲ
217 5012 526 5076 ἀπόδειξιν,
562 5013 694 5065 ἀλλὰ
745 5017 807 5083 τῇ
864 5014 1090 5086 ἀληθείᾳ
1133 5016 1256 5069 ὅσον
1308 5013 1418 5071 οἶόν
1456 5038 1512 5070 τε
1549 5039 1709 5090 συνη-

113 5105 384 5174 γορῆσαι
421 5104 758 5172 γλιχόμενοι,
795 5105 952 5157 ταῦτ’
996 5107 1228 5173 ἔρημεν.
1271 5109 1376 5161 Τὸν
1411 5110 1465 5162 δὲ
1498 5114 1707 5173 τούτοις

116 5216 126 5261 ς
161 5198 196 5264 ὴ
239 5194 601 5262 πειθόμενον,
637 5195 747 5248 οὐδ’
797 5196 862 5248 ἄν
892 5214 972 5254 τις
1008 5199 1071 5248 ἐκ
1106 5202 1314 5266 ’,εκρῶν
1334 5203 1536 5273 ἀναστῇ
1568 5208 1705 5258 κατὰ

108 5290 173 5340 τὸ
204 5289 428 5353 λόγιον,
457 5289 640 5338 πεῖσαι
682 5287 934 5356 δυνηθείη
965 5291 1049 5346 ἄν.
1081 5292 1150 5343 Σὺ
1179 5293 1245 5352 δ’,
1265 5293 1529 5361 ὀρθόδοξέ,
1565 5299 1708 5366 ἔχεις

111 5381 343 5440 ίκανῶς
389 5378 481 5429 καὶ
525 5376 620 5429 τοῦ
670 5377 854 5446 τρίτου
910 5382 1208 5450 κεφαλαίου
1260 5387 1357 5447 τὰς
1413 5388 1710 5453 ἀποδείξεις

108 5473 211 5523 καὶ
257 5469 604 5540 μαρτυρίας,
634 5469 700 5529 ἃς
736 5472 844 5523 άπὸ
872 5474 979 5524 τῶν
1014 5473 1172 5538 ίερῶν
1203 5476 1433 5544 Γραφῶν
1468 5480 1573 5529 τῶν
1601 5481 1712 5533 θεο-

105 5562 300 5625 λῆγων
333 5559 432 5611 καὶ
449 5559 783 5614 διδασκάλων
815 5564 910 5631 τῆς
946 5565 1270 5634 Ἐκκλησίας
1299 5569 1707 5640 ἀναλεξάμενοι,

104 5651 260 5704 κατὰ
297 5650 368 5702 τὸ
417 5653 549 5719 ἡμῖν
579 5654 800 5720 ἐφικτὸν
847 5657 1262 5726 ὲκτεθείκαμεν.
1312 5660 1430 5716 Ἀφ’
1464 5657 1537 5714 ὧν
1578 5665 1709 5716 ἐδεί-

102 5747 129 5806 ξ
181 5759 296 5808 μεν
358 5744 609 5809 φανερῶς
665 5747 737 5806 ὡς
785 5750 838 5800 αἱ
912 5750 1078 5818 ψυχαὶ
1137 5753 1377 5821 μεγάλην
1421 5755 1688 5824 ὠφέλειαν

1818 4665 2047 4717 strando
2092 4664 2204 4717 haec
2239 4665 2687 4732 conscripsimus,
2721 4667 2812 4717 sed
2869 4665 3041 4732 quoad
3097 4664 3214 4731 ejus
3267 4667 3380 4718 fieri

1817 4764 2013 4823 potest,
2042 4757 2252 4809 veritati
2293 4758 2621 4824 patrocinari
2666 4757 2958 4823 cupiendo.
3004 4754 3111 4809 Sed
3161 4756 3252 4823 qui
3297 4757 3382 4809 his

1819 4847 1976 4899 fidem
2015 4863 2122 4900 non
2152 4847 2452 4911 adhibebit,
2484 4863 2658 4915 neque
2702 4849 2745 4900 si
2800 4847 2921 4916 quis
2961 4861 2989 4900 a
3025 4847 3253 4900 mortuis
3294 4863 3382 4900 re-

1821 4947 2028 5008 surgat,
2054 4939 2398 5007 persuadebit
2435 4955 2697 5007 unquaut.
2725 4937 2805 4992 Tu
2827 4951 3026 5002 autem,
3055 4938 3377 5000 orthodoxe,

1819 5039 2081 5096 quantum
2107 5031 2240 5083 satis
2269 5041 2371 5090 cst,
2416 5033 2580 5084 ltuch
2617 5032 2758 5084 tertii
2797 5031 2986 5098 capitis
3039 5031 3381 5083 demonstra—

1823 5121 1997 5173 tiones
2031 5129 2085 5172 et
2111 5121 2424 5173 testimonia
2450 5138 2568 5189 quae
2593 5139 2621 5174 a
2660 5124 2829 5176 sacris
2861 5122 3156 5192 Scripturis
3177 5122 3382 5177 theolo-

1811 5227 2051 5279 gorum,
2119 5221 2172 5265 et
2227 5212 2482 5283 Ecclesiae
2537 5214 2849 5271 doctoribus
2909 5215 3239 5284 colligentes,
3285 5230 3381 5282 pro

1815 5305 1957 5356 virili
2020 5305 2396 5373 exposuimus.
2460 5305 2533 5359 Ex
2574 5307 2770 5374 quibus
2809 5306 3014 5375 liquido
3060 5308 3374 5374 comproba—

1816 5396 2013 5459 vimus,
2064 5397 2279 5450 animas
2311 5407 2429 5466 post
2466 5409 2692 5450 mortem
2730 5413 2982 5466 magnum
3016 5412 3209 5465 capere
3232 5411 3381 5451 emo-

1811 5488 2136 5540 lumentum.
2183 5486 2240 5540 In
2303 5489 2383 5542 his
2417 5503 2596 5554 mane,
2645 5489 2695 5541 in
2737 5491 2818 5543 his
2851 5497 2988 5555 esto,
3027 5489 3223 5558 quippe
3255 5503 3376 5542 cum

1814 5579 1970 5632 aliter
2026 5594 2150 5633 esse
2199 5595 2303 5633 non
2349 5580 2522 5648 possit
2562 5595 2724 5651 quam
2785 5579 3037 5635 Ecclesiae
3087 5579 3375 5633 luminaria

1813 5671 2029 5724 docent.

1747 5762 1926 5831 ἔχουσι
1986 5768 2120 5834 μετᾶ
2178 5766 2426 5817 θακατον.
2472 5765 2560 5815 Ἐν
2601 5763 2811 5829 τούτοις
2849 5765 2974 5833 μένε
3005 5781 3018 5795 ·
3075 5766 3133 5816 ὲν
3167 5765 3378 5829 τούτοις,

111 5834 256 5886 iam.
297 5830 436 5885 ’Ὁτι
465 5831 562 5884 οὐκ
602 5835 744 5889 ἔστιν
778 5838 949 5902 ἄλλως
990 5857 1125 5904 πως,
1165 5842 1196 5909 ἢ
1235 5843 1306 5906 ὡς
1378 5847 1424 5898 oi
1475 5847 1569 5914 τῆς
1643 5851 1963 5921 Ἐκκλησίας
2014 5857 2294 5926 φωστῆρες
2328 5857 2684 5910 διδάσωιηιν,
