4156 6420
187 361 316 426 1⁶ὶ73

920 498 995 552 B'.

260 574 577 663 Ἐρωτῶμεν
630 578 724 636 οὖν
763 586 932 657 ὑμᾶς,
956 590 1195 660 ἀδελφοὶ,
1232 596 1321 649 διὰ
1353 601 1514 653 ποίαν
1558 605 1739 658 αἰτίαν

175 669 236 767 οὐ
271 669 523 767 βούλεσθε
556 677 681 767 τούς
724 680 915 747 ἁγίους
947 684 1357 755 ἀπολαμσάνειν
1401 695 1470 748 τὰ
1502 696 1638 767 νῦν;
1675 700 1739 753 Et

303 762 383 815 ὅτι
468 766 761 832 ἀνάστασις
786 774 884 827 οὐκ
912 771 1075 845 ἦλθεν
1104 782 1185 833 ἐτι
1212 799 1226 814 ο
1254 784 1411 837 τοῦτο
1437 788 1537 841 οὐκ
1570 760 1739 859 ἀναγ-

176 852 328 954 κάζει
472 860 599 954 τοὺς
628 863 818 928 ἁγίους
841 868 1270 939 ἀπολαμϐάνειν.
1309 878 1545 933 Πάντοτε
1574 852 1735 954 γὰρ-ό

171 944 302 1043 θεὸς
351 949 557 1016 δίκαιός
603 956 753 1009 ἔστι·
794 960 888 1012 καὶ
930 961 1046 1029 νῦν,
1076 966 1170 1017 καὶ⁵
1212 967 1272 1018 ὲν
1307 970 1373 1037 τῇ
1405 944 1736 1043 ἡμέρᾳ-’τῆς

168 1039 539 1133 ἀναστάσεως.
590 1047 649 1099 El
689 1050 782 1103 οὖν
828 1052 1036 1116 δίκαιός
1080 1059 1218 1123 ἐστι,
1260 1061 1443 1123 καθὼς
1470 1039 1731 1133 καὶ-ἐστι,

168 1129 478 1199 γέγραπται
511 1134 645 1207 γάρ,
681 1158 701 1191 σ
737 1141 958 1207 Δίκαιος
1003 1147 1226 1217 Κύριος,
1265 1155 1359 1204 καὶ
1391 1129 1735 1222 δικαιοσύνας

166 1226 475 1292 ἠγάπησεν,
510 1249 528 1281 υ
567 1234 611 1283 οἶ
662 1233 718 1285 δὲ
754 1234 896 1300 ἀγιοι
931 1238 1017 1292 διά
1055 1242 1145 1294 τὸν
1192 1242 1362 1306 ὅντως
1400 1244 1608 1300 δίκαιον
1632 1253 1733 1313 τὰς

162 1316 343 1384 ψυχὰς
374 1323 699 1387 παρέδωκαν
735 1329 945 1382 ἑαυτῶν
969 1348 984 1365 ο
1032 1333 1179 1396 ὅπως
1229 1337 1369 1401 μετὰ
1396 1339 1490 1391 τοῦ
1520 1341 1731 1395 δικαίου

162 1408 299 1461 θεοῦ
333 1413 773 1484 ἀναπαύσωνται,
801 1421 895 1473 νῦν
924 1422 1120 1478 ἕπεται
1169 1427 1336 1491 ὅντως
1362 1432 1496 1499 μετὰ
1536 1434 1628 1487 τοῦ
1658 1436 1733 1488 δι-

162 1500 320 1552 καίου
370 1503 504 1557 Θεοῦ
556 1504 738 1562 εἶναι’
785 1513 907 1565 ἐπεὶ
949 1517 1087 1583 μετά
1126 1517 1353 1573 θάνατον
1400 1526 1446 1575 οί
1501 1526 1731 1581 τοιοῦτοι

162 1589 396 1684 βεβαίως
439 1596 674 1652 δίκαιοιο
723 1603 819 1655 καὶ
871 1604 935 1657 σὺ
984 1606 1211 1674 ψάλλεις
1264 1616 1727 1684 προσευχόμενος,

166 1700 184 1730 ‹
243 1682 586 1741 Ἀνὰπαυσον
634 1692 833 1756 αὐτοὺς
868 1695 1042 1763 λέγων
1076 1699 1203 1754 ἔνθα
1249 1704 1298 1754 οί
1354 1682 1555 1760 δίκαιοι
1595 1682 1730 1763 ἀναει-

157 1774 448 1830 παύονται.
488 1798 506 1829 »
546 1782 605 1833 El
640 1783 694 1834 δὲ
750 1786 848 1839 οὐκ
897 1789 1269 1846 ἀναπαύονται
1320 1798 1458 1863 μετὰ
1508 1801 1602 1853 τοῦ
1652 1803 1725 1855 δι-

155 1866 344 1930 καίου,
382 1869 693 1937 διστάζεται
739 1878 920 1932 αὐτῶν
966 1884 998 1952 ἡ
1048 1884 1358 1957 δικαιοσύνη
1388 1907 1403 1923 ο
1439 1892 1576 1962 ὅπερ
1610 1899 1658 1947 ’κ
1677 1900 1720 1951 ut

157 1960 242 2055 σοὶ
284 1962 382 2013 οὐκ
419 1964 662 2033 ἀρέσκει.
704 1969 991 2039 Οὐδαμῶς,
1029 1978 1181 2044 φασὶ.
1228 1979 1297 2032 τὰ
1340 1979 1433 2033 νῦν
1477 1960 1722 2055 ἀπελαμ-

154 2052 416 2107 σανουσιν
445 2058 493 2110 οἱ
531 2061 811 2134 δίκαιοι,ἧ
858 2068 957 2134 τῆς
995 2070 1344 2137 ἀπολαύσεως
1390 2077 1524 2139 ὅλως
1562 2052 1716 2146 μετέ-

153 2162 346 2209 χουσιν
370 2164 384 2178 ο
419 2150 534 2201 ἀλλ’
569 2152 881 2218 ἐλπίζουσιν
916 2162 971 2211 ὲν
1021 2165 1197 2232 καιρῷ
1229 2169 1556 2224 ἀπολαύσειν
1580 2188 1595 2203 ο
1626 2176 1721 2227 καὶ

149 2236 333 2305 τούτῳ
364 2240 745 2309 εὐφραίνονται
787 2252 879 2303 καὶ
910 2252 1227 2319 ἀγαλλιῶσι.
1263 2260 1433 2313 Τοῦτο
1461 2263 1516 2315 δὲ
1552 2269 1723 2334 παρό-

153 2344 314 2391 μοιον
344 2330 497 2384 ἔσται
526 2336 634 2397 τοῖς
658 2336 853 2405 διψῶσι
885 2342 977 2392 καὶ
1002 2346 1361 2413 κεκαυμένοις
1384 2351 1511 2404 ὅταν
1538 2330 1719 2425 παρα-

147 2420 391 2475 κέωνται
444 2429 594 2496 πηγῇ
657 2446 783 2494 τινι,
829 2434 893 2500 τῇ
950 2434 1075 2505 δίψῃ
1137 2436 1479 2508 φλεγόμενοι.
1516 2420 1717 2504 καὶ-τὺ

148 2508 302 2608 ὐδωρ
352 2517 585 2608 ὁρῶντες
637 2520 806 2588 ἐγγὺς
857 2526 1056 2587 αὐτῶν,
1104 2529 1199 2580 καὶ
1254 2531 1564 2601 γλιχόμενοι
1616 2540 1714 2608 μὲν

145 2603 536 2698 ἐμπλησθῆναι
566 2611 660 2664 τοῦ
708 2612 918 2679 ὕδατος,
950 2617 1043 2670 τοῦ
1079 2622 1385 2689 καταψύξαι
1420 2627 1516 2681 τὸν
1551 2603 1717 2698 φλογη-

147 2697 255 2759 μόν
292 2714 350 2748 τε
390 2703 482 2752 καὶ
525 2702 760 2756 καύσονα
792 2706 883 2758 τὸν
929 2710 991 2760 ὲκ
1039 2709 1132 2763 τοῦ
1163 2712 1331 2766 κόπου
1364 2718 1458 2770 καὶ
1490 2722 1586 2782 τῆς
1623 2697 1719 2775 τα-

144 2786 485 2859 λαιπωρίας,
512 2796 756 2863 ἀοράτως
768 2798 824 2850 δέ
844 2818 955 2862 πως
983 2803 1361 2872 κρατούμενοι,
1383 2809 1440 2860 οὐ
1464 2812 1719 2869 δύνανται

142 2885 298 2975 πιεῖν
322 2897 337 2912 ⁶
369 2886 461 2937 καὶ
512 2886 653 2940 οὕτω
683 2890 883 2955 μᾶλλον
931 2896 1241 2951 ἐκκαίονται
1287 2904 1351 2969 τῇ
1386 2901 1589 2975 θεωρία
1622 2909 1716 2961 τοῦ

143 2970 346 3035 ὓδατος
371 2989 388 3007 ο
421 2979 512 3031 καὶ
554 2980 587 3047 ἠ
620 2979 750 3050 δίψα
776 2984 985 3046 τούτοις
1018 2987 1218 3053 μᾶλλον
1266 2991 1440 3057 αὐξει,
1472 2970 1575 3050 καὶ⁷
1605 2999 1717 3053 δει-

141 3069 256 3129 νῶς
291 3070 370 3133 ὡς
409 3072 554 3133 εἰκὸς
586 3077 938 3144 καταφλέγει.
982 3080 1142 3135 Ἀλλά
1172 3081 1332 3137 τοῦτο
1367 3088 1459 3140 καὶ
1483 3093 1548 3144 τὰ
1582 3092 1720 3145 ὐπο-

639 372 790 436 PRO
821 379 1034 446 CONC.
1079 387 1454 452 FLORE’NT.
1499 392 1659 454 CAP.
1706 391 1802 453 IV.
1834 393 1943 454 DE
1984 396 2409 462 FRUITIONE
2445 404 2925 471 SANCTORUM.

3272 413 3407 478 1275

2575 524 2643 578 il.

1912 612 2318 680 lnterrogamus
2351 628 2480 683 ergo
2514 631 2634 682 vos,
2690 633 2722 670 ο
2773 617 2993 685 fratres,
3051 624 3401 688 quamobrem

1838 703 2019 772 justos
2066 704 2119 757 in
2149 707 2437 774 praesentia
2485 706 2790 760 mercedem
2828 708 3068 778 recipere
3103 711 3323 766 nolitis?
3347 714 3404 769 Si

1843 802 1968 867 quia
2005 802 2246 854 nondum
2276 802 2493 855 advenit
2512 803 2839 857 resurrectio
2882 804 3083 869 dicitis,
3143 805 3245 860 hoc
3296 822 3404 860 non

1841 893 2313 959 concluditjustos
2344 910 2449 949 non
2505 894 2770 962 recipere,
2820 910 2947 948 nam
2998 912 3211 965 semper
3259 899 3403 954 Deus

1837 989 2018 1056 justus
2046 1000 2129 1043 est
2160 996 2215 1041 et
2244 1002 2388 1042 nunc
2422 985 2557 1041 etin
2594 989 3013 1043 resurrectionis
3051 989 3161 1045 die.
3191 989 3325 1044 Nam
3356 992 3402 1046 si

1834 1082 2016 1147 justus
2051 1090 2157 1142 est,
2198 1080 2650 1148 quemadmodum
2694 1086 2774 1133 est
2807 1078 3090 1148 (scriptum
3125 1092 3205 1135 est
3231 1083 3401 1147 enim,

1842 1192 1859 1221 ι
1904 1175 2095 1228 Justus
2122 1181 2203 1226 est
2234 1171 2517 1227 Dominus.
2544 1182 2594 1223 et
2618 1170 2858 1238 justitias
2890 1171 3106 1225 dilexit:
3144 1171 3185 1241 ),
3227 1174 3401 1227 sancti

1836 1281 1961 1317 vero
1992 1273 2213 1333 propter
2238 1279 2383 1326 eum,
2419 1263 2509 1330 qui
2537 1278 2662 1316 vere
2686 1262 2869 1330 justus
2898 1272 2999 1323 est.
3039 1264 3248 1319 animas
3272 1281 3402 1320 suas

1837 1355 2173 1408 tradiderunt
2219 1362 2277 1407 ut
2331 1369 2452 1406 cum
2483 1354 2631 1416 justo
2659 1354 2769 1408 Deo
2804 1354 3227 1421 requiescerent,
3256 1371 3403 1410 nunc

1836 1460 1966 1498 sane
2018 1448 2266 1512 sequitur
2309 1451 2365 1496 ut
2408 1443 2546 1511 apud
2576 1442 2741 1495 Deum
2774 1443 2924 1496 sint:
2956 1444 3210 1511 quoniam
3268 1446 3402 1500 tales

1832 1545 1959 1605 post
1994 1546 2223 1589 mortem
2251 1536 2475 1588 ﬁrmiter
2501 1534 2636 1602 justi
2694 1544 2840 1596 sunt,
2883 1541 2937 1586 et
2973 1543 3025 1586 tu
3058 1550 3223 1588 orans
3253 1535 3402 1602 psal-

1832 1630 1922 1695 lis,
1951 1628 2035 1683 fac
2066 1630 2408 1696 requiescere
2432 1629 2553 1682 illos
2570 1629 2659 1682 ubi
2680 1629 2828 1697 juste
2858 1627 3400 1696 requiescunt.Quod

1832 1723 1875 1775 si
1902 1737 2024 1774 cum
2052 1723 2201 1790 justo
2239 1720 2348 1775 Deo
2390 1736 2497 1775 non
2540 1725 2909 1788 requiescunt,
2972 1722 3023 1773 in
3053 1721 3277 1774 dubium
3306 1736 3401 1775 eo—

1761 1838 1799 1891 B
1834 1832 1952 1868 rum
1979 1815 2192 1883 justitia
2234 1826 2541 1879 revocatur,
2573 1815 2717 1882 quod
2746 1814 2837 1866 tibi
2866 1814 3026 1866 etiam
3062 1830 3167 1867 non
3202 1817 3398 1882 placet.

1842 1907 2181 1973 Nullatenus,
2214 1907 2423 1969 dicunt,
2449 1907 2716 1973 recipiunt
2768 1905 2900 1973 justi
2932 1921 3095 1971 nunc,
3121 1909 3200 1958 vel
3228 1907 3401 1959 beati-

1840 2001 2042 2056 tudinis
2081 2001 2325 2053 omnino-
2362 1998 2653 2067 participes
2715 1996 2868 2062 ﬂunt,
2905 1997 2998 2050 sed
3032 2013 3150 2051 cum
3186 2008 3399 2065 tempus

1840 2095 1943 2145 erit
1988 2108 2046 2145 se
2083 2091 2348 2145 fruituros
2380 2099 2620 2156 sperant,
2651 2098 2705 2142 et
2774 2087 2823 2141 in
2890 2088 2992 2142 hoc
3024 2088 3295 2141 exsultant
3346 2100 3402 2142 et

1839 2185 2109 2237 laetantur.
2148 2182 2258 2236 Hoc
2277 2193 2456 2234 autem
2486 2179 2663 2233 simile
2697 2179 2800 2231 erit
2838 2176 3148 2230 sitientibus
3178 2185 3229 2229 et
3269 2191 3401 2229 exu-

1835 2277 1956 2339 stis,
2003 2291 2124 2328 cum
2172 2276 2327 2343 juxta
2382 2272 2583 2326 fontem
2639 2270 2871 2335 aliquem
2908 2270 3149 2322 assident
3200 2268 3397 2335 sitique

1834 2378 2147 2433 enecantur,
2182 2381 2377 2435 aquam
2435 2380 2600 2433 prope
2652 2361 3060 2429 conspicienda,
3106 2369 3158 2413 et
3201 2360 3395 2428 repleri

1832 2462 2102 2530 cupiendo
2128 2460 2194 2513 ad
2235 2458 2545 2512 incendium
2606 2466 2658 2509 et
2707 2462 2895 2508 aestum
2932 2454 3391 2522 compescendum

1832 2570 1896 2609 ex
1931 2554 2117 2607 labore
2148 2560 2201 2606 et
2232 2549 2616 2615 defatigatione
2638 2554 2969 2612 susceptum,
2993 2544 3085 2597 sed
3119 2543 3187 2597 ab
3213 2543 3395 2611 aliqua

1831 2645 2090 2699 invisibili
2130 2659 2187 2698 re
2219 2641 2496 2710 praepediti
2548 2645 2738 2707 potare
2770 2651 2873 2689 non
2898 2644 3149 2704 possunt,
3189 2638 3394 2703 magis-

1833 2752 2107 2807 queaquae
2143 2734 2481 2801 inspectione
2536 2729 2963 2792 inﬂammantur,
3029 2729 3258 2796 sitisque
3297 2744 3396 2781 au-

1831 2836 2009 2895 getur,
2041 2834 2095 2879 et
2127 2826 2343 2889 misere,
2383 2836 2439 2876 ut
2472 2838 2568 2889 par
2602 2834 2702 2885 est,
2734 2825 3058 2873 aduruntur.
3095 2820 3160 2871 At
3188 2819 3290 2873 hoc
3312 2819 3393 2872 vel

1830 2917 2096 2971 lactentes
2118 2914 2358 2971 infantes
2388 2911 2728 2971 deridehunt,
2762 2912 2806 2963 si
2834 2909 3051 2977 potandi
3082 2923 3177 2976 spe
3203 2910 3394 2962 sitiens

1830 3010 2155 3068 oblectatur,
2189 3004 2439 3073 quamvis
2483 3017 2675 3071 aquam
2734 3015 2843 3055 non
2886 3000 3135 3066 attingat.
3180 3000 3306 3061 Sed,
3335 3008 3395 3053 ut

1831 3114 1930 3168 ego
1960 3097 2217 3156 arbitror,
2246 3110 2348 3147 non
2371 3092 2547 3146 solum
2589 3104 2693 3143 non
2726 3090 2985 3144 obiectari
3010 3090 3185 3157 justos
3213 3088 3393 3143 oratio

139 3164 328 3231 μάζια
385 3164 557 3236 βρέφη
595 3169 951 3235 γελάσονται·
984 3175 1030 3225 εί
1079 3179 1143 3243 τῇ
1195 3178 1371 3231 ἐλπίδι
1419 3181 1511 3235 τοῦ
1555 3186 1719 3239 ποτοῦ

1831 3199 2009 3245 vestra
2047 3188 2343 3246 concludit,
2379 3186 2489 3238 imo
2541 3185 2743 3238 tristari
2787 3181 2960 3249 magis
2996 3191 3047 3235 et
3078 3181 3198 3248 angi
3231 3182 3393 3234 vehe-

134 3256 508 3323 εὐφραίνεται
540 3261 568 3311 ὁ
599 3260 788 3327 διψῶν,
832 3263 931 3317 κᾶν
966 3267 1058 3318 καὶ
1100 3267 1193 3321 τοῦ
1231 3269 1420 3332 ὓδατος
1455 3274 1515 3326 οὐ
1555 3294 1719 3344 μετα-

132 3347 427 3420 λαμϐάνῃ.
462 3352 597 3403 Κατ’
630 3354 730 3422 ἐμὲ
774 3356 849 3417 δὲ,
896 3358 956 3409 οὐ
996 3360 1155 3426 μόνον
1202 3362 1300 3414 οὐκ
1332 3364 1716 3433 εὐφραίνεσθαι

130 3440 271 3502 τοὺς
333 3442 524 3507 ἁγίους
575 3447 936 3514 συμπεραίνει
987 3452 1014 3501 ό
1048 3452 1311 3520 ὑμέτερος
1356 3456 1531 3523 λόγος,
1583 3458 1717 3513 ἀλλά

128 3533 233 3583 καὶ
270 3532 567 3587 λυπεῖσθαι
604 3538 697 3589 καὶ
732 3539 902 3601 πάθος
937 3541 1286 3609 ὑφίστασθαι.
1321 3548 1439 3600 Ὀτι
1471 3548 1524 3599 δὲ
1570 3549 1718 3603 τοῦτ’

125 3622 368 3690 ἀληθὲς,
407 3628 691 3680 σκεπτέον.
724 3629 795 3681 Τὸ
845 3630 1013 3699 ἄκρον
1048 3634 1156 3685 τῶν
1205 3636 1445 3701 ἀγαθῶν,
1482 3638 1556 3699 ὡς
1605 3644 1717 3703 τοῖς

127 3713 322 3779 ἁγίοις
362 3718 458 3768 καὶ
490 3716 761 3786 θεολόγοις
787 3720 949 3787 δοκεῖ,
982 3724 1098 3776 ἔστι
1151 3726 1313 3794 μόνος
1344 3728 1371 3778 ό
1399 3728 1528 3792 Θεός
1554 3745 1570 3760 ο
1604 3730 1716 3785 ἔστι

118 3808 176 3858 δὲ
211 3809 375 3875 χαρά
410 3810 503 3860 καὶ
556 3811 875 3876 ἀγαλλίασις
909 3816 1005 3865 καὶ
1056 3816 1242 3884 ἔφεσις
1288 3821 1379 3872 καὶ
1426 3820 1714 3891 ἐπιθυμία.

121 3901 191 3949 Ui
236 3902 350 3968 μὲν
385 3897 478 3953 οὖν
522 3905 872 3974 στερούμενοι
905 3905 997 3959 τοῦ
1032 3910 1257 3975 ἀγαθοῦ,
1293 3914 1511 3982 καὶτῆς
1542 3918 1715 3985 χαρᾶς

118 3997 218 4046 καί
280 3996 672 4060 ἀγαλλιάσεως
730 3999 1114 4067 ἀναμφιδόλως
1169 4003 1505 4071 στεροῦνται.
1542 4008 1605 4058 Ol
1664 4008 1720 4061 δὲ

116 4086 280 4153 ἅγιοι
320 4087 698 4157 στερούμενοι,
733 4094 826 4143 καὶ
853 4092 1173 4145 λυποῦνται.
1216 4095 1276 4146 Et
1308 4096 1363 4146 δὲ
1398 4096 1715 4161 λυποῦνται,

114 4182 445 4247 πάσχουσι,
494 4182 590 4234 καὶ
628 4183 803 4253 τούτῳ
846 4184 1022 4247 οὐδεὶς
1070 4187 1305 4254 ἀντερεῖ.
1348 4189 1582 4242 ’Έπεται
1626 4187 1719 4243 οὖν

113 4276 251 4327 καθ’
293 4276 455 4342 ὑμᾶς
509 4278 737 4346 πάσχειν
785 4280 908 4341 τοὺς
941 4279 1150 4346 ἁγίους.
1198 4280 1359 4332 Ἀλλὰ
1409 4282 1569 4333 τοῦτο
1620 4283 1719 4347 μὲν

107 4369 338 4420 ἄτοπον
372 4384 387 4397 ·
426 4370 571 4429 ὅπως
623 4370 715 4421 καὶ
747 4369 842 4422 νῦν
881 4373 1139 4440 πάσχοιεν
1166 4373 1221 4423 ὲν
1261 4372 1337 4442 τῷ
1382 4373 1593 4441 σώματι
1626 4378 1719 4428 καὶ¹

106 4465 177 4529 τῇ
218 4463 349 4529 ζωῇ
391 4463 460 4527 τῇ
511 4462 833 4530 προσκαίρῳ
873 4462 1061 4533 ταύτῃ,
1096 4462 1263 4514 πολλά
1312 4464 1597 4528 παθόντες,
1647 4466 1720 4518 ἶν’

106 4558 239 4607 ἐκεῖ
271 4554 528 4614 ἀπαθεῖς
575 4553 797 4620 μείνωσι
832 4556 924 4607 καὶ
976 4554 1421 4609 ἀναπαύσωνται.
1464 4556 1528 4607 Τί
1558 4557 1602 4609 δ’
1632 4558 1715 4611 ἔτι

106 4650 295 4713 φασὶν
343 4646 404 4697 οι
430 4647 527 4713 τῆς
564 4644 822 4714 ἀληθείας
871 4645 1161 4714 πολέμιοι;
1204 4647 1605 4717 Ὃμολογοῦμεν
1632 4650 1715 4702 ὅτι

101 4745 153 4794 οἱ
196 4742 372 4809 ἆγιοί
409 4742 550 4791 εἰσιν
580 4740 636 4790 ἓν
686 4756 790 4790 τινι
821 4739 968 4806 τόπῳ
996 4739 1091 4791 καὶ
1140 4740 1509 4793 ἀναπαύονται
1537 4755 1551 4770 ⁸
1584 4741 1718 4792 ἀλλὰ

99 4836 173 4886 τὰ
208 4832 534 4901 ἀπόρῤητα
565 4831 765 4895 ἀγαθὰ,
800 4848 819 4879 ι
858 4830 892 4883 ἃ
921 4830 1197 4899 ὀφθαλμὸς
1221 4832 1319 4883 οὐκ
1353 4828 1478 4892 εἶδε,
1507 4833 1596 4883 καὶ
1626 4828 1716 4893 οὖς

99 4925 214 4976 οὐκ
250 4925 508 4991 ἤκουσε,
537 4921 629 4972 καὶ
662 4922 754 4971 ἐπὶ
781 4920 1018 4986 καρδίαν,
1038 4920 1325 4988 ἀνθρτιπου
1350 4920 1449 4971 οὐκ
1478 4919 1667 4986 ἀνέϐη,
1692 4936 1710 4969 ι

97 5016 275 5070 οὔπω
340 5014 651 5067 ἀπέλαϐον.
696 5013 782 5065 Ἐν
827 5011 999 5082 τούτῳ
1044 5013 1222 5063 ἔπεισί
1261 5012 1475 5079 μοικαὶ
1513 5012 1716 5079 σφόδρα

95 5112 290 5181 γελᾷν
322 5124 340 5139 ο
387 5107 477 5158 ὅτι
502 5105 591 5156 τὸν
612 5106 743 5156 Θεὸν
769 5104 1077 5174 καθορῶσαι
1104 5104 1183 5163 είς
1205 5104 1495 5165 πρόσωπον
1527 5103 1579 5153 αἱ
1606 5104 1714 5154 τῶν

98 5204 296 5268 ἁγίων
338 5197 548 5267 ψυχαὶ,
582 5198 672 5248 καὶ
714 5196 1118 5263 παριστάμεναι
1150 5196 1214 5263 τῇ
1252 5192 1465 5261 Τριὰδι,
1516 5195 1607 5245 καὶ
1638 5193 1713 5262 τῷ

91 5296 197 5349 τοῦ
238 5292 405 5346 Θεοῦ
462 5289 633 5358 θρόνῳ
677 5290 917 5357 ἀμέσως,
963 5289 1070 5338 τῶν
1115 5288 1444 5357 ἀπορρήτων
1494 5287 1715 5352 ἀγαθῶν

90 5392 203 5443 οὐκ
258 5382 773 5451 ἀπολαμὸἀνουσιν
798 5382 896 5433 ἔτι.
928 5380 991 5432 Ὤ
1020 5383 1117 5448 τῆς
1149 5380 1503 5449 ἀναισθησίας
1530 5381 1543 5433 ι
1583 5381 1715 5431 [Ιοῖα

91 5479 387 5549 νομίζετε
436 5474 725 5544 ἀπόρρητα
769 5473 972 5541 ἀγαθὰ,
1012 5474 1079 5524 τὰ
1114 5472 1286 5540 μείζω
1322 5472 1418 5540 τῆς
1460 5472 1551 5524 τοῦ
1580 5470 1714 5523 Θεοῦ

89 5573 367 5642 Θεωρίας
402 5584 421 5633 ;
471 5567 789 5634 Ἐννοήσατε
818 5568 870 5619 τί
904 5566 1110 5633 λέγετε,
1150 5567 1229 5618 ὅτι
1261 5564 1582 5633 βλασφημία
1621 5580 1715 5630 με-

90 5670 276 5733 τ’στη
311 5658 507 5713 ἐστίν.
539 5657 600 5710 El
630 5659 736 5729 γάρ
768 5659 857 5712 τὸν
899 5658 1031 5712 Θεὸν
1060 5659 1260 5728 ὁρῶσιν
1288 5660 1364 5720 είς
1402 5657 1712 5727 πρόσωπον,

175 5846 223 5875 ⁵⁵
259 5843 278 5896 Ι
322 5840 475 5896 Cor.
507 5854 561 5900 ιι,
618 5840 667 5893 υ.

1826 3293 2054 3335 menter.
2086 3278 2167 3332 An
2202 3292 2331 3331 vero
2364 3281 2434 3330 ita
2476 3290 2534 3331 se
2579 3290 2668 3329 res
2720 3274 2913 3327 habeat
2960 3274 3396 3327 consideremus.

1824 3375 2112 3427 Sttmmum
2161 3370 2387 3433 bonum,
2424 3381 2479 3421 ut
2536 3366 2712 3420 sancti
2748 3374 2803 3418 et
2838 3364 3072 3432 theologi
3121 3364 3388 3423 sentiunt,

1823 3466 1971 3517 solus
2001 3463 2143 3516 Deus
2170 3470 2273 3515 est.
2303 3461 2400 3513 Est
2438 3466 2616 3511 autem
2648 3456 2931 3525 gaudium,
2960 3454 3274 3517 exsultatio,
3300 3457 3392 3507 de-

1824 3558 2108 3616 siderium,
2141 3554 2472 3623 appetentia.
2522 3551 2626 3616 Qui
2681 3551 2845 3619 igitur
2896 3549 3041 3602 bono
3078 3548 3382 3615 privantur.

1824 3648 2023 3716 gaudio
2051 3656 2102 3699 et
2136 3645 2501 3699 exsultatione
2535 3642 2741 3710 absque
2776 3640 2941 3693 dubio
2981 3638 3285 3704 privantur.
3320 3637 3390 3689 At

1822 3737 1992 3792 sancti
2048 3736 2092 3790 si
2142 3737 2447 3803 privantur,
2486 3731 2811 3795 tristantur;
2864 3729 2909 3782 si
2953 3728 3259 3791 tristantur,
3289 3741 3389 3778 an-

1823 3838 2045 3897 guntur,
2088 3827 2324 3893 ltuicquc
2358 3839 2515 3877 nemo
2548 3822 2907 3876 contratlicet.
2941 3819 3199 3887 Sequitur
3258 3833 3387 3885 ergo

1822 3919 2124 3975 secundum
2176 3931 2270 3968 vos
2315 3914 2433 3982 angi
2488 3913 2665 3980 justos
2696 3926 2709 3962 :
2744 3917 2797 3963 at
2823 3910 2873 3962 id
2904 3908 3198 3961 absurdum
3228 3907 3386 3974 plane

1823 4020 1926 4069 est.
1984 4008 2029 4061 si
2061 4009 2113 4061 in
2152 4006 2437 4076 praesentia
2469 4012 2757 4069 angantur,
2820 4016 2942 4055 cum
2987 4000 3040 4051 in
3076 4012 3304 4065 corpore
3332 4006 3388 4051 et

1825 4104 1925 4156 Itac
1952 4103 2277 4170 temporaria
2304 4099 2389 4152 via
2424 4098 2656 4150 multum
2706 4094 3031 4159 laborarint,
3058 4103 3115 4146 ut
3164 4092 3232 4145 ibi
3268 4092 3387 4143 sine

1825 4194 2073 4247 molestia
2103 4193 2297 4261 degant
2326 4198 2376 4243 et
2410 4190 2822 4256 conquiescant.
2865 4184 2969 4239 Sed
2997 4185 3123 4253 qttid
3161 4183 3391 4236 ulterius

1824 4287 2008 4342 hostes
2038 4285 2281 4339 veritatis
2314 4282 2518 4336 addunt
2547 4280 2571 4333 τ
2600 4280 2852 4333 Fate-mur
2902 4282 3083 4345 justos
3128 4277 3178 4331 in
3202 4276 3387 4343 aliquo

1824 4382 1941 4435 loco
1979 4392 2099 4433 esse
2131 4386 2184 4431 et
2220 4376 2593 4443 requiescere,
2626 4372 2721 4425 sed
2755 4371 3046 4425 iueﬂ'abilia
3077 4371 3239 4431 bona,
3269 4384 3389 4435 qua:

1824 4472 2014 4527 oculus
2055 4484 2163 4522 non
2207 4468 2359 4525 vidit.
2387 4481 2485 4520 nec
2517 4465 2665 4518 auris
2688 4462 2915 4525 audivit,
2949 4477 3047 4515 nec
3076 4461 3128 4513 in
3160 4476 3254 4514 cor
3283 4460 3387 4513 ho-

1827 4563 1987 4618 minis
2012 4560 2281 4620 ascendit,
2314 4558 2551 4611 nondum
2579 4555 2845 4622 recepisse
2874 4555 2942 4606 ".
2964 4553 3061 4607 Hic
3085 4554 3231 4607 subit
3253 4553 3383 4605 mihi

1820 4656 2171 4709 vehementer
2198 4651 2397 4715 ridere,
2439 4649 2484 4703 si
2519 4648 2684 4702 Deum
2720 4648 2770 4700 in
2801 4646 2937 4701 facie
2967 4645 3239 4713 justorutn
3269 4644 3385 4697 ani-

1821 4762 1920 4801 mae
1948 4746 2188 4806 videant,
2242 4754 2295 4796 et
2349 4741 2607 4794 Trinitati
2659 4749 2713 4794 et
2747 4740 2840 4792 Dei
2897 4741 3093 4791 throno
3125 4738 3241 4791 sine
3274 4736 3385 4788 ullo

1824 4840 2000 4892 medio
2034 4837 2320 4902 assistant,
2348 4850 2448 4889 nec
2479 4843 2656 4887 tamen
2690 4831 3055 4885 ineﬂ’abilibus
3104 4829 3261 4883 bonis
3286 4828 3383 4879 ad-

1820 4932 1923 4985 huc
1954 4931 2325 5000 perfruantur.
2359 4927 2402 4981 Ο
2443 4924 2937 4984 insensibilitatem,
2964 4936 3210 4989 quamam
3237 4919 3383 4971 inef-

1816 5022 2000 5074 fahilia
2026 5022 2160 5073 bona
2192 5035 2310 5072 esse
2340 5017 2662 5071 existimatis
2702 5018 2915 5069 visione
2981 5014 3071 5067 Dei
3136 5010 3381 5079 majora?

1819 5113 2114 5179 Pet‘SpiCile
2141 5110 2272 5178 quid
2307 5109 2521 5167 dicatis,
2550 5124 2674 5161 natu
2710 5108 2760 5159 id
2788 5104 3121 5171 blasphemia
3145 5105 3381 5156 maxima

1817 5213 1919 5257 est.
1957 5202 2012 5255 Si
2062 5202 2205 5253 enim
2235 5199 2400 5251 Deum
2439 5198 2490 5250 in
2524 5196 2661 5250 facie
2689 5196 2895 5256 vident,
2928 5194 3069 5262 quod
3094 5207 3254 5245 nemo
3290 5206 3385 5243 ne-

1820 5291 2029 5362 gaverit
2060 5305 2322 5357 unquam,
2356 5297 2481 5340 sunt
2513 5296 2690 5338 autem
2714 5293 2765 5336 et
2810 5285 2911 5333 alia
2941 5283 3080 5334 bona
3117 5294 3234 5346 quae
3273 5292 3378 5330 non

1817 5386 2023 5445 vident,
2064 5398 2193 5449 ergo
2227 5383 2428 5447 majora
2459 5395 2519 5433 ea
2567 5378 2657 5430 Dei
2704 5377 2911 5427 visione
2942 5382 3089 5426 sunt.
3142 5371 3197 5424 Si
3234 5371 3380 5423 hunc

1818 5476 2025 5537 vident,
2063 5474 2164 5527 alia
2194 5488 2296 5526 non
2332 5472 2534 5523 vident.
2582 5470 2648 5521 At
2677 5468 2728 5520 itl
2760 5481 2935 5534 neque
2961 5465 3233 5518 daatnones
3274 5478 3379 5515 un-

1818 5582 1978 5636 quam
2028 5565 2291 5617 dicerent.
2351 5560 2529 5627 Quid?
2575 5558 2764 5614 Nonne
2832 5569 2886 5612 et
2924 5557 3113 5611 beatus
3156 5555 3375 5618 Paulus,

1824 5675 1839 5706 ι
1865 5656 2054 5723 Cupio,
2082 5655 2278 5723 inquit,
2310 5652 2527 5709 dissolvi
2566 5663 2759 5707 etesse
2804 5666 2926 5705 cum
2964 5646 3222 5702 Christo?
3259 5668 3276 5698 ι
3317 5646 3374 5699 Si
