4156 6420
183 370 311 431 1277

628 372 780 432 PRO
821 373 1030 435 CONC.
1080 375 1459 438 FLORENT.
1501 382 1662 445 CAP.
1709 387 1810 444 ιν.
1842 386 1939 443 DE
1984 387 2412 447 FRUITIONE
2454 388 2940 448 SANCTORUM.

3268 392 3400 451 Ητὸ

175 480 356 548 ἐπεῖδὴ
388 481 841 548 προσκρούουσιν.
872 483 1055 545 Οὗτοι,
1083 486 1178 538 καὶ
1203 488 1319 539 ἐκεῖ
1343 492 1725 557 μεταστάντες.

1837 504 2124 560 prepterea
2180 495 2435 555 larrvmis
2468 495 2635 563 digni.
2686 485 2823 550 Iusti
2890 504 3093 557 autem,
3130 499 3242 551 sive
3290 500 3398 562 hic,

175 574 219 625 0l
274 572 469 625 δίκαιοι
522 571 747 640 δηλαδὴ,
798 575 1100 642 μακάριοι,
1167 579 1247 630 ὅτι
1304 580 1441 648 πρὸς
1499 583 1735 649 Χριστὸν

175 665 432 730 ἀπῆλθον.
467 664 530 717 Οί
580 665 897 735 ἁμαρτωλοὶ
931 668 1066 720 ὅπου
1111 669 1177 722 ἂν
1223 665 1351 733 ὦσι,
1399 675 1589 744 πόρρω
1639 675 1733 727 τοῦ

176 756 440 823 βασιλέως
470 757 597 823 eici,
629 759 723 810 καὶ
767 758 855 811 διὰ
884 758 1043 812 τοῦτο
1084 763 1179 814 καὶ
1203 763 1452 832 δακρύων
1488 766 1643 829 ἄξιοι.
1672 768 1733 819 Οἱ

172 847 228 899 δὲ
259 847 481 912 δίκαιοι,
514 848 579 902 ἄν
608 866 664 900 τε
696 850 950 916 ἐνταῦθα,
982 853 1046 904 ἄν
1082 853 1128 904 τ’
1169 855 1304 918 ἐκεῖ,
1342 857 1480 921 μετὰ
1514 857 1609 911 τοῦ
1643 858 1736 928 βα-

173 938 362 1000 σιλέως
384 940 685 994 εἰσίοκάκεῖ
705 942 903 1008 μᾶλλον
925 944 1243 1013 ἐγγύτερονο
1266 947 1325 998 ού
1349 947 1417 1000 δι’
1440 949 1732 1018 ἐσόπτρου,

168 1031 228 1082 οὐ
253 1031 345 1083 διὰ
377 1032 634 1099 πίστεως,
670 1035 803 1088 ἀλλὰ
852 1037 1146 1104 πρόσωπον
1180 1040 1317 1107 πρὸς
1353 1041 1670 1110 πρόσωπον.
1708 1061 1727 1094 ι

169 1122 279 1174 Καὶ
307 1124 607 1192 Γρηγόριος
637 1125 692 1177 δὲ
725 1128 753 1177 ό
782 1126 1040 1194 Θεολόγος
1081 1131 1138 1182 ὲν
1165 1128 1242 1199 τῷ
1281 1131 1419 1183 τέλει
1449 1134 1542 1185 τοῦ
1571 1134 1731 1201 λόγου

165 1212 263 1267 τοῦ
294 1216 372 1276 είς
402 1216 495 1269 τὸν
520 1215 675 1284 άγιον
707 1220 1048 1288 Κυπριανδν.
1098 1221 1231 1290 φησί
1256 1238 1270 1253 ο
1307 1240 1324 1272 ι
1364 1224 1468 1275 Καὶ
1506 1226 1605 1291 τὴν
1631 1227 1732 1293 τῆς

168 1306 332 1368 ἁγίας
362 1309 588 1376 Τριάδος
619 1309 909 1379 ἐλλαμψιν,
942 1307 1009 1385 ἧς
1036 1313 1132 1366 νῦν
1157 1316 1516 1383 παραστάτης
1544 1318 1680 1371 ὲστί.
1708 1337 1725 1369 t

168 1400 277 1451 Kal
326 1399 660 1471 πλατύτερον
692 1405 749 1455 tv
782 1403 859 1472 τῷ
906 1406 985 1466 είς
1023 1404 1123 1475 τὴν
1159 1406 1394 1476 ἀδελφὴν
1443 1410 1730 1478 Μακρίναν

168 1490 473 1559 Γρηγόριος
504 1492 531 1543 ό
561 1492 786 1561 Νύσσης
820 1496 947 1564 περὶ
987 1496 1083 1549 τοῦ
1112 1498 1357 1551 τοιούτου
1408 1500 1629 1567 φάσκει.
1674 1502 1731 1554 Ὀ

162 1582 218 1632 δὲ
256 1584 679 1653 Μεταφραστὴς,
701 1588 778 1649 είς
807 1588 896 1640 τὸν
924 1589 1040 1658 βίον
1071 1591 1161 1644 τοῦ
1185 1590 1342 1658 άγίου
1379 1589 1727 1656 ’ίωανντκίου,

161 1673 304 1741 πρὸς
334 1674 393 1726 τὸ
446 1676 595 1738 τέλος
645 1677 738 1729 τοῦ
788 1679 969 1746 λόγου,
1018 1679 1161 1735 οὕτω
1221 1682 1516 1753 διαρρήδην
1560 1682 1727 1751 φησί·

1840 585 1953 638 sive
1990 585 2067 639 ibi
2118 587 2256 655 apud
2317 586 2513 653 Regem
2560 597 2709 651 sunt,
2782 589 2970 653 ibique
3008 590 3179 657 magis
3231 604 3400 657 prope

1837 686 1985 737 sunt,
2020 694 2125 731 non
2154 694 2255 748 per
2280 680 2579 746 speculum,
2608 694 2713 733 non
2750 696 2845 747 per
2889 681 3076 743 ﬁdem,
3133 681 3225 734 sed
3265 682 3401 736 faeie

1837 767 1903 821 ad
1931 769 2147 823 faciem.
2199 789 2218 821 ι
2254 771 2320 823 Ει
2354 770 2651 841 Gregorius
2691 771 2998 840 Theologus
3033 772 3085 825 in
3144 770 3247 825 tlne
3277 786 3402 826 ora-

1836 860 1999 915 tionis
2050 861 2101 915 in
2161 863 2343 915 divum
2397 862 2727 933 Cyprianum
2792 863 2987 930 inquit,
3026 881 3043 913 ι
3078 863 3141 918 Et
3196 872 3401 918 sanctre

1837 952 2123 1007 Trinitatis
2152 955 2523 1023 splendorem,
2543 956 2636 1010 cui
2667 970 2813 1008 nunc
2830 957 3048 1007 assidet.
3082 973 3100 1006 ι
3128 955 3190 1008 Et
3230 953 3401 1008 fusius

1837 1044 1895 1097 in
1928 1046 2179 1099 oratione
2208 1045 2260 1097 iu
2314 1061 2555 1100 sororem
2588 1046 2883 1099 Macrinam
2932 1046 3226 1113 Gregorius
3261 1044 3401 1115 Nyso

1833 1151 1999 1189 senus
2030 1135 2095 1187 de
2129 1138 2230 1188 hoc
2280 1138 2494 1190 scribit.
2534 1136 2927 1204 Metaphrasles
2962 1150 3089 1189 vero
3138 1137 3191 1189 in
3226 1136 3399 1189 sancti

1834 1223 2097 1279 Ioannicii
2166 1225 2282 1279 Vita
2340 1228 2394 1280 in
2428 1226 2535 1279 ﬁne
2564 1228 2831 1280 orationis
2865 1228 2942 1279 sic
2976 1236 3163 1293 aperte
3214 1226 3343 1279 dicit
3383 1244 3397 1278 :

1842 1335 1859 1367 ι
1902 1317 2067 1373 Divus
2095 1318 2415 1373 Joannicius
2445 1319 2638 1388 spiritu
2674 1319 2889 1388 quidem
2944 1320 3007 1371 ad
3055 1335 3177 1372 eum
3238 1335 3397 1385 quem

1833 1408 2097 1478 diligebat
2147 1410 2434 1478 demigrat,
2502 1412 2817 1481 angelorum
2858 1411 3044 1465 choris
3081 1410 3396 1473 comitatus,

1832 1514 2058 1569 corpore
2082 1517 2208 1557 vero
2233 1517 2366 1555 urna
2395 1501 2688 1555 clauditur.
2708 1520 2725 1552 ι
2775 1501 3102 1564 Methodius,
3133 1501 3225 1570 qui
3261 1500 3399 1554 inter

1833 1592 2175 1659 patriarchas
2211 1593 2343 1644 dum
2391 1592 2596 1645 viveret
2642 1606 2897 1656 magnum
2955 1592 3135 1644 lumen
3174 1590 3394 1653 effulsit,

1832 1692 2105 1750 postoclo
2136 1697 2350 1736 menses
2394 1682 2461 1734 ab
2500 1682 2617 1750 ejus
2668 1690 2844 1736 morte
2889 1682 3139 1746 decessit,
3195 1682 3261 1734 14
3314 1681 3400 1733 die

168 1785 188 1816 ι
238 1768 346 1820 Καὶ
376 1770 407 1819 ὁ
450 1770 546 1837 μὲν
591 1770 733 1834 Θεϊος
779 1773 1128 1836 Ἰωαννίκιος,
1185 1775 1263 1841 τῷ
1313 1773 1587 1841 πνεύματι
1630 1771 1725 1839 μὲν

1835 1774 2074 1827 instante
2107 1772 2280 1827 Junii.
2306 1770 2435 1838 Quae
2455 1780 2585 1826 sunt
2612 1772 2778 1840 igitur
2801 1788 2859 1825 ea
2890 1787 3007 1840 qua:
3038 1780 3157 1840 post
3189 1770 3397 1824 obitum

163 1858 305 1927 πρὸς
342 1860 401 1912 ὃν
432 1860 625 1927 ἠγάπα
676 1866 994 1934 μεταφοιτᾷ,
1056 1869 1240 1936 χοροῖς
1274 1864 1522 1932 ἀγγέλων
1546 1880 1727 1933 παραυ

161 1952 555 2019 πεμπόμενοςο
588 1951 666 2020 τῷ
711 1953 924 2021 σώματι
971 1955 1047 2019 δὲ,
1105 1957 1248 2026 σορῷ
1302 1958 1669 2012 κατατίθεται.
1701 1976 1720 2010 ι

158 2043 424 2106 Μεθόδιος
444 2044 502 2097 δὲ
531 2045 558 2095 ό
585 2045 834 2113 λαμπρὸν
862 2047 1081 2116 λάμψας
1113 2048 1225 2118 βίον
1251 2052 1307 2103 tv
1339 2051 1723 2120 πατριάρχαις,

160 2136 306 2203 μετὰ
351 2138 524 2205 μῆνας
564 2139 658 2189 καὶ
687 2134 839 2201 οὗτος
871 2139 1014 2191 ὀκτὼ
1057 2140 1156 2208 τῆς
1207 2143 1417 2195 ἐκείνου
1446 2143 1725 2207 τελευτῆς,

158 2230 396 2296 ἁπεὸίω,
447 2232 1067 2302 τεσσαρεσκαιδεκάτης
1095 2236 1451 2305 ἐνισταμένης
1482 2218 1569 2305 τῷ
1600 2236 1728 2288 Ἰου-

158 2322 283 2390 νὲῳ.
314 2320 446 2375 Τίνα
480 2321 612 2388 γοῦν
639 2323 707 2375 τά
737 2323 877 2375 κατὰ
901 2324 1000 2393 τὴν
1029 2326 1308 2392 τελευτὴν,
1345 2328 1437 2379 καὶ
1468 2326 1605 2394 μετὰ
1630 2326 1726 2395 τὴν

156 2414 422 2484 τελευτὴν
471 2414 563 2467 τοῦ
609 2413 920 2485 θαυμαστοῦ
956 2417 1145 2469 τούτου
1205 2417 1533 2472 Ἰωαννικίου
1568 2435 1727 2485 γεγε-

152 2508 411 2573 νημένα;
451 2508 803 2576 παρειμένων
841 2510 1154 2577 συσφίγξεις
1213 2512 1411 2579 μελῶν,
1447 2512 1725 2576 ἄνθρωποι

156 2600 416 2667 πονηρῶν
462 2599 931 2669 ἀπαλλαττόμενοι
983 2603 1316 2671 πνευμάτων
1366 2604 1528 2669 μόνον
1575 2605 1621 2654 εἰ
1660 2605 1724 2670 τῇ

153 2692 372 2742 ἐκείνου
403 2690 546 2759 σορῷ
575 2692 944 2761 προσέλθοιεν.
981 2694 1090 2746 Καὶ
1136 2693 1251 2754 πῶς
1298 2693 1408 2763 γὰρ
1432 2694 1531 2747 οὐκ
1568 2695 1727 2761 ἐμελο

152 2782 249 2833 λεν
277 2784 307 2834 ό
343 2782 667 2845 Ἰωαννίκιος
699 2784 959 2846 τοιούτοις
1011 2785 1106 2836 καὶ
1143 2788 1280 2851 μετὰ
1310 2785 1539 2839 θάνατον
1568 2785 1724 2849 δοξα-

152 2877 380 2945 σθῆναι,
408 2873 468 2928 οὗ
518 2874 619 2941 τὴν
649 2875 919 2943 ἐκδημίαν
966 2876 1159 2938 στύλος
1189 2877 1363 2946 πυρὸς
1403 2878 1518 2939 τοῖς
1561 2879 1617 2930 tv
1649 2877 1726 2944 τῷ

150 2969 283 3021 κατ’
317 2968 599 3034 Ὄλυμπον
633 2968 747 3037 ὄρει
778 2968 1004 3036 ﬁniet);
1039 2966 1101 3021 οὗ
1148 2969 1578 3039 προσπορεύοντο
1628 2968 1727 3035 ἄγ-

150 3060 310 3126 γελοι
346 3059 519 3120 πύλας
543 3060 900 3125 διανοίγοντες
932 3058 1081 3127 αύτῷ
1111 3060 1210 3123 τάς
1237 3061 1330 3112 τοῦ
1367 3060 1722 3127 παραδείσου,

1836 1863 2003 1932 hujus
2041 1865 2380 1918 admirabilis
2438 1862 2709 1920 Joannicii
2752 1862 3144 1933 contigerunt?
3174 1860 3400 1916 Fracto-

1835 1970 1954 2009 rum
1982 1956 2443 2011 consolidationes
2475 1955 2865 2024 membrorum,
2890 1955 3109 2024 quidam
3162 1970 3191 2007 a
3216 1954 3399 2022 pravis

1834 2046 2170 2100 daemonibus
2199 2045 2407 2099 liberati
2440 2055 2589 2112 sunt,
2628 2061 2751 2099 cum
2773 2046 2840 2099 ad
2870 2046 2985 2114 ejus
3022 2054 3229 2098 tantum
3283 2059 3400 2096 mo-

1833 2148 2155 2192 numentum
2180 2138 2561 2191 accessissent.
2592 2136 2657 2191 Et
2683 2153 2790 2205 quo
2822 2147 2986 2206 pacto
3020 2146 3142 2205 post
3182 2136 3394 2190 obitum

1834 2240 2047 2300 poterat
2091 2229 2409 2283 Joannicius
2462 2230 2562 2282 hac
2589 2230 2759 2299 gloria
2817 2228 3061 2298 spoliari,
3098 2227 3254 2293 cujus
3286 2228 3399 2279 dis-

1834 2337 2052 2378 cessum
2087 2322 2339 2375 columna
2375 2321 2514 2391 ignis
2555 2322 2694 2390 apud
2728 2332 2969 2375 montem
3006 2319 3289 2390 Olympum
3322 2319 3398 2373 si-

1833 2412 2340 2481 gniﬁcavit?quem
2397 2411 2572 2480 angeli
2609 2409 2987 2478 praecedebant
3032 2409 3267 2475 paradisi
3317 2407 3400 2477 ja-

1833 2521 1971 2560 nuas
1993 2506 2319 2574 aperientes.
2350 2514 2403 2556 et
2435 2506 2487 2557 in
2544 2505 2821 2558 caelestem
2870 2502 3267 2556 beatitudinem
3303 2502 3400 2555 de-

1834 2599 2094 2653 ducentes
2148 2608 2207 2651 ut
2264 2598 2581 2665 puriﬁeatus
2652 2596 2703 2649 in
2770 2602 3123 2662 conspectum
3182 2592 3398 2645 Domini

1831 2691 2143 2758 perveniret
2176 2698 2231 2743 et
2291 2704 2415 2743 eum
2459 2688 2775 2757 angelorum
2833 2686 3116 2740 ordinibus
3158 2699 3403 2739 versare-

1832 2790 1941 2845 tur,
1973 2796 2003 2834 a
2038 2781 2239 2849 quibus
2268 2781 2426 2834 beata
2485 2780 2728 2834 Trinitas
2768 2779 3102 2848 gloriﬁcatur
3150 2785 3205 2830 et
3250 2775 3401 2828 exal-

1831 2881 1982 2926 tatur.
2030 2888 2176 2926 nunc
2229 2881 2283 2927 et
2319 2874 2375 2926 in
2432 2872 2761 2935 sempiterna
2812 2870 3005 2925 saecula
3051 2868 3396 2923 steculorum.

1832 2964 2027 3019 Amen.
2063 2982 2081 3015 ι
2140 2962 2320 3028 Vides,
2382 2972 2436 3016 tu
2468 2964 2562 3031 qui
2615 2962 2965 3027 contradicis,
3027 2960 3170 3031 quod
3221 2958 3398 3031 angeli

1829 3054 2230 3123 praecedebant,
2267 3063 2320 3107 et
2348 3053 2471 3108 ctrli
2500 3052 2697 3118 ianuas
2728 3052 2829 3120 ipsi
2860 3053 3197 3120 aperiebant,
3240 3059 3293 3102 et
3331 3050 3397 3104 ad

152 3158 258 3206 καὶ
286 3152 424 3221 πρὸς
470 3151 568 3221 τὴν
597 3152 806 3203 ἐκεῖθεν
862 3152 1242 3220 μακαριότητα
1280 3150 1684 3211 διαόιῦάξοντες
1707 3168 1721 3182 ·

1831 3146 2109 3200 ctelestem
2164 3144 2551 3198 beatitudinem
2606 3143 3013 3213 perducebant;
3077 3157 3187 3210 quo
3243 3150 3398 3209 pacto

149 3246 417 3316 καθαρῶς
468 3243 1011 3313 ὲμφανισθησόμενον
1044 3242 1122 3309 τῷ
1161 3241 1441 3311 προσώπῳ
1491 3242 1719 3312 Κυρίου,

145 3341 251 3391 καὶ
279 3336 594 3406 ἀγγελικαῐς
648 3334 1008 3402 συνεσόμενον
1035 3332 1277 3398 τάξεσιν,
1310 3332 1402 3400 ὑφ’
1435 3329 1513 3386 ὼν
1545 3335 1577 3403 ἡ
1618 3352 1724 3402 μα-

145 3431 331 3500 καρία
385 3429 557 3497 Τριάς
601 3425 883 3491 δοξάζεται
917 3425 1012 3476 καὶ
1066 3408 1449 3493 μεγαλύνεται,
1501 3424 1596 3478 νῦν
1630 3425 1726 3478 καὶ

143 3528 235 3585 εἰς
272 3523 395 3582 τοὺς
436 3520 825 3588 ἀτελευτήτους
857 3518 1057 3580 αίῶνας
1092 3518 1201 3568 τῶν
1245 3518 1480 3581 αἰώνων,
1517 3519 1718 3586 ἀμήν.»

154 3617 337 3684 Ὀρᾷς
375 3616 400 3666 ό
432 3612 748 3675 ἀντιλέγων,
784 3612 868 3663 ὅτι
898 3609 1119 3676 ἄγγελοι
1147 3610 1596 3678 προεπορεύοντο,
1634 3613 1725 3664 καὶ

144 3709 256 3767 τὰς
312 3703 403 3757 τοῦ
440 3703 770 3771 παραδείσω
803 3700 975 3763 πύλας
1017 3700 1167 3769 αὐτῷ
1221 3700 1551 3765 ἀνοίγοντες,
1590 3702 1724 3769 πρὸς

143 3799 259 3866 τὴν
292 3795 497 3847 ἐκεῖθεν
524 3792 828 3856 διεόἰὸαζον
861 3792 1269 3859 μακαριότητα;
1302 3791 1423 3852 Πῶς
1450 3793 1587 3855 ὅλως
1610 3792 1726 3845 τολ-

147 3891 302 3957 μᾶτε
337 3885 638 3952 ἀντιλέγειν
665 3882 940 3942 τοσούτοις
973 3881 1316 3942 διδασκάλοις
1348 3882 1448 3948 τῆς
1500 3882 1726 3951 Ἐκκλη..

143 3980 314 4043 σίας;
369 3976 431 4028 '0
481 3976 536 4026 δὲ
596 3970 1107 4040 προμνημονευθεὶς
1160 3969 1300 4031 θεῖος
1352 3970 1650 4039 Γρηγόριος
1698 3972 1724 4021 ὁ

139 4069 433 4132 Διάλογος,
466 4068 493 4118 ὁ
521 4064 620 4131 τῆς
652 4061 1033 4131 πρεσϐυτέρας
1081 4060 1300 4129 Ῥώμης
1325 4063 1632 4131 ἀρχιερεὺς,
1666 4064 1724 4114 tv

132 4159 227 4227 τῷ
268 4156 509 4225 τετάρτῳ
561 4154 750 4223 βιϐλίῳ
796 4152 905 4204 τῶν
957 4150 1252 4216 Διαλόγων,
1309 4153 1368 4203 tv
1419 4156 1541 4213 ταῖς
1589 4151 1723 4217 πρὸς

136 4250 366 4317 Πέτρον
416 4246 512 4299 τὸν
572 4244 949 4315 άρχιδιάκονον
1000 4244 1163 4295 αὑτοῦ
1217 4245 1540 4312 ἀποκρίσεσι
1597 4245 1725 4312 περ)⁵

129 4341 367 4399 τούτου,
411 4338 637 4390 τοιαῦτα
692 4337 864 4403 λέγει.
911 4355 929 4387 ι
976 4337 1203 4404 Πέτρος.
1274 4336 1522 4405 Ἀρέσκει
1566 4336 1594 4388 δ
1638 4336 1725 4387 λέ-

130 4450 291 4498 γεις.
340 4429 500 4483 ’Δλλά
526 4428 728 4497 γνῶναι
763 4428 922 4492 Θέλω,
970 4430 1067 4480 ἐὰν
1093 4428 1188 4481 νῦν
1220 4429 1325 4497 πρὸ
1380 4430 1475 4497 τῆς
1524 4428 1724 4498 ἀπολή-

1827 3245 1908 3290 t0t
1974 3244 2028 3291 et
2066 3236 2234 3289 tantis
2262 3235 2522 3289 Ecclesiae
2546 3238 2859 3290 doctoribus
2902 3235 3132 3289 omnino
3172 3244 3400 3287 contra-

1824 3329 2010 3383 dicere
2056 3328 2299 3383 audetis?
2332 3328 2497 3382 Divus
2544 3327 2838 3397 Gregorius
2904 3326 3190 3394 Dialogus,
3240 3326 3399 3391 cujus

1838 3430 1999 3474 antea
2034 3421 2404 3482 meminimus,
2438 3420 2637 3474 veteris
2662 3420 2846 3474 Romae
2871 3420 3129 3487 pontifex,
3190 3420 3285 3473 lib.
3348 3433 3398 3470 IV

1838 3508 2210 3577 Dialogorum,
2245 3511 2296 3565 in
2335 3511 2782 3579 responsionihus
2810 3510 2875 3564 ad
2900 3509 3119 3565 Petrum
3148 3510 3267 3577 ejus
3313 3523 3398 3562 ar-

1826 3600 2233 3662 chidiaconum,
2270 3617 2435 3668 super
2498 3602 2597 3654 hac
2642 3615 2700 3654 re
2754 3601 2830 3654 ita
2879 3602 3012 3654 dicit
3049 3618 3064 3655 :
3100 3620 3119 3651 ι
3161 3601 3399 3657 Petrus:

1826 3693 2011 3747 Placet
2048 3693 2191 3759 quod
2220 3694 2381 3754 dicis,
2441 3692 2534 3747 sed
2567 3707 2733 3746 nosse
2764 3692 2957 3745 vellem
2994 3692 3039 3746 si
3073 3707 3219 3746 nunc
3274 3702 3399 3746 ante

1825 3787 2223 3840 restitutionem
2253 3785 2524 3853 corporis,
2567 3784 2624 3836 in
2659 3785 2798 3839 ccelo
2832 3784 2999 3851 recipi
3033 3785 3249 3837 valeant
3277 3787 3393 3836 aui-

1825 3890 1924 3930 mte
1956 3878 2244 3943 iustorum.
2281 3875 2395 3929 Hoc
2423 3891 2600 3945 neque
2632 3876 2698 3929 de
2749 3875 3006 3929 omnibus
3045 3874 3207 3942 justis
3240 3874 3398 3929 fateri

1825 3983 2145 4036 possumus,
2196 3983 2371 4036 neque
2401 3969 2466 4022 de
2509 3967 2766 4022 omnibus
2818 3982 3052 4035 negare;
3090 3982 3212 4020 nam
3271 3976 3400 4021 sunt

1827 4062 2192 4128 quorumdam
2226 4062 2501 4128 justorum
2533 4059 2729 4113 anima:
2755 4075 2874 4127 qua:
2907 4075 2936 4112 a
2982 4059 3190 4113 caelesti
3232 4074 3398 4126 regno

1825 4154 2157 4221 quibusdam
2196 4152 2374 4205 adhuc
2408 4151 2787 4205 mansionibus
2845 4151 3100 4205 diﬂ'erunt
3135 4167 3149 4204 :
3199 4153 3252 4205 in
3285 4169 3393 4219 quo

1825 4244 2106 4297 dilationis
2128 4244 2329 4297 damno
2367 4241 2494 4310 quid
2528 4242 2672 4296 aliud
2712 4242 2975 4303 innititur,
3008 4243 3112 4296 nisi
3142 4244 3284 4311 quod
3326 4244 3393 4297 de

1830 4334 2067 4403 perfecta
2098 4333 2306 4399 iustitia
2332 4334 2534 4402 aliquid
2562 4334 2744 4386 minus
2765 4333 3092 4387 habuerunt.
3120 4335 3184 4387 Et
3215 4343 3394 4387 tamen

1830 4432 1952 4486 luce
1982 4431 2188 4485 clarius
2213 4440 2428 4483 constat
2457 4430 2582 4497 quia
2628 4429 2994 4497 periectorum
3042 4431 3237 4482 anima:
3270 4444 3393 4482 mox

127 4530 302 4595 ψεως
340 4524 449 4576 τῶν
486 4521 775 4588 σωμάτων,
831 4521 889 4571 tv
934 4518 1011 4587 τῷ
1055 4518 1273 4586 οὐρανῷ
1324 4518 1721 4585 προσδεχθῆναι

1831 4533 1887 4577 ut
1915 4524 2076 4593 hujus
2109 4523 2288 4575 carnis
2335 4520 2571 4574 clausua
2609 4528 2829 4584 exeunt,
2865 4521 2916 4573 in
2971 4521 3205 4576 caelestis
3249 4523 3396 4586 regni

126 4619 414 4669 δύνωνται
441 4615 494 4665 ai
523 4613 693 4680 ψυχαὶ
725 4610 834 4663 τῶν
866 4611 1111 4664 δικαίων,
1136 4629 1151 4659 ι
1175 4609 1494 4678 Γρηγόριος.
1525 4606 1725 4661 «Τοῦτο

127 4710 281 4762 οὔτε
334 4708 462 4773 περὶ
514 4707 728 4757 πάντων
768 4703 877 4755 τῶν
928 4702 1153 4755 δικαίων
1208 4703 1385 4754 είπείν
1426 4700 1721 4769 δυνάμεθα,

124 4798 280 4851 οὔτε
338 4795 501 4847 πάλιν
563 4791 845 4853 παντελῶς
900 4790 1268 4859 ἀρνήσασθαι.
1308 4791 1428 4843 Εἰσὶ
1463 4790 1562 4856 μὲν
1615 4790 1723 4855 γάρ

123 4889 378 4943 δικαίων
409 4886 568 4938 τινῶν
600 4884 792 4953 ψυχαὶ.
830 4884 1032 4943 αῑτινες
1060 4883 1122 4932 ἐκ
1148 4883 1245 4943 τῆς
1272 4881 1601 4949 ἐπουρανίου
1630 4882 1726 4949 βα-

128 4980 386 5039 σιλείας,
412 4977 524 5027 τισὶ
554 4976 739 5034 μοναῖς
766 4972 1088 5025 διίστανται.
1122 4974 1231 5038 Τῆς
1268 4972 1324 5023 δὲ
1367 4970 1566 5037 ζημίας
1593 4971 1725 5022 ταύ-

124 5086 244 5135 της
284 5066 383 5133 τὴν
412 5064 661 5130 δήλωσιν,
693 5063 746 5114 τί
773 5064 959 5131 ἕτερον
989 5062 1277 5126 δείκνυσιν,
1310 5064 1357 5113 εἰ
1399 5062 1471 5131 μὴ
1514 5062 1593 5113 ὅτι
1624 5062 1724 5128 τῆς

115 5156 449 5223 ὁλοκλήρου
507 5153 870 5221 δικαιοσύνης,
958 5153 1180 5221 ἔλλειμά
1236 5155 1289 5206 τί
1343 5171 1473 5206 ποτε
1524 5157 1721 5222 ἐσχον;

121 5252 278 5301 ἐττει
329 5248 410 5299 ὃτι
442 5246 548 5298 τῶν
579 5244 1015 5311 τετελειωμένων
1058 5246 1278 5297 δικαίων
1306 5249 1363 5296 αί
1404 5246 1594 5313 ψυχαὶ,
1632 5247 1722 5297 εὑ-

126 5341 302 5396 οέως
334 5337 492 5401 ἡνίκα
530 5338 593 5388 ὲκ
626 5336 733 5389 τῶν
774 5337 870 5403 τῆς
898 5338 1098 5404 σαρκὸς
1137 5338 1398 5406 κλείθρων
1432 5338 1722 5402 ίξέλῦωσιν

116 5434 188 5481 ὲν
221 5430 361 5489 ταῖς
399 5429 673 5497 οὐρανίαις
706 5428 996 5498 καθέδραις
1046 5429 1429 5497 ὑποδέχονται,
1480 5430 1726 5498 φανερώ-

113 5536 316 5590 τερον
345 5519 436 5569 τοῦ
476 5520 651 5586 φωτὸς
686 5520 1048 5589 καθέστηκεν.
1086 5522 1233 5588 Αὐτὴ
1265 5520 1370 5589 γάρ
1404 5522 1434 5589 ἡ
1494 5520 1723 5589 ἀλήθεια

113 5613 201 5665 δι’
239 5611 454 5677 ἑαυτῆς
484 5614 752 5679 μαρτυρεῖ
772 5610 1031 5678 λέγουσα,
1063 5612 1236 5664 Ὅπου
1264 5611 1323 5662 τὸ
1358 5611 1581 5679 πτῶμα,
1610 5612 1727 5663 ἐκεῖ

116 5700 586 5768 συναχῢήσονται
642 5704 735 5755 καὶ
779 5705 826 5754 οἱ
884 5705 1033 5755 ἀετοί
1061 5720 1071 5731 ·
1144 5703 1440 5761 τουτέστιν,
1476 5704 1557 5755 ὃτι
1597 5705 1723 5756 ἔνθα

114 5798 318 5856 acti;
353 5796 378 5845 ὁ
429 5795 704 5865 λυτρωτὴς
757 5798 908 5865 ἡμῶν
945 5798 1039 5849 σὺν
1074 5800 1133 5865 τῇ
1190 5793 1410 5867 σαρκὶῄ
1466 5797 1724 5849 ἀνέλαὸιν

1826 4615 2047 4668 sedibus
2077 4613 2439 4681 recipiuntur,
2475 4628 2493 4661 ι
2537 4612 2679 4678 quod
2714 4621 2767 4665 et
2799 4612 2912 4680 ipsa
2951 4626 3046 4680 per
3095 4628 3153 4667 se
3187 4613 3399 4667 Veritas

1826 4714 2054 4758 testatur
2085 4705 2270 4758 dicens
2311 4718 2325 4760 :
2379 4722 2395 4753 ι
2436 4702 2760 4771 Ubicunque
2809 4703 2972 4757 fuerit
3018 4720 3236 4771 corpus,
3289 4704 3397 4758 illic

1825 4796 2297 4866 congregahuutur
2322 4802 2374 4849 et
2398 4795 2624 4863 aquiiat;
2659 4795 2782 4862 quia
2805 4795 2893 4847 ubi
2927 4795 3041 4860 ipse
3064 4794 3397 4862 lledemptnr

1836 4901 2019 4941 noster
2046 4894 2131 4940 est
2158 4902 2404 4954 corpore,
2462 4886 2572 4938 illic
2626 4886 2812 4953 procul
2865 4886 3030 4938 dubio
3064 4886 3398 4953 colliguntur

1822 4979 2098 5046 justorum
2130 4980 2344 5030 animte.
2382 4995 2398 5026 ι
2438 4977 2504 5031 Ει
2536 4978 2757 5041 Paulus,
2800 4995 2816 5027 ι
2850 4977 3021 5043 Cupio
3066 4977 3313 5040 dissolvi,
3342 4986 3396 5030 et

1827 5085 1945 5122 esse
1996 5083 2117 5121 cum
2156 5067 2391 5120 Christo.
2432 5086 2449 5117 ι
2493 5066 2593 5131 Qui
2652 5083 2784 5135 ergo
2843 5068 3123 5121 Christum
3177 5082 3297 5121 esse
3338 5068 3391 5120 in

1826 5158 1966 5211 callo
1998 5167 2175 5225 negat,
2213 5158 2301 5225 qui
2338 5158 2500 5210 etiam
2539 5159 2606 5211 de
2630 5158 2993 5213 dissolutione
3034 5159 3115 5212 sui
3147 5160 3391 5224 corporis

1827 5258 1989 5317 atque
2023 5249 2417 5303 iubabitatione
2449 5251 3037 5315 ccelestispatrizedicit
3069 5268 3080 5301 :
3116 5266 3136 5300 ι
3169 5250 3388 5303 Scimus

1825 5340 2081 5408 quoniam
2125 5339 2166 5390 si
2195 5341 2469 5393 terrestris
2502 5341 2693 5393 domus
2748 5348 2929 5392 nostra
2988 5338 3147 5404 hujus
3182 5339 3391 5391 habita-

1829 5432 1994 5485 tionis
2030 5431 2382 5491 dissolvatur,
2411 5433 2552 5499 quod
2574 5431 2986 5485 aediﬁcationem
3030 5430 3293 5484 habemus
3322 5446 3387 5483 ex

1830 5524 1961 5585 Deo,
2002 5524 2222 5575 domum
2257 5539 2359 5575 non
2399 5538 2555 5575 manu
2608 5522 2826 5586 iactam,
2889 5523 2979 5576 sed
3018 5531 3273 5575 aeternam
3332 5523 3387 5574 in

1826 5614 1999 5667 cmlis.
2033 5633 2049 5664 ι
2081 5614 2232 5668 Nosti
2280 5630 2430 5684 ergo.
2496 5616 2574 5668 vel
2613 5617 2834 5680 audisti,
2874 5617 2999 5684 quid
3042 5616 3129 5667 hic
3160 5624 3386 5669 sanctus

1832 5708 1999 5765 dicat.
2045 5707 2190 5775 quod
2221 5723 2343 5760 cum
2370 5709 2605 5775 primum
2625 5723 2690 5762 ex
2737 5709 2835 5761 hac
2866 5710 2973 5761 vita
3004 5709 3174 5761 sancti
3203 5707 3387 5760 deces-

1830 5800 2024 5861 serint,
2062 5799 2309 5854 videlicet
2362 5800 2630 5868 justorum
2684 5799 3043 5868 perfecturum
3090 5800 3283 5853 anitum
3318 5799 3385 5853 ad
