4156 6420
743 368 878 432 19.79

1919 365 2201 424 JtlSEPH
2216 365 2236 424 ί
2251 359 2262 362 ”
2279 367 2330 424 Μ
2345 365 2596 424 ΕΤΗΟΝ
2611 363 2828 422 ENSIS

3818 355 3959 418 1280

734 477 984 530 cmlestrs
1032 473 1186 528 sedes
1239 483 1293 525 et
1358 472 1669 528 mansiones
1717 473 2055 528 deferuntur.
2115 475 2157 527 Δ
2186 490 2294 543 quo

2412 477 2657 546 ὅπάρχει,
2709 474 2826 525 ἐκεῖ
2870 470 3210 531 ἀδιστάκτως
3268 468 3694 537 συναχθήσονται
3739 468 3796 519 al
3849 468 3962 519 τῶν

736 567 903 632 igitur
927 567 1177 630 egre-gius
1219 566 1305 618 ille
1328 565 1592 633 Ephesius
1613 567 1804 620 didicit
1850 566 1988 634 quod
2021 581 2195 633 usque
2224 565 2290 620 ad

737 655 1096 710 nniversalem
1153 657 1603 711 resurrectionem
1655 659 1892 725 recipere
1931 671 2036 710 non
2094 657 2294 713 debent

733 749 1006 816 justorum
1041 747 1588 817 animm?0portebat
1651 749 1795 801 enim
1841 763 1985 812 eum,
2038 764 2160 802 cum
2215 750 2296 802 vir

737 840 987 893 eruditus
1020 847 1182 896 esset.
1216 854 1321 891 non
1373 840 1445 892 ita
1497 849 1679 906 aperte
1708 839 1989 893 doctorum
2043 839 2296 894 Ecclesia:

739 930 896 984 dictis
918 930 1196 983 adversari
1224 948 1239 992 ;
1277 930 1386 984 imo
1419 930 1521 983 sibi
1550 931 1650 998 ipsi
1710 931 2037 985 contradicit
2065 947 2078 983 :
2111 932 2162 983 in
2189 931 2299 998 epi-

743 1023 878 1074 stola
925 1022 987 1070 ad
1040 1036 1230 1074 omnes
1269 1030 1454 1087 gentes
1498 1033 1548 1074 et
1601 1023 1808 1076 insulas
1856 1025 2017 1076 missa
2083 1022 2298 1090 penitus

743 1114 1051 1167 {tuitionem
1110 1123 1420 1167 sanctorum
1465 1123 1642 1178 negat,
1697 1115 1784 1167 ubi
1835 1115 2067 1168 scribit:
2112 1134 2127 1163 ι
2166 1114 2298 1179 Nos,

743 1213 961 1259 sanctos
993 1221 1167 1271 neque
1202 1221 1444 1273 paratum
1489 1205 1591 1258 sibi
1621 1222 1840 1274 regnum
1878 1215 1972 1260 aut.
2004 1205 2298 1260 ineffabilia

745 1297 882 1348 bona
911 1296 1170 1363 recipere.
1203 1311 1376 1359 neque
1393 1305 1704 1364 peccatores
1736 1297 1786 1349 in
1811 1299 2110 1365 gehennam
2151 1299 2302 1352 abire

745 1387 1074 1439 aﬂirmainus
1101 1386 1228 1449 ;sed
1262 1393 1524 1454 utrosque
1551 1403 1702 1440 suam
1730 1399 2092 1455 sortem,qu:e
2123 1387 2300 1443 futura

744 1488 848 1538 est.
886 1488 1005 1541 post
1060 1479 1506 1531 resurrectionem
1541 1490 1592 1532 et
1635 1479 1898 1545 judicium
1929 1489 2296 1547 exspectare.»

748 1569 857 1623 Hoc
889 1569 1030 1632 loco,
1065 1577 1124 1622 ut
1144 1568 1615 1630 vides,manifeste
1650 1579 1962 1622 sanctorum
1992 1569 2300 1624 fruitionem

749 1673 926 1731 negat.
957 1666 1021 1716 At
1061 1663 1112 1715 in
1146 1665 1393 1718 oratione
1454 1680 1612 1732 quam
1648 1663 1693 1717 is
1729 1665 1780 1717 in
1823 1665 1930 1717 divi
1969 1664 2097 1718 Elia:
2149 1680 2300 1718 com—

751 1754 1192 1806 niemoralionem
1222 1754 1545 1822 conscripsit
1569 1794 1582 1816 ,
1615 1763 1799 1822 aperte
1854 1755 2141 1808 contltetur
2175 1770 2303 1808 sane

2395 567 2564 633 ἁγίων
2593 564 2784 634 ψυχαί.
2826 563 2933 615 Καὶ
2974 564 3001 613 ὸ
3035 559 3246 623 Παῦλος
3277 560 3332 612 δὲ
3385 557 3645 626 ἐπεθύμει
3691 556 3962 610 ἀναλῦσαι

2394 660 2484 712 καὶ
2527 659 2621 709 σὺν
2653 655 2870 725 Χριστῷ
2901 649 3254 715 εῖναι.”¹οστις
3289 645 3382 703 οὖν
3416 649 3651 718 Χριστὸν
3694 649 3754 700 έν
3788 649 3962 716 0'59:-

2394 753 2503 812 νοῖς
2538 749 2804 818 ὑπάρχειν
2850 747 2949 797 οὐκ
3003 745 3243 806 ἀπιστεῖ,
3281 740 3400 795 οὐδὲ
3453 740 3549 807 τήν
3596 737 3690 790 τοῦ
3743 737 3961 798 Παύλου

2393 842 2593 913 ψυχήν,
2625 843 2686 892 ὲν
2735 839 2812 907 τῷ
2847 835 3062 906 οὖρανῷ
3096 835 3364 902 ὑπάρχειν
3413 832 3732 900 ἀρνήσεται.
3788 828 3964 887 Aine;

2396 934 2500 1001 γάρ
2529 932 2655 1000 περὶ
2686 930 2783 998 τῆς
2817 926 2913 981 τοῦ
2951 927 3201 996 σώματος
3232 923 3524 983 διαλύσεως
3555 924 3646 973 καὶ
3677 919 3778 986 τῆς
3812 921 3868 969 ὲν
3900 920 3964 985 τῇ

2398 1024 2706 1093 ἐπουρανίῳ
2756 1020 2976 1091 πατρίδι
3022 1018 3307 1079 κατοικίας
3355 1019 3500 1084 λέγει
3530 1033 3542 1045 ·
3575 1016 3814 1080 Οἴδαμεν
3859 1011 3969 1076 γὰρ

2399 1119 2480 1169 ὅτι
2514 1117 2605 1168 saw
2660 1116 2692 1183 ή
2735 1113 2972 1178 ἐπίγειος
3008 1111 3162 1179 ήμῶν
3195 1109 3340 1159 οἰκία
3388 1106 3483 1158 τοῦ
3533 1107 3766 1170 σκήνους
3797 1117 3970 1153 κατα-

2400 1210 2553 1277 λυθῇ,
2588 1205 3014 1276 ᾠκοδομημένην
3041 1203 3104 1252 ὲκ
3139 1198 3274 1250 Θεοῦ
3308 1198 3506 1267 ἔχομεν
3538 1195 3717 1246 οίκίαν
3753 1193 3971 1259 ἀχειρο-

2401 1298 2619 1364 ποίητον
2667 1295 2882 1348 αἰώνιον
2921 1297 2978 1345 ὲν
3027 1294 3141 1353 τοῖς
3195 1291 3464 1356 οὐρανοῖς.
3507 1307 3524 1336 ι
3576 1282 3742 1348 Οἶδας
3789 1285 3898 1350 ἀρα
3938 1281 3969 1349 ἧ

2400 1389 2637 1457 ήκουσας
2665 1388 2719 1438 τί
2762 1402 2924 1455 φησιν
2963 1377 3115 1446 οὗτος
3161 1383 3189 1434 ὁ
3218 1382 3389 1448 ἅγιος,
3427 1381 3508 1431 ὅτι
3556 1379 3762 1438 εὐθέως
3815 1375 3973 1441 ἡνίκα

2403 1483 2465 1532 ἐκ
2499 1479 2591 1532 τοῦ
2608 1479 2724 1548 βίου
2753 1477 2946 1529 τούτου
2995 1474 3368 1542 ἀναχωροῦσιν
3390 1472 3439 1524 οί
3464 1469 3839 1537 ἀγιοι,ήτοιαί
3862 1468 3970 1517 τῶν

2401 1570 2768 1640 τελειωμένων
2799 1567 3022 1620 δικαίων
3049 1565 3239 1632 ψυχαὶ,
3275 1565 3330 1614 ἐν
3352 1565 3471 1624 ταῖς
3506 1560 3795 1625 οὐρανίαις
3834 1559 3973 1608 καθ-

2405 1664 2586 1732 έδραις
2612 1664 2707 1716 καὶ
2737 1664 2934 1730 ,μοναῖς
2963 1657 3298 1721 κατοικοῦσι;
3327 1655 3493 1706 Πόθεν
3515 1649 3607 1706 οῦν
3625 1648 3785 1720 εὗρεν
3803 1653 3976 1702 εἰπεῖν

2404 1754 2432 1808 ὁ
2458 1754 2620 1815 καλὸς
2649 1753 2858 1814 ἐκεῖνος
2902 1750 3154 1818 Ἑφέσου,
3189 1751 3268 1802 ὄτι
3306 1747 3469 1816 μέχρι
3503 1748 3600 1812 τῆς
3631 1744 3826 1812 κοινῆς
3850 1744 3976 1795 ἀναν

749 1858 864 1900 rtos
897 1846 1155 1913 recipere,
1188 1847 1274 1899 ubi
1305 1847 1432 1899 dicit
1468 1863 1479 1898 :
1515 1864 1532 1894 ε
1567 1847 1678 1911 Ego
1703 1861 1829 1898 vero
1857 1846 1997 1914 quod
2034 1847 2104 1908 ei,
2138 1845 2299 1900 veluti

2412 1848 2669 1906 στάσεως,
2709 1845 2808 1897 οὐκ
2847 1844 3158 1910 ὀφείλουσιν
3197 1841 3490 1892 ἀπολαϐεῖν
3518 1842 3574 1891 αί
3605 1838 3714 1889 τῶν
3749 1836 3976 1888 δικαίων

750 1949 1060 1990 sant-torum
1110 1937 1418 2001 animabus,
1449 1939 1674 1991 ubilibet
1713 1939 1777 1990 ad
1831 1949 2043 2006 tempus
2078 1939 2299 2001 morari,

750 2036 801 2074 ιιι
838 2024 889 2076 in
926 2039 1020 2078 Sua
1070 2028 1180 2078 :cde
1231 2026 1461 2086 versari,
1511 2036 1565 2078 et
1603 2027 1666 2080 ad
1708 2027 2060 2094 deprecantes
2102 2029 2302 2096 passim

751 2131 1079 2181 .Iomineare,
1138 2119 1503 2172 necessarium
1548 2130 1604 2172 et
1647 2135 1830 2173 verum
1865 2134 1987 2174 esse
2014 2120 2303 2180 existimo;

751 2221 798 2259 at
837 2223 943 2259 non
977 2208 1093 2262 ideo
1123 2223 1245 2262 cum
1273 2210 1411 2262 caelo
1440 2225 1627 2263 carere
1655 2211 1906 2276 dixerim,
1935 2220 2023 2264 aut
2061 2227 2164 2264 non
2201 2227 2303 2266 una

752 2299 1125 2362 splendoribus
1176 2300 1486 2369 angelorum
1532 2300 1741 2354 Domini
1796 2301 1992 2354 throno
2037 2303 2299 2356 assidere.

753 2390 882 2442 Nam
913 2390 1030 2442 aliis
1066 2391 1290 2444 inferior
1320 2402 1464 2446 esset
1488 2393 1578 2458 qui
1617 2391 1726 2446 fere
1761 2408 1925 2462 super
1958 2409 2147 2448 omnes
2175 2396 2308 2448 emi-

756 2481 936 2540 nebat.
971 2481 1017 2534 si
1071 2483 1196 2551 quia
1251 2498 1415 2537 carne
1465 2484 1790 2538 induebatur
1827 2486 2088 2540 societate
2119 2501 2306 2540 eorum

755 2571 1097 2632 spoliaretur.
1152 2582 1207 2626 et
1269 2573 1357 2626 Dei
1393 2575 1456 2628 ad
1519 2574 1711 2628 faciem
1770 2575 2004 2639 visione,
2061 2593 2164 2646 qua
2218 2593 2311 2645 per

755 2679 916 2715 omne
941 2679 1052 2718 sua:
1082 2665 1203 2716 vitm
1235 2675 1446 2732 tempus
1469 2667 1518 2718 in
1555 2668 1743 2734 primis
1775 2669 1975 2736 potitus
2003 2681 2135 2722 est.»
2179 2669 2310 2724 Meis

756 2770 972 2822 quoque
1019 2756 1200 2808 verbis
1238 2755 1584 2817 testificatur,
1620 2759 1765 2825 quod
1804 2760 1854 2812 in
1899 2776 2020 2813 eum
2070 2760 2308 2813 Ecclesia

760 2844 830 2894 ita
869 2844 1015 2895 canit
1064 2858 1078 2894 :
1121 2861 1138 2894 ι
1184 2843 1452 2910 Propheta
1499 2861 1674 2912 prteco
1713 2845 1912 2900 Christi
1951 2862 1978 2899 a
2022 2849 2312 2916 magnifico

757 2935 951 2987 throno
999 2949 1272 3002 nunquam
1325 2934 1674 3002 disjuugeris,
1727 2945 1781 2989 et
1831 2939 2138 3003 cuicunque
2187 2939 2306 2993 lan-

757 3025 940 3092 guenti
977 3025 1030 3077 in
1061 3025 1341 3082 altissimis
1373 3026 1729 3081 ministrando
1764 3044 1976 3095 srmper
2005 3029 2154 3092 ades,
2189 3032 2306 3085 orbi

760 3126 1024 3167 terrarum
1066 3115 1343 3169 benedicis
1391 3118 1631 3184 undique
1679 3119 2032 3187 glorificatus.
2093 3140 2110 3173 ι
2153 3121 2311 3176 Vides

760 3211 818 3254 ut
866 3204 951 3256 hic
978 3203 1122 3256 clare
1151 3214 1204 3257 et
1255 3215 1438 3272 aperte
1479 3218 1696 3259 sanctos
1730 3206 1818 3260 Dei
1863 3209 2070 3263 visione
2106 3211 2310 3278 perfrui

761 3295 824 3345 ad
862 3294 1050 3347 faciem
1083 3297 1392 3350 asseverat?
1431 3297 1724 3367 divumque
1753 3299 1923 3352 Eliam
1971 3300 2072 3354 hac
2110 3301 2315 3355 visione

760 3389 920 3439 etiam
966 3389 1016 3439 in
1053 3403 1280 3456 corpore
1319 3389 1538 3456 dignum
1578 3406 1699 3443 esse
1733 3391 2100 3444 existimatum
2135 3392 2308 3455 dicit,

760 3478 900 3546 quo-l
933 3479 1148 3543 quidem
1186 3480 1304 3546 plus
1337 3489 1420 3532 est
1454 3496 1616 3547 quam
1655 3483 1766 3548 ipsa
1800 3483 1936 3534 ratio
1968 3484 2222 3549 postulat.
2260 3482 2316 3535 Si

761 3570 905 3622 aliud
941 3570 1104 3639 igitur
1138 3581 1380 3636 paratum
1419 3587 1640 3636 regnum
1674 3581 1756 3623 est
1777 3582 1828 3625 et
1859 3572 2146 3628 ineffabilia
2172 3573 2311 3628 bona

766 3670 959 3729 praeter
988 3660 1077 3714 Dei
1120 3661 1184 3713 ad
1227 3660 1418 3715 faciem
1448 3662 1730 3724 visionem.
1768 3662 1820 3714 id
1860 3663 2107 3717 ostendat
2139 3664 2318 3734 nobis;

767 3753 873 3804 erit
908 3752 1050 3804 enim
1089 3751 1178 3805 Dei
1224 3751 1433 3805 visione
1466 3753 1833 3821 praestantius,
1864 3759 2008 3826 quod
2057 3774 2216 3813 nemo
2254 3775 2320 3814 ex

765 3843 1019 3897 Ecclesiae
1051 3843 1368 3899 doctoribus
1394 3861 1630 3913 unquam
1667 3847 1802 3900 dixit
1833 3864 1852 3901 :
1882 3850 2140 3918 majorem
2173 3866 2321 3922 repe-

768 3936 861 3988 riri
908 3935 1324 3989 oblectationem
1353 3951 1512 4003 quam
1565 3939 1654 3990 Dei
1704 3940 1840 3992 visio
1871 3941 1959 3992 sit.
1998 3941 2150 4006 Quod
2192 3959 2322 3998 vero

767 4022 900 4074 dicit
965 4035 1194 4087 magnus
1252 4021 1565 4089 Gregorius.
1627 4025 1897 4092 justorum
1957 4031 2319 4095 quorumdam

767 4113 980 4165 animas
1012 4127 1132 4164 esse
1163 4127 1281 4179 qua:
1313 4128 1340 4163 a
1389 4113 1596 4167 caelesti
1626 4129 1791 4182 regno
1822 4117 2194 4172 mansionibus
2223 4119 2323 4172 dif-

769 4205 970 4263 ferunt.
994 4212 1049 4256 et
1072 4203 1208 4255 alias
1239 4217 1360 4256 esse
1390 4205 1748 4272 perfectorum
1779 4206 2048 4272 justorum
2079 4208 2316 4273 animas,

768 4293 1004 4346 ostendit
1031 4307 1152 4346 esse
1192 4293 1356 4345 etiam
1404 4295 1539 4347 alias
1565 4295 1842 4362 justorum
1897 4309 2003 4347 non
2064 4295 2329 4363 perfecto-

769 4399 888 4436 rum
918 4384 1146 4437 animas.
1182 4382 1334 4449 Quod
1365 4385 1409 4437 si
1441 4384 1564 4452 quis
1589 4385 1815 4451 ambiglt
1838 4385 2056 4438 ubinam
2081 4385 2163 4439 hae
2194 4387 2324 4451 sint,

2393 1939 2604 2008 -ψυχαί;
2640 1939 2788 1991 Ἔδει
2818 1938 2925 2006 γάρ
2955 1936 3116 1990 αὐτὸν
3166 1935 3448 2001 ἄνθρωπον
3479 1933 3608 1984 ὅντα
3656 1931 3866 1997 λόγιον,
3905 1928 3975 1995 μὴ

2406 2029 2781 2084 ἐναντιοῦσθαι
2835 2026 3128 2098 προφανῶς
3182 2025 3324 2078 οῦτω
3374 2025 3485 2084 τοῖς
3538 2021 3690 2089 παρὰ
3735 2021 3847 2073 τῶν
3884 2019 3978 2085 τῆς

2419 2122 2745 2191 Ἐκκλησίας
2784 2120 3117 2174 διδασκάλων
3159 2116 3471 2185 εἰρημένοις
3497 2129 3514 2146 ⁸
3549 2114 3752 2182 μᾶλλον
3782 2112 3842 2163 δὲ
3890 2111 3980 2163 καὶ

2407 2213 2568 2275 αὐτὸς
2611 2210 2787 2281 ἑαυτῷ
2825 2211 3097 2276 ἀντιλέγει
3123 2224 3137 2240 ο
3170 2210 3228 2261 έν
3279 2207 3377 2275 μὲν
3416 2209 3482 2275 τῇ
3517 2204 3778 2272 ἐπιστολῇ
3814 2201 3978 2255 αὑτοῦ

2406 2308 2471 2372 τῇ
2505 2304 2812 2372 πεμφθείσῃ
2847 2306 2954 2364 τοῖς
3006 2296 3322 2369 ἁπανταχοῦ
3353 2299 3455 2365 γῆς
3493 2297 3588 2348 καὶ
3632 2295 3744 2348 τῶν
3773 2298 3977 2359 νήσων,

2409 2397 2653 2464 ἀρνεῖται
2686 2393 2963 2454 παντελῶς
3002 2394 3099 2458 τὴν
3131 2391 3238 2444 τῶν
3271 2390 3447 2455 ἁγίων
3487 2388 3821 2444 ἀπόλαυσιν,
3853 2383 3978 2435 ἔνθα

2411 2489 2583 2556 φησί·
2621 2487 2756 2539 ιΚαὶ
2805 2487 2966 2554 ήμεῖς
2992 2483 3114 2534 οὔτε
3141 2482 3266 2542 τοὺς
3322 2481 3507 2546 ἁγίους
3553 2477 3857 2530 ἀπολαϐεῖν
3891 2475 3983 2540 τὴν

2413 2578 2824 2649 ἡτοιμασμένην
2879 2576 3063 2636 αὐτοῖς
3113 2571 3388 2642 βασιλείαν
3439 2571 3531 2622 καὶ
3585 2569 3652 2619 τά
3688 2567 3980 2636 ἀπόρρητα

2412 2667 2614 2732 ἀγαθὰ,
2641 2664 2764 2717 οὔτε
2795 2664 2916 2724 τοὺς
2939 2661 3295 2731 ἁμαρτωλοὺς
3324 2661 3403 2721 εἰς
3426 2658 3524 2727 τὴν
3552 2657 3781 2723 γέενναν
3810 2659 3983 2722 ἐμπα-

2415 2761 2526 2810 σεῖν
2555 2758 2655 2826 ήδη
2687 2757 2871 2824 φαμέν
2895 2767 2909 2782 ⁶
2944 2752 3057 2805 ἀλλ’
3086 2749 3404 2818 ἐκδέχεσθαι
3433 2750 3523 2800 τὸν
3555 2749 3684 2800 ἴδιον
3717 2748 3981 2812 ἑκατέρου

2414 2850 2613 2916 κλῆρον
2637 2863 2653 2879 °
2681 2848 2774 2900 καὶ
2798 2842 2938 2896 εῖναι
2970 2841 3125 2895 τοῦτο
3157 2841 3348 2910 καιροῦ
3392 2839 3486 2891 τοῦ
3523 2839 3811 2908 μέλλοντος
3851 2838 3986 2904 μετὶ

2413 2935 2510 3003 τὴν
2543 2934 2831 2986 ἀνάστασιν
2860 2933 2952 2984 καὶ
2981 2933 3078 2998 τήν
3123 2930 3325 2998 κρίσιν.
3353 2946 3370 2978 t
3423 2929 3508 2980 ’Ev
3531 2927 3706 2994 τούτῳ
3759 2928 3886 2994 μὲν,
3917 2927 3987 2986 ὡς

2413 3027 2565 3095 ὁρᾷς,
2601 3025 2847 3092 φανερῶς
2879 3025 3121 3092 ἀρνεῖται
3153 3023 3251 3079 τὴν
3302 3021 3598 3073 ἀπόλαυσιν
3629 3018 3742 3070 τῶν
3795 3019 3986 3084 ἀγῐωι,

2415 3120 2473 3170 ὲν
2511 3118 2566 3170 δὲ
2590 3117 2666 3184 τῷ
2694 3117 2832 3184 λόγῳ
2861 3115 2938 3178 τῷ
2965 3113 3093 3182 παρ’
3118 3113 3284 3164 αὐτοῦ
3314 3111 3586 3174 ποιηθέντι
3615 3113 3696 3172 εἰς
3726 3111 3825 3179 τὴν
3858 3112 3991 3177 μκή-

2418 3228 2524 3278 μην
2553 3208 2644 3261 τοῦ
2684 3208 2840 3274 ἁγίου
2895 3205 3096 3266 Ἠλιοῦ,
3132 3204 3387 3273 ὁμολογεῖ
3433 3203 3738 3272 διαρρήδην
3794 3204 3991 3265 αὐτοὺς

2415 3299 2820 3367 ἀπολαμϐάνειν
2853 3301 2975 3360 τοὺς
3006 3298 3212 3364 ἁγίους,
3237 3297 3362 3348 ἔνθα
3385 3296 3530 3362 λέγει
3559 3312 3573 3325 ·
3608 3313 3626 3345 ε
3661 3297 3808 3362 Ἐγὼ
3842 3295 3888 3346 δ’
3914 3297 3991 3346 ὅτι

2418 3391 2516 3460 μὲν
2565 3391 2776 3454 ἔξεστιν
2825 3386 2996 3457 αὖτῷ,
3051 3387 3302 3454 καθάπερ
3357 3389 3601 3448 καὶτοῖς
3651 3387 3764 3438 τῶν
3822 3387 3992 3452 ἁγίων

2415 3483 2633 3550 ψυχαῖς,
2666 3483 2788 3534 ὅποι
2822 3480 2955 3538 ποτὶ
2997 3479 3246 3553 βούλεται
3295 3478 3434 3538 κατᾶ
3463 3481 3657 3552 κωρδν
3689 3479 3994 3546 ἔπεχε-ιριάο

2419 3574 2534 3635 ζειν
2565 3576 2711 3640 ναοῖς
2742 3590 2801 3630 τε
2840 3578 3062 3640 οἰκείοις
3109 3577 3528 3645 έμφιλοχωρεῖν,
3577 3577 3674 3628 καὶ
3707 3579 3823 3636 τοῖς
3868 3572 3993 3627 ἑκά-

2421 3686 2568 3721 στοτε
2614 3668 2885 3736 δεομένοις
2956 3669 3261 3738 ὲπιφοιτᾷν,
3311 3669 3602 3734 ἀναγκαῖόν
3633 3685 3690 3718 τε
3749 3666 3993 3734 ἠγοῦμαι

2421 3758 2514 3810 καὶ
2546 3757 2740 3824 ἀληθὲς
2784 3756 2943 3822 εἶναι,
2976 3759 3039 3812 οὐ
3086 3759 3193 3826 μὴν
3236 3759 3326 3812 διά
3351 3757 3526 3811 ταῦτα
3559 3757 3734 3825 φαίην
3763 3757 3831 3808 ἂν
3900 3757 3994 3807 αὖ·

2424 3848 2538 3912 τὸν,
2566 3849 2673 3900 τῶν
2699 3849 2942 3917 οὐρανῶν
2969 3849 3381 3910 ἀπολείπεσθαι,
3414 3849 3626 3914 καὶτῆς
3650 3849 3836 3899 ἐκεῖσε
3864 3848 3995 3910 λαμ-

2431 3940 2734 4008 προφορίας
2764 3941 2902 4009 μετά
2929 3939 3038 3991 τῶν
3069 3939 3316 4006 ἀγγέλων
3344 3939 3670 4006 δεσποτικής
3708 3939 3993 4004 παραστα-

2429 4047 2568 4093 σεως
2592 4050 2605 4062 ο
2627 4028 2661 4100 ἦ
2691 4031 2798 4099 γὰρ
2818 4031 2884 4084 ἀν
2908 4031 3128 4083 ἔλαττον
3155 4026 3300 4099 εῖχεν
3326 4031 3354 4084 ὁ
3381 4031 3518 4098 ὑπὲρ
3546 4031 3761 4090 πάντας
3788 4029 3994 4096 σχεδον,

2425 4124 2537 4188 εῖγε
2589 4122 2675 4174 διά
2705 4124 2766 4174 τὸ
2812 4122 2910 4191 τήν
2953 4122 3129 4191 σάρκα
3163 4123 3347 4190 φορεῖν
3391 4121 3696 4187 ἀφεστήκει
3753 4121 3855 4187 τῆς
3889 4120 3999 4187 μετ’

2431 4212 2610 4266 αὐτῶν
2645 4211 2955 4274 κοινωνίας,
2983 4213 3077 4264 καὶ
3104 4211 3203 4279 τῆς
3234 4211 3326 4264 τοῦ
3357 4209 3493 4262 Θεοῦ
3539 4209 3678 4278 πρὸς
3709 4213 4002 4278 πρόσωπον

2429 4303 2682 4372 θεωρίας,
2737 4298 2805 4370 ἧς
2851 4305 2945 4354 καὶ
2979 4303 3130 4372 παρά
3178 4302 3354 4354 πάντα
3403 4304 3494 4354 τὸν
3546 4304 3663 4371 βίον
3707 4303 4004 4371 ἐξαιρέτως

2429 4395 2795 4461 ἀπῄλαυσεν.»
2837 4394 3121 4462 Μαρτυρεῖ
3155 4409 3244 4461 μοι
3275 4393 3352 4461 τῷ
3388 4393 3552 4464 λόγῳ,
3584 4394 3682 4445 καὶ
3713 4394 3778 4445 τδ
3811 4398 3892 4455 εἰς
3917 4395 4006 4446 αὖ-

771 4477 826 4526 in
884 4474 1044 4525 tertio
1092 4473 1296 4526 decreti
1343 4473 1517 4541 capite
1565 4475 1698 4527 satis
1728 4489 1758 4528 a
1803 4474 1963 4528 nobis
1998 4489 2309 4542 responsum

2431 4480 2523 4532 τὸν
2556 4481 2706 4546 παρά
2758 4481 2855 4547 τῆς
2898 4480 3227 4549 Ἐκκλησίας
3279 4479 3561 4552 ᾀδόμενον,
3606 4480 3793 4544 οῦτως
3853 4484 4002 4551 ἔχιν·

770 4572 874 4628 est;
898 4578 996 4618 nec
1017 4562 1182 4618 semel
1213 4564 1356 4616 dicta
1381 4564 1670 4632 repetenda
1700 4572 1849 4628 sunt,
1874 4566 1963 4619 sed
1987 4575 2329 4622 revertamur

766 4670 834 4709 co
858 4655 1001 4708 unde
1031 4654 1258 4723 digressi
1293 4670 1502 4708 sumus.

2449 4588 2466 4620 t
2511 4569 2769 4637 Προφῆτα
2821 4569 2994 4638 κῆρυξ
3028 4570 3286 4636 Χριστοῦ,
3323 4569 3415 4622 τοῦ
3458 4570 3652 4638 θρόνου
3699 4573 3806 4640 τῆς
3851 4591 4010 4642 μεγαο

2441 4658 2686 4728 λωσύνης
2715 4659 2972 4712 οὐδέποτε
3018 4660 3226 4730 χωρίζῃ
3252 4677 3266 4692 ·
3302 4660 3394 4713 καὶ
3429 4662 3648 4728 ἑκάστῳ
3693 4664 4009 4716 ἀσθενοῦντι

766 4751 880 4818 ἀεὶ,
903 4749 1236 4817 παρίστασαι
1287 4751 1345 4803 ὲν
1390 4753 1502 4809 τοῖς
1538 4749 1780 4816 ὑψίστοις
1829 4749 2184 4816 λειτουργῶν,
2237 4749 2336 4816 τὴν
2369 4752 2700 4820 οἰκουμένην
2725 4751 2988 4818 εὐλογεῖς,
3028 4751 3304 4820 πανταχοῦ
3361 4751 3749 4822 δοξαζόμενος.
3786 4773 3806 4803 ε
3888 4757 4008 4806 Ἰδοὺ

766 4843 823 4893 ὲν
855 4841 1027 4908 τούτῳ
1063 4841 1330 4909 λαμπρῶς
1364 4843 1458 4894 καὶ
1482 4841 1795 4911 περιφανῶς
1829 4841 1928 4908 τῆς
1989 4840 2126 4910 πρὸς
2158 4842 2457 4910 πρόσωπον
2508 4843 2742 4912 θεωρίας
2787 4843 2880 4897 τοῦ
2945 4844 3104 4906 Θεοῦ,
3171 4845 3294 4906 τοὺς
3365 4844 3552 4910 ἁγίους
3602 4845 4010 4912 ἀποδαμεάνειν

765 4936 1194 5003 διιτχυρίζεται·
1242 4937 1454 4988 καὶτὸν
1486 4936 1640 5001 ἀγιον
1686 4936 1875 4988 Ἠλίαν
1913 4939 2008 4989 καὶ
2057 4937 2193 5006 μετά
2222 4937 2474 5008 σώματος
2506 4939 2602 5008 τῆς
2633 4939 2891 5008 τοιαύτης
2947 4938 3230 5006 ἀξιοῦσθαι
3297 4939 3529 5008 θεωρίας
3590 4942 3824 5006 φάσκει,
3884 4945 4009 5010 ὅπερ

768 5035 862 5084 καὶ
903 5034 1062 5083 πλέον
1101 5033 1192 5083 τοῦ
1226 5032 1434 5084 δικαίου
1485 5032 1650 5085 ἐστίν.
1685 5033 1745 5084 Εί
1791 5032 1883 5084 οὖν
1920 5031 2048 5084 ἀλλο
2081 5033 2133 5083 τί
2177 5035 2325 5085 ἐστιν
2364 5035 2397 5102 ή
2447 5035 2828 5103 ἡτοιμασμένη
2862 5033 3132 5102 βασιλεία,
3175 5037 3264 5087 καὶ
3336 5036 3400 5087 τὰ
3446 5035 3738 5104 ἀπόρρητα
3811 5039 3986 5104 ἀγαθά

769 5127 918 5194 παρά
968 5124 1063 5192 τὴν
1100 5124 1192 5175 τοῦ
1245 5124 1377 5174 Θεοῦ
1411 5125 1543 5186 προς
1592 5122 1880 5192 πρόσωπον
1934 5125 2188 5192 θεωρίαν,
2224 5096 2654 5194 δειξάτοίήμῖν·
2691 5096 2873 5178 -ἔσταιτ
2928 5127 3034 5197 γὰρ
3086 5125 3268 5194 ἐκείνη
3337 5096 3693 5193 μείξωεθ’τής
3767 5096 4010 5197 θεωρίας.

769 5214 934 5266 αὐτοῦ
982 5215 1072 5264 το)
1106 5213 1261 5268 Θεοῦ.
1311 5213 1450 5264 Ἀλλ’
1494 5214 1666 5275 οὐδεὶς
1705 5214 1813 5267 τῶν
1857 5215 2188 5267 διδασκάλων
2239 5216 2334 5284 τῆς
2382 5216 2706 5284 Ἐκκλησίας
2761 5218 2924 5287 μέχρι
2980 5219 3071 5270 καὶ
3121 5217 3359 5285 σήμερον
3418 5216 3562 5270 τοῦτ’
3633 5219 3882 5285 εἴρηκεν,
3937 5218 4010 5268 ὅτι

769 5307 883 5358 ἐστί
915 5323 966 5358 τι
1003 5306 1188 5372 μεῖζον
1238 5308 1317 5367 είς
1367 5307 1689 5364 ἀπόλαυσιν.
1723 5307 1822 5374 τῆς
1865 5307 1960 5358 τοῦ
1992 5307 2128 5359 Θεοῦ
2188 5307 2445 5376 θεωρίας.
2477 5311 2540 5360 '0
2570 5309 2626 5362 δέ
2655 5327 2819 5378 φησιν
2893 5311 2920 5362 ὁ
2989 5310 3161 5378 μέγας
3212 5310 3527 5378 Γρηγόριος,
3601 5311 3684 5362 ὅτι
3737 5312 3852 5362 εἰσὶ
3920 5311 4010 5377 μὲν

769 5401 995 5452 δικαίων
1024 5401 1182 5452 τινῶν
1217 5400 1407 5469 ψυχαὶ,
1441 5401 1642 5460 αἵτινες
1667 5403 1728 5453 ὲκ
1751 5402 1848 5469 τῆς
1881 5401 2204 5468 ἐπουρανίου
2267 5401 2548 5469 βασιλείας
2597 5403 2707 5454 τισὶ
2779 5402 2966 5470 μοναῖς
3012 5401 3335 5463 διίστανται,
3401 5403 3494 5453 καὶ
3559 5402 3642 5454 ὅτι
3699 5402 3816 5454 τῶν
3858 5418 4005 5461 τετε,

773 5493 1086 5561 λειωμένων
1111 5493 1331 5546 δικαίων
1372 5495 1426 5546 αῖ
1455 5491 1642 5561 ψυχαὶ,
1684 5493 1955 5544 δείκνυσιν
1981 5493 2062 5544 ὅτι
2102 5493 2208 5543 είσὶ
2238 5496 2328 5545 καὶ
2370 5553 2375 5557 _
2411 5492 2573 5544 τινῶν
2635 5495 2733 5560 μὲν
2781 5492 3005 5544 δικαίων
3065 5491 3270 5544 ἀτελῶν
3319 5491 3503 5558 ψυχαί.
3559 5490 3668 5543 Ποῦ
3749 5491 3812 5543 δέ
3866 5492 4014 5543 αὗταί

776 5587 936 5648 εἰςιν,
975 5585 1102 5648 ἴσως
1133 5587 1466 5654 ἀμφιϐάλλει
1514 5605 1618 5649 τις,
1651 5590 1708 5639 ὲν
1741 5587 1817 5655 τῷ
1864 5586 2340 5658 τρίτῳ,κεφαλαίῳ
2375 5587 2467 5640 τοῦ
2494 5588 2644 5655 ὅρου,
2677 5587 2875 5647 ῑκανῶς
2940 5587 3066 5654 περὶ
3092 5586 3280 5638 τούτου
3324 5586 3816 5654 ἀπελογησάμεθα,
3890 5589 4008 5640 ἔνθα

780 5681 1033 5746 περὶτῆς
1063 5681 1170 5732 τῶν
1209 5679 1397 5748 ψυχῶν
1429 5681 1750 5749 καθάρσεως
1784 5682 2014 5750 ἔφημεν,
2048 5682 2139 5733 καὶ
2171 5682 2231 5733 οὐ
2301 5684 2381 5735 δεῖ
2458 5682 2687 5734 ἐνταῦθα
2745 5681 2874 5747 περὶ
2923 5679 3027 5731 τῶν
3082 5680 3227 5743 ἅπαξ
3282 5681 3583 5751 εἰρημένων
3637 5681 4008 5749 παλιλλογεῖ-ι.

796 5773 933 5824 Ἀλλ’
963 5773 1084 5827 ὅθεν
1119 5771 1414 5843 ἐξήλθομεν
1455 5773 1615 5826 πάλιν
1653 5774 2092 5844 ἐπιστρέψωμεν.

611 5905 802 5973 ί’Ἆ
