4156 6420
184 402 303 467 1281

913 512 986 566 Δ’.

241 606 512 675 Θαυμάζω
540 604 720 657 τοίνυν
750 604 842 655 καὶ
872 602 1084 671 ἀπορῶ,
1115 602 1231 664 πῶς
1253 601 1358 653 είσί
1383 617 1522 661 τινες
1551 600 1724 662 οὕτως

174 698 494 768 ἀμελοῦντες
525 700 619 765 τῆς
649 696 901 764 ἀληθείας
932 697 1030 761 τῆς
1058 693 1315 754 πίστεως,
1342 692 1417 753 ὡς
1458 693 1532 761 μὴ
1565 692 1726 759 μόνον

175 792 234 842 οὗ
269 787 550 857 βούλεσθαι
587 790 796 853 μαυεῖν,
827 788 971 845 ὅπως
1006 784 1429 852 ἐπιστραφέντες
1455 783 1724 845 σωθῶσιν,

177 883 307 935 ἀλλὰ
341 882 433 932 καὶ
461 879 569 931 τῶν
604 878 870 941 κειμένων
902 876 958 927 ἐν
993 877 1100 936 τοῖς
1132 876 1295 942 ίεροῖς
1338 872 1445 924 τῶν
1474 873 1725 924 διδασκά-

175 975 277 1026 λιυν
313 972 535 1040 βιϐλίοις
568 969 858 1039 προφανῶς
894 968 1109 1035 φθορεῖς
1145 968 1390 1032 ἐγένοντο
1414 981 1427 993 ·
1476 968 1568 1015 καὶ
1602 964 1725 1015 οὕτε

176 1065 348 1124 καλῶς
382 1061 611 1122 νοοῦσιν,
663 1058 777 1112 οὔτ’
810 1058 1027 1110 ἀκούειν
1080 1057 1354 1125 βούλονται
1406 1056 1471 1123 ἣν
1511 1055 1727 1123 ἔχουσιν

175 1156 220 1206 οί
254 1152 560 1205 διδάσκαλοι
610 1150 764 1213 δόξαν
819 1149 947 1217 περὶ
999 1148 1099 1215 τῆς
1135 1148 1320 1216 κοινῆς
1369 1147 1571 1212 ταύτης
1620 1145 1727 1196 τῶν

176 1244 512 1312 Χριστιανῶν
559 1242 891 1311 ὁμολογίας’
942 1240 1076 1292 ἀλλὰ
1137 1241 1294 1307 μόνον
1352 1238 1554 1306 μικράν
1610 1255 1728 1290 τινα

178 1336 366 1403 ρανίδα
419 1332 673 1395 λαϐόντες
708 1334 932 1398 ἄγουσιν
982 1331 1211 1399 ἀπορίας
1250 1330 1362 1382 ἄνω
1399 1331 1490 1382 καὶ¹
1537 1330 1722 1382 κάτω·

177 1426 267 1475 καὶ
295 1422 510 1476 δοκοῦσί
539 1439 661 1474 τινα
700 1422 920 1488 γενναῖα
952 1420 1142 1487 φέρειν
1186 1424 1248 1471 ἐκ
1282 1418 1378 1487 τῆς
1414 1420 1593 1472 αὐτῶν
1618 1437 1730 1472 κοι-

175 1515 293 1575 λίας
322 1514 457 1581 πρὸς
499 1512 809 1580 ἀνατροπὴν
838 1510 933 1577 τῆς
967 1509 1256 1575 ἀληθείας;
1292 1508 1328 1562 ὃ.
1371 1508 1474 1577 πρὸ
1503 1507 1729 1569 τούτων,

176 1604 225 1656 οί
256 1601 561 1654 διδάσκαλοι
605 1601 929 1669 προσθέντες
956 1600 1222 1652 διέλυσαν
1253 1600 1429 1666 λόγοις
1473 1602 1563 1651 καὶ
1596 1615 1729 1664 συγ-

175 1692 414 1758 γραφαῖς
434 1706 447 1718 ·
481 1689 540 1753 ἐξ
570 1684 643 1743 ὧν
671 1691 878 1757 ταχέως
911 1688 1223 1755 ἐλέγχονται
1252 1688 1302 1739 οι
1337 1689 1447 1740 νέοι
1473 1688 1731 1754 δογματι-

175 1784 320 1836 σταί.
361 1783 510 1835 Ἔδει
569 1781 678 1850 γὰρ
729 1781 922 1840 αὐτοὺς
982 1778 1204 1847 θεωρεῖν
1252 1780 1347 1831 καὶ
1400 1778 1728 1830 σκέπτεσθαι

173 1879 316 1946 ᾶπερ
339 1878 385 1929 οί
415 1876 559 1941 ἅγιοι
599 1871 814 1937 λέγουσι
846 1871 939 1924 καὶ
986 1871 1295 1940 ὑποχωρεῖν
1330 1869 1535 1933 αὐτοῖς,
1567 1870 1623 1921 ἐν
1648 1864 1728 1930 οἷς

172 1968 411 2035 λέγουσι,
462 1967 551 2030 Μὴ
580 1962 799 2033 εὑροῦσι
851 1962 909 2015 δὲ
968 1960 1267 2030 θεραπείαν
1319 1961 1379 2012 ὲν
1413 1963 1523 2022 τοῖς
1577 1960 1729 2028 παρὰ

171 2058 280 2108 τῶν
317 2057 484 2122 ἁγίων
533 2056 844 2122 εἰρημένοις
893 2054 948 2104 ἐν
1000 2047 1081 2113 οἷς
1132 2050 1553 2118 ἁμφιϐἀλλουσι,
1609 2050 1725 2102 τότε

170 2147 302 2214 ἐξῆν
338 2147 515 2207 αὐτοῖς
569 2148 817 2213 ἀπορεῖν,
854 2144 1009 2210 εἴπερ
1044 2143 1138 2194 καὶ
1190 2142 1477 2195 δύνανται*
1511 2142 1572 2193 οὑ
1625 2144 1731 2209 μὴν

167 2238 228 2291 δὲ
259 2240 482 2304 ἀπορεῖν
509 2239 633 2304 περὶ
670 2237 778 2287 τῶν
806 2236 903 2305 ήδη
944 2235 1249 2304 είρημένων
1282 2253 1336 2286 τε
1368 2234 1460 2287 καὶ
1492 2250 1732 2299 σεσαφη-

168 2330 457 2397 νισμένων.
504 2329 596 2388 Τίς
625 2328 680 2379 δέ
714 2330 860 2378 ἐστιν
907 2328 939 2396 ή
981 2326 1268 2395 θαυμαστὴ
1305 2326 1483 2377 αὐτῶν
1529 2326 1729 2394 ἀπορία

167 2422 238 2487 ἣν
272 2421 401 2487 ἡμῖν
452 2419 806 2487 προφέρουσι,
852 2419 947 2469 καὶ
992 2418 1197 2487 σφόδρα
1255 2419 1727 2487 μεγαλαυχοῦσιν;

168 2508 243 2560 Ὠ
283 2509 577 2574 καθολικοὶ,
616 2511 731 2574 ἐὰν,
756 2511 829 2571 ὼς
879 2510 1087 2576 λέγετε,
1134 2509 1228 2561 νῦν
1276 2510 1731 2577 ἀπολαμϐάνωσιν

169 2602 230 2654 αἱ
258 2598 427 2671 ψυχαὶ
460 2600 567 2652 τῶν
620 2600 865 2665 δικαίων,
902 2602 1068 2669 μήπω
1118 2601 1414 2669 γενομένης
1456 2601 1549 2667 τῆς
1600 2601 1732 2652 ἀνα-

172 2693 439 2756 στάσεως,
490 2692 748 2760 περισσόν
796 2694 910 2743 ἐστι
964 2693 1211 2759 γενέσθαι
1265 2692 1364 2762 τὴν
1415 2694 1728 2757 ἀνάστασιν,

170 2784 270 2834 καὶ
298 2786 387 2835 τὸν
421 2784 610 2853 κριτὴν
641 2784 732 2835 ἐπὶ
763 2784 954 2852 θρόνου
983 2784 1223 2846 καθίσαι,
1254 2786 1347 2836 καὶ⁵
1376 2786 1558 2853 κρίσιν
1580 2788 1734 2854 ποιῆ-

174 2892 308 2926 σαι·
360 2877 409 2927 τί
441 2876 495 2927 δέ
551 2878 642 2928 καὶ
696 2876 954 2943 λήψονται
1007 2876 1148 2939 τότε,
1195 2878 1242 2929 εί
1276 2876 1371 2928 νῦν
1419 2878 1729 2944 ἀπέλαϐον;

173 2966 288 3016 Καὶ
320 2966 476 3033 ἡμεῖς
511 2966 646 3031 πρὸς
681 2964 879 3024 αὐτούς
902 2980 916 2995 ο
950 2965 1241 3018 Καθολικεί
1282 2968 1468 3033 ἐσμεν,
1511 2969 1603 3019 καὶ
1631 2984 1732 3018 κα-

172 3055 383 3107 θολικοὶ
444 3056 747 3125 βουλόμεθα
785 3056 1058 3122 λέγεσθαι,
1088 3059 1136 3109 εἰ
1173 3059 1264 3110 καὶ
1296 3058 1454 3126 ὑμεῖς
1480 3058 1539 3110 τὸ
1566 3057 1735 3125 ὄνομα

170 3145 334 3198 τοῦτο
383 3146 503 3199 κατ’
551 3149 833 3213 εἰρωνείαν
887 3149 1017 3216 ἡμῖν
1076 3150 1400 3217 προφέρετε,
1439 3151 1531 3202 καὶ
1577 3148 1734 3217 ὓϐριν

169 3237 454 3303 λογίζεσθε
478 3253 491 3266 ·
527 3238 876 3301 πιστεύοντες
905 3245 1012 3305 γὰρ
1043 3242 1119 3300 εἰς
1165 3240 1292 3308 μίαν
1334 3240 1493 3305 ἁγίαν
1525 3241 1738 3292 καθολι-

170 3330 282 3394 κὴν
316 3329 408 3379 καὶ
435 3328 800 3396 ἁποστολικὴν
847 3329 1192 3398 Ἐκκλησίαν,
1229 3330 1503 3382 καθολικοί
1544 3333 1731 3399 ἐσμεν,

168 3422 271 3468 καὶ
300 3418 571 3487 λεγόμεθα
596 3436 611 3450 ’
642 3419 736 3471 καὶ
767 3419 892 3481 τοὺς
926 3420 1000 3489 μὴ
1039 3420 1361 3487 λεγομένους
1394 3420 1734 3484 καθολικοὺς,

168 3511 300 3579 ἢτοι
332 3512 451 3569 τοὺς
487 3512 559 3578 μὴ
592 3512 889 3578 ἑπομένους
921 3512 1082 3580 αὐτῇ,
1115 3513 1502 3579 σχισματικοὺς
1549 3512 1740 3564 καλοῦ-

170 3619 304 3673 μεν,
354 3602 467 3661 καὶ.
502 3596 677 3671 οἶμαι,
729 3602 971 3659 δικαίως.
1005 3603 1146 3670 Πρὸς
1171 3600 1264 3654 οὖν
1318 3600 1417 3670 τὴν
1470 3602 1739 3670 ἐρώτησιν

172 3696 335 3763 ὑμῶν
366 3711 566 3760 φαμεν,
594 3694 669 3752 ὡς
702 3695 749 3745 εί
790 3694 998 3763 ὑπῆρχε
1030 3694 1188 3761 καινὴ
1213 3694 1244 3762 ἡ
1269 3692 1533 3761 ἐρώτησις
1558 3694 1734 3761 ὑμῶν,

170 3788 459 3855 ἐδώκαμεν
487 3787 551 3838 ἂν
582 3786 676 3854 τὴν
719 3785 1015 3851 ἀπολογίαν
1061 3786 1156 3852 ἀφ’
1189 3785 1363 3853 ἡμῶν,
1397 3784 1471 3845 ὡς
1508 3786 1539 3853 ἡ
1583 3784 1740 3835 δύνα-

172 3896 274 3944 μις
302 3894 313 3905 ·
353 3879 469 3927 ἐπεὶ
496 3877 553 3927 δὲ
584 3878 648 3945 ἣν
681 3877 835 3944 ὑμεῖς
867 3878 1089 3937 ποιεῖτε,
1122 3876 1216 3927 καὶ
1262 3874 1408 3927 ἄλλοι
1451 3874 1556 3942 πρὸ
1587 3871 1740 3939 ὑμῶν

171 3946 619 4036 πεποίηνται,ὀὺ
652 3968 808 4035 χρεία
840 3969 970 4031 περὶ
997 3961 1070 4018 ὧν
1097 3966 1145 4017 οἱ
1171 3965 1479 4018 διδάσκαλοι
1510 3963 1737 4031 ἥψαντο,

172 4065 279 4115 καὶ
312 4062 407 4127 τὴν
441 4060 733 4124 ἀπολογίαν
768 4059 1049 4111 ἀπέδωκαν
1083 4058 1156 4119 ὡς
1186 4060 1321 4121 ἐνὸν,
1366 4058 1514 4124 ἡμᾶς
1542 4055 1739 4106 ἀπολο-

169 4155 394 4219 γεῖσθαι
444 4150 727 4217 τολμηρῶς
784 4151 925 4202 οὕτω
976 4150 1067 4201 καὶ
1121 4149 1388 4210 ἀναιδῶς*
1444 4147 1556 4200 ἀλλ’
1606 4148 1740 4215 ὅπερ

168 4249 379 4298 ἐκεῖνοι
406 4244 693 4306 ἐξέδωκαν,
727 4242 857 4292 αὐτὸ
890 4241 981 4293 καὶ
1007 4242 1164 4309 ἡμεῖς
1202 4239 1604 4307 προσθήσομεν.
1636 4238 1742 4288 Πέ-

166 4357 307 4406 τρος
336 4339 439 4405 γὰρ
471 4340 497 4388 ὁ
546 4334 1046 4405 προμνημονευθεὶς
1093 4332 1465 4400 ἁρχιδιάκονος
1511 4331 1608 4397 τῆς
1645 4347 1742 4398 με-

171 4431 357 4497 γάλης
400 4428 722 4494 Ἐκκλησίας
748 4427 880 4493 πρὸς
910 4424 1000 4474 τὸν
1044 4423 1217 4489 μέγαν
1244 4421 1504 4489 ἀρχιερέα
1541 4420 1743 4487 Γρηγό-

606 401 762 461 PRO
800 398 1017 461 CONC.
1050 396 1419 457 FLORENT.
1468 395 1628 457 CAP.
1657 395 1754 456 IV.
1793 398 1891 456 DE
1936 392 2364 456 FRUITIONE
2405 395 2891 461 SANCTORUM.

1752 508 1801 568 Α

3254 402 3390 465 1282

2567 508 2654 564 IV.

1894 601 2148 656 Admiror
2200 602 2364 670 igitur
2396 611 2448 654 et
2490 602 2675 656 dubito
2716 618 2824 671 quo
2857 612 3014 673 pacto
3048 605 3389 671 reperiantur

1826 694 2042 760 quidam
2077 694 2211 746 adeo
2235 694 2478 747 veritatis
2506 694 2624 746 fidei
2660 696 3012 765 negligentes,
3042 706 3099 749 ut
3133 712 3237 749 non
3275 706 3389 749 tan-

1830 795 1941 838 ttnn
1976 802 2081 839 non
2121 786 2328 840 discere
2360 787 2545 849 velint,
2573 798 2632 840 ut
2668 789 2919 842 conversi
2950 788 3254 851 salventur,
3294 804 3389 842 ve-

1829 892 1947 928 rum
1976 878 2137 930 etiam
2170 891 2361 931 eorum
2408 893 2529 945 quae
2562 893 2591 930 a
2620 878 2793 932 sacris
2823 880 3140 935 doctoribus
3184 882 3388 949 scripta

1828 979 1973 1031 sunt,
2008 979 2189 1035 aperte
2227 979 2575 1038 corruptores
2639 971 2985 1024 exstiterint:
3012 972 3102 1040 qui
3156 987 3257 1025 nec
3302 988 3392 1026 re-

1830 1074 1920 1114 cte
1958 1062 2306 1129 intelligunt,
2366 1078 2541 1129 neque
2595 1063 2782 1117 audire
2839 1064 3165 1117 sententiam
3206 1065 3395 1117 volunt

1830 1167 1990 1219 quam
2028 1153 2279 1207 doctores
2327 1152 2525 1205 habent
2572 1168 2738 1220 super
2767 1153 2869 1207 hac
2915 1156 3189 1207 communi
3224 1153 3387 1209 Chri-

1830 1242 2125 1295 stianornm
2166 1241 2535 1295 confessione.
2573 1243 2678 1295 Sed
2728 1244 2979 1311 exiguam
3030 1252 3237 1296 tantum
3275 1246 3390 1298 stil-

1831 1332 1933 1384 lam
1960 1332 2027 1385 ab
2052 1332 2118 1385 iis
2146 1332 2485 1395 haurientes,
2515 1346 2732 1386 sursum
2760 1334 3013 1387 deorsum
3037 1332 3386 1388 difﬁcultates

1832 1425 2059 1477 miscent
2099 1440 2163 1477 ex
2197 1438 2295 1477 suo
2326 1439 2511 1485 sensu,
2562 1426 2946 1478 existimantes
2992 1426 3204 1494 egregie
3238 1441 3387 1492 quaa-

1831 1519 1952 1568 tlam
1986 1517 2051 1568 ad
2089 1517 2426 1570 eversionem
2462 1518 2707 1570 veritatis
2738 1518 2956 1579 all'erre,
2983 1532 3118 1581 quas
3149 1528 3271 1571 ante
3291 1519 3391 1570 hos

1833 1606 2049 1672 scriptis
2090 1612 2144 1659 et
2194 1607 2347 1662 libris
2380 1608 2541 1660 editis
2582 1608 2841 1663 doctores
2890 1608 3285 1671 dissolverunt,
3321 1623 3387 1660 ex

1832 1699 2030 1765 quibus
2058 1698 2239 1751 statim
2287 1697 2340 1749 hi
2396 1700 2517 1752 novi
2551 1698 2888 1767 dogmatistze
2923 1701 3326 1765 redarguuntur
3376 1715 3388 1751 :

1835 1805 1957 1842 nam
1987 1804 2080 1844 eos
2100 1790 2285 1843 videre
2309 1799 2362 1843 et
2388 1790 2735 1843 considerare
2762 1790 3040 1857 oportebat
3071 1806 3189 1856 quae
3219 1790 3389 1845 sancti

1836 1881 2047 1944 dicunt,
2085 1889 2136 1932 et
2173 1896 2362 1935 eorum
2416 1882 2579 1934 dictis
2622 1880 2989 1948 acquiescere.
3039 1881 3192 1946 Quod
3244 1884 3287 1936 si
3339 1884 3392 1936 in

1836 1984 2151 2028 sanctorum
2180 1973 2361 2034 dictis,
2397 1973 2449 2025 in
2483 1973 2683 2040 quibus
2727 1976 3046 2028 sententiam
3080 1977 3349 2029 alternant
3378 2018 3393 2038 ,

1837 2067 2167 2121 curationem
2196 2082 2300 2119 non
2350 2065 2689 2120 invenissent
2722 2106 2735 2129 ,
2773 2080 2902 2121 tunc
2932 2069 3148 2121 demum
3198 2070 3393 2124 licebat

1837 2158 1916 2210 eis
1952 2158 2314 2211 dubitationes
2346 2156 2541 2210 aﬂerre
2573 2157 2640 2225 (si
2675 2168 2850 2211 tamen
2887 2160 2935 2211 id
2974 2159 3258 2226 possent);
3294 2176 3393 2213 nec

1840 2264 1960 2301 vero
1990 2249 2264 2314 ambigere
2289 2249 2354 2300 de
2382 2248 2464 2300 Itis
2499 2248 2745 2309 decebat,
2780 2264 2899 2314 quge
2932 2258 3089 2303 antea
3118 2249 3393 2317 diSputata

1835 2349 1887 2392 et
1928 2338 2197 2391 declarata
2236 2346 2383 2391 sunt.
2421 2336 2488 2389 At
2524 2338 2824 2406 qualisnam
2862 2350 2941 2394 est
2977 2357 3163 2394 eorum
3215 2343 3389 2393 admi-

1838 2429 2025 2481 rabilis
2058 2427 2283 2494 qnazstio
2314 2443 2472 2494 quam
2505 2429 2657 2482 nobis
2682 2430 2943 2495 objiciunt
2969 2432 3161 2483 mirum
3197 2430 3249 2483 in
3285 2449 3391 2483 mo-

1837 2520 1963 2572 dum
1984 2518 2334 2584 jactabuudi?
2355 2516 2398 2570 Ο
2424 2518 2698 2579 catholici,
2730 2520 2796 2581 si,
2819 2530 2874 2572 ut
2902 2535 2995 2573 vos
3024 2520 3227 2585 dicitis,
3252 2538 3394 2575 nunc

1834 2611 2104 2679 jUstorum
2158 2612 2350 2661 animae
2400 2619 2523 2661 ante
2579 2610 3032 2664 resurrectionem
3084 2614 3393 2681 recipiunt,

1839 2715 2238 2769 supervacanea
2280 2708 2361 2754 est
2390 2700 2719 2753 resurrectio
2748 2708 2803 2754 et
2840 2701 3123 2769 judicium,
3149 2713 3201 2754 et
3232 2718 3396 2770 super

1839 2794 2030 2846 throno
2062 2806 2345 2855 assessus,
2381 2800 2433 2845 et
2482 2791 2677 2859 judicii
2726 2794 3065 2849 constitutio.
3102 2793 3241 2857 Quid
3280 2803 3391 2847 tum

1839 2881 2115 2949 recipient,
2150 2880 2193 2934 si
2229 2895 2370 2933 nunc
2410 2883 2769 2949 receperunt?
2801 2881 3005 2947 Quibus
3040 2899 3136 2937 nos
3166 2899 3390 2953 respon-

1839 2973 2049 3037 demus,
2082 2972 2344 3026 Catholici
2378 2988 2569 3026 snmus
2600 2982 2652 3027 et
2691 2975 2943 3028 catholici
2976 2975 3079 3028 dici
3118 2978 3390 3040 volumus;

1840 3071 1893 3116 et
1919 3064 1963 3115 si
1996 3064 2047 3115 in
2078 3062 2461 3116 contumeliam
2498 3063 2600 3117 hoc
2636 3078 2828 3117 nomen
2865 3065 3019 3118 nobis
3052 3064 3312 3133 objicitis,
3341 3078 3394 3119 et

1762 3170 1808 3232 ς
1841 3153 2093 3222 injuriam
2125 3154 2276 3208 nobis
2309 3153 2511 3207 inferre
2542 3154 2878 3208 arbitramini
2906 3169 2920 3205 :
2944 3155 3226 3209 credentes
3247 3157 3391 3208 enim

1843 3261 2001 3298 unam
2038 3255 2279 3298 sanctam
2310 3254 2362 3298 et
2396 3246 2755 3313 apostolicam
2784 3245 3110 3308 Ecclesiam,
3135 3247 3389 3300 catholici

1841 3350 2031 3390 sumus
2064 3345 2118 3388 et
2144 3334 2512 3403 appellamur;
2550 3335 2640 3401 qui
2678 3335 2928 3389 catholici
2972 3351 3077 3388 non
3110 3347 3390 3399 vocantur,

1840 3425 1953 3480 sive
1976 3426 2065 3494 qui
2099 3441 2213 3477 eam
2242 3440 2348 3477 non
2374 3435 2700 3493 sequuntur,
2738 3426 3115 3479 schismaticos
3136 3425 3393 3489 dicimus,

1840 3532 1902 3570 ac
1938 3518 2081 3586 jure,
2118 3524 2174 3568 ut
2199 3514 2454 3568 arbitror.
2494 3515 2571 3567 Ad
2600 3514 3075 3582 interrogationem
3106 3515 3269 3584 igitur
3298 3531 3395 3568 ve-

1841 3619 2011 3664 stram
2044 3607 2295 3669 dieimus,
2339 3606 2480 3674 quod
2524 3605 2569 3659 si
2606 3619 2741 3657 nova
2775 3612 2919 3658 esset
2954 3616 3128 3657 vestra
3162 3606 3393 3659 interro-

1840 3696 2004 3763 gatio,
2035 3708 2132 3762 pro
2178 3692 2386 3745 viribus
2435 3691 2637 3745 nostris
2678 3694 3083 3759 respoosionem
3119 3694 3394 3746 attulisse-

1840 3800 1960 3837 mus
1994 3800 2006 3835 :
2041 3784 2132 3837 sed
2160 3783 2413 3851 quoniam
2442 3784 2583 3849 quod
2620 3797 2713 3834 vos
2744 3781 2919 3835 facitis
2949 3792 3002 3834 et
3032 3784 3120 3835 alii
3148 3795 3270 3835 ante
3301 3799 3394 3835 vos

1839 3882 2086 3940 egerunt,
2118 3889 2221 3924 non
2257 3888 2393 3941 opus
2425 3881 2528 3935 est,
2557 3888 2676 3939 qua:
2707 3870 2959 3923 doctores
2985 3871 3305 3939 attigerunt,
3344 3880 3394 3922 et

1842 3965 2225 4032 responsiones
2255 3972 2313 4015 ut
2344 3964 2542 4016 decens
2578 3972 2697 4014 erat
2728 3961 3065 4014 tradiderunt
3091 3999 3105 4022 ,
3137 3976 3232 4012 nos
3262 3960 3395 4013 adeo

1841 4058 2104 4109 audacter
2134 4063 2184 4108 et
2218 4054 2473 4121 pertricta
2510 4053 2687 4106 fronte
2729 4055 3074 4119 respondere.
3116 4050 3218 4104 Sed
3250 4054 3392 4117 quod

1843 4147 1878 4200 ii
1906 4145 2211 4208 ediderunt,
2245 4145 2477 4212 itlipsum
2508 4153 2559 4197 et
2587 4158 2686 4195 nos
2711 4142 3085 4207 adjungemus.
3130 4142 3259 4193 Nam
3299 4143 3397 4194 Pe-

1844 4246 1982 4299 trus,
2028 4236 2284 4289 Ecclesiae
2334 4250 2538 4303 magna:
2590 4233 3027 4294 archidiaconus,
3076 4242 3132 4283 ut
3166 4241 3319 4284 antea
3368 4248 3394 4283 a

1844 4326 1999 4379 nobis
2026 4325 2325 4390 expositum
2358 4332 2463 4384 est,
2495 4336 2687 4387 magno
2714 4318 2953 4386 pontifici
2994 4316 3251 4384 Gregorio
3276 4316 3396 4369 Dia-

1843 4414 1985 4481 logo,
2021 4413 2162 4465 hanc
2195 4426 2353 4477 quam
2387 4409 2441 4461 in
2473 4410 2756 4476 praesentia
2791 4422 2885 4459 vos
2920 4406 3393 4473 interrogationem

172 4494 303 4592 ριον
328 4520 418 4572 τὸν
450 4519 728 4585 Διάλογον,
763 4516 963 4584 ταύτην
990 4516 1055 4583 ἣν
1087 4516 1243 4581 ὑμεῖς
1282 4513 1377 4565 νῦν
1410 4511 1737 4579 προϐάλλετε

1845 4503 2173 4573 proponitis,
2202 4500 2448 4554 eamdem
2493 4499 2537 4551 is
2567 4499 2664 4565 ipsi
2699 4496 2843 4551 fecit.
2865 4494 2995 4548 Nam
3023 4497 3092 4546 ita
3126 4496 3178 4548 in
3206 4498 3395 4548 eodem

162 4609 473 4679 ἐρώτησιν,
498 4609 668 4675 αὐτὴν
701 4608 792 4659 καὶ
837 4605 997 4666 αὐτὸς
1047 4605 1180 4671 πρὸς
1211 4603 1371 4654 αὑτὸν
1402 4602 1694 4671 πεποίηται
1722 4616 1737 4631 '

163 4701 330 4767 λέγει
354 4700 458 4767 γὰρ
502 4697 596 4749 ὡδὶ
628 4699 683 4749 ἐν
731 4697 808 4764 τῷ
853 4694 1002 4763 αὑτῷ
1032 4695 1369 4763 βιϐλίῳστῶν
1417 4698 1739 4763 Διαλόγων.

166 4792 393 4857 Πέτρου
452 4788 739 4858 ἐρώτησις.
777 4804 795 4836 ι
846 4786 970 4837 Ἐὰν
1019 4787 1112 4836 νῦν
1145 4788 1202 4836 ἐν
1228 4786 1306 4852 τῷ
1352 4786 1565 4855 οὖρανῷ
1602 4789 1739 4837 είσιν

164 4882 233 4933 al.
292 4877 454 4945 ψυχαὶ
492 4877 597 4928 τῶν
625 4876 867 4941 δικαίων,
920 4876 971 4927 τί
1004 4876 1148 4926 ἐστιν
1188 4876 1325 4943 ὅπερ
1356 4876 1412 4926 ἐν
1442 4878 1508 4945 τῇ
1561 4876 1741 4943 ἡμέρᾳ

163 4974 280 5037 τῆς
319 4973 546 5036 κρίσεως
568 4968 853 5035 μέλλουσιν
883 4966 1175 5019 ἀπολαϐεῖν
1198 4982 1246 5032 ;›
1285 4966 1583 5035 Γρηγορίου
1612 4965 1744 5017 ἀπό-

169 5076 390 5129 κρισις.
422 5058 618 5109 ιΤοῦτο
646 5059 828 5120 αὐτοῖς
846 5062 903 5111 ἐν
931 5062 995 5127 τῇ
1025 5059 1202 5127 κρίσει
1232 5058 1544 5125 θαυμασίως
1574 5058 1745 5124 ὑπάρο

169 5150 264 5213 ξει
302 5165 313 5176 ·
352 5150 444 5199 νῦν
486 5150 592 5217 γὰρ
627 5149 733 5199 τῶν
762 5149 951 5217 ψυχῶν
1006 5150 1201 5215 μόνων,
1237 5150 1357 5199 τότε
1400 5148 1455 5199 δὲ
1506 5149 1599 5199 καὶ
1638 5148 1744 5199 τῶν

170 5238 460 5305 σωμάτων
489 5238 586 5303 τὴν
634 5240 1009 5307 μακαριότητα
1048 5240 1438 5307 ἀπολήψονται.
1481 5239 1641 5290 Ὥστε
1689 5241 1745 5290 ἐν

160 5330 324 5395 αὐτῇ
357 5331 419 5395 τῇ
458 5328 619 5396 σαρκὶ
665 5328 858 5389 αὐτοὺς
898 5328 1351 5397 ἁγαλλιασθήναι,
1386 5331 1442 5379 ὲν
1549 5328 1744 5388 πόνους

166 5418 333 5483 ὑπὲρ
364 5417 600 5485 Χρ;στοῦ
632 5421 724 5471 καὶ
761 5419 1024 5488 βασάνους
1058 5419 1378 5487 ὑπέμειναν.
1411 5408 1522 5470 Διᾶ
1538 5419 1743 5485 ταύτην

166 5509 299 5573 γὰρ
327 5508 421 5575 τὴν
451 5506 639 5575 διπλῆν
665 5509 843 5560 αὐτῶν
887 5510 1064 5575 δόξαν,
1098 5512 1153 5561 ἐν
1182 5513 1247 5580 τῇ
1289 5514 1357 5579 γῇ
1392 5510 1529 5576 ὑπὲρ
1565 5508 1744 5563 αὐτῶν

165 5599 532 5665 γέγραπται⁸
588 5599 911 5653 Διπλασίονα
969 5602 1382 5671 νεμηθὴσονται.
1435 5601 1539 5653 Καὶ
1588 5599 1745 5652 τοῦτο

305 5767 351 5800 ⁸⁷
377 5768 479 5824 lsa.
515 5785 624 5836 ut,
655 5774 706 5826 7.

1844 4596 1984 4648 libro
2012 4592 2355 4660 Dialogorum
2397 4587 2586 4643 scribit
2620 4588 2715 4643 lib.
2748 4602 2821 4652 tv,
2850 4602 2969 4653 cap.
3001 4586 3071 4638 25
3098 4602 3110 4637 :
3150 4584 3291 4640 Petri
3320 4590 3401 4639 in-

1846 4684 2135 4751 terrogatio
2168 4698 2180 4732 :
2213 4700 2231 4731 ι
2269 4679 2325 4732 Si
2357 4679 2518 4747 igitur
2552 4692 2692 4730 nunc
2744 4687 2873 4730 sunt
2925 4678 2980 4729 in
3029 4678 3168 4730 caelo
3203 4677 3399 4730 anima:

1842 4773 2135 4841 justorum,
2165 4772 2292 4839 quid
2330 4781 2411 4824 est
2444 4769 2587 4837 quod
2630 4768 2681 4820 in
2717 4767 2803 4820 die
2833 4765 3021 4834 judicii
3059 4781 3154 4833 pro
3179 4767 3403 4832 justitia:

1844 4880 1954 4920 sua:
2006 4865 2361 4917 retributione
2396 4860 2692 4927 recipient?
2733 4878 2750 4909 ι
2786 4859 3033 4926 Gregorii
3065 4860 3346 4926 responsio
3381 4873 3400 4913 ‘.

1850 4975 1867 5006 ι
1904 4954 2018 5009 Hoc
2042 4956 2121 5008 eis
2154 4954 2408 5006 nimirum
2461 4952 2658 5005 crescit
2705 4951 2757 5003 in
2799 4951 3027 5016 judicio,
3064 4951 3205 5018 quod
3260 4965 3403 5001 nunc

1841 5046 2143 5098 animarum
2208 5041 2617 5103 tantummodo,
2670 5040 3014 5107 postmodum
3063 5054 3189 5092 vero
3238 5041 3400 5092 etiam

1843 5151 2127 5205 c0rporutn
2163 5134 2494 5187 beatitudine
2521 5132 2885 5200 perfruentur,
2923 5139 2978 5183 ut
3026 5131 3079 5183 in
3129 5130 3241 5198 ipsa
3266 5145 3403 5198 quo-

1843 5244 1949 5297 que
1997 5241 2161 5279 carne
2206 5223 2481 5292 gaudeant
2527 5225 2579 5277 in
2626 5238 2731 5292 qua
2784 5223 3001 5275 dolores
3034 5236 3131 5289 pro
3167 5221 3401 5273 Domino

1842 5318 2225 5383 cruciatusque
2259 5314 2610 5383 pertulerunt.
2665 5332 2684 5363 ι
2731 5313 2834 5367 Pro
2872 5312 2972 5365 hac
2998 5314 3197 5380 quippe
3238 5314 3406 5379 gemi-

1842 5422 1965 5464 nata
1995 5422 2180 5461 eorum
2208 5406 2378 5474 gloria
2414 5405 2675 5473 scriptum
2712 5415 2791 5457 εει
2824 5422 2838 5457 z
2870 5420 2887 5452 ι
2921 5400 2978 5454 1η
3007 5412 3149 5455 terra
3182 5416 3278 5454 sua
3304 5402 3406 5453 du-

1845 5501 2003 5570 plicia
2038 5499 2395 5569 possidebunt
2426 5495 2493 5549 ".
2542 5514 2561 5548 ι
2605 5495 2740 5549 llinc
2784 5495 2946 5549 etiam
2993 5502 3117 5547 ante
3160 5508 3403 5547 resurre-

1846 5596 2045 5652 ctionis
2081 5594 2226 5649 diem
2256 5593 2324 5649 de
2357 5601 2671 5647 sanctorum
2700 5591 2984 5644 animabus
3002 5593 3256 5654 scriptum
3281 5593 3397 5638 est:
