4156 6420
694 340 835 406 ιῖδῒ

1878 330 2194 393 JOSEPHI
2240 332 2291 390 Μ
2303 330 2455 389 ΕἸἫ
2464 328 2562 388 ON
2574 328 2789 389 EN‘SIS

3782 320 3923 387 1234

700 474 718 506 ι
764 455 908 507 Data‘.
935 457 1064 507 sunt
1095 448 1201 504 illis
1236 446 1465 519 singulae
1503 446 1654 502 stolae
1675 445 1833 508 albae,
1859 454 1912 499 et
1941 444 2145 498 dictum
2175 452 2256 496 est

2389 446 2435 505 ὲ,
2472 444 2577 512 πρὸ
2606 443 2702 511 τῆς
2729 442 2944 511 ἡμέρας
2976 442 3075 511 τῆς
3128 439 3476 500 ἀναστάσεως
3506 438 3633 505 περὶ
3682 436 3791 487 τῶν
3818 439 3922 505 ψυ-

692 546 802 599 illis
843 552 901 597 ut
941 542 1347 609 requiescerent
1380 548 1591 606 tempus
1621 535 1794 589 adhuc
1822 535 2118 599 modicum,
2153 534 2253 587 do-

693 648 795 688 nec
827 633 1138 700 impleretur
1180 644 1443 683 numerus
1491 641 1879 680 conservorum
1925 633 1979 677 et
2024 624 2255 676 [rutrum

696 739 891 779 eorum
924 721 993 775 ⁵⁸.
1035 740 1053 773 ι
1082 721 1184 787 Qui
1218 722 1396 788 itaque
1445 734 1589 772 nunc
1620 718 1859 785 singulas
1914 724 2257 783 acceperunt,

697 815 859 868 binas
920 812 975 865 in
1013 812 1220 881 judicio
1264 810 1431 863 stolas
1465 809 1699 862 habituri
1751 815 1901 869 sunt,
1950 806 2075 874 quia
2103 803 2260 858 modo

696 905 1008 957 animarum
1080 901 1478 964 tantummodo,
1536 913 1679 952 nunc.
1725 909 1904 951 autem
1958 896 2259 949 animarum

696 992 856 1046 simul
904 1000 954 1042 et
987 989 1229 1055 corporis
1261 986 1431 1056 gloria
1471 988 1814 1039 lietabuntur.
1860 1002 1878 1033 ι
1949 980 2263 1037 Audistisne

698 1082 1064 1135 admirabilem
1120 1081 1509 1134 dubitationem
1553 1088 1606 1132 et
1652 1076 2134 1145 interrogationem
2167 1088 2264 1126 ve-

697 1173 906 1227 stram?
935 1172 1053 1237 Quo
1092 1174 1252 1225 modo
1276 1173 1405 1225 alter
1436 1182 1560 1224 ante
1591 1184 1684 1224 vos
1715 1184 1820 1221 una
1853 1182 1973 1220 cum
2007 1165 2128 1218 aliis
2147 1178 2264 1217 ma-

699 1282 805 1334 gno
836 1266 961 1318 huic
996 1263 1135 1316 Patri
1184 1272 1234 1316 et
1272 1263 1480 1315 doctori
1534 1261 1787 1314 Ecclesize
1819 1259 2038 1327 objecit,
2075 1266 2126 1311 et
2156 1271 2265 1324 quo

701 1364 859 1425 pacto
885 1357 931 1407 ei
966 1352 1285 1421 respondit?
1315 1352 1432 1419 Quo
1460 1352 1620 1406 modo
1651 1352 1815 1421 igitur
1846 1351 1899 1402 in
1937 1350 2041 1402 hoc
2075 1348 2266 1401 morbo

703 1446 1015 1500 scbismatis
1045 1445 1280 1512 amplius
1306 1445 1554 1508 manetis,
1586 1458 1709 1495 cum
1749 1450 1933 1511 aperte
1962 1440 2267 1507 conspicia-

706 1542 774 1592 tis
796 1540 1045 1590 doctores
1065 1537 1215 1588 vobis
1240 1535 1656 1588 contradicere?
1679 1535 1821 1599 Quin
1848 1535 2011 1587 etiam
2045 1547 2270 1603 magnus

706 1628 797 1681 illc
826 1628 1162 1681 Athanasius
1199 1628 1288 1679 ubi
1331 1627 1566 1693 seipsum
1620 1627 1917 1694 interrog-at
1945 1624 2010 1677 de
2036 1625 2136 1676 hac
2164 1637 2262 1675 ea-

707 1721 830 1774 dem
871 1735 947 1783 re,
984 1720 1057 1773 ita
1092 1719 1369 1789 respondit
1403 1735 1416 1770 :
1453 1718 1805 1787 Interrogatio
1838 1733 1853 1775 ;
1894 1713 2154 1770 «Ubinam
2191 1710 2271 1765 di-

708 1828 895 1865 cemus
922 1826 1043 1867 esse
1083 1827 1225 1866 nunc
1256 1826 1441 1864 eorum
1489 1813 1697 1863 animas
1732 1809 1823 1878 qui
1853 1810 1964 1878 jam
1998 1810 2267 1863 occubue-

708 1903 880 1956 runt?
915 1921 933 1954 ι
970 1903 1309 1971 Responsio:
1352 1921 1368 1953 ι
1406 1899 1553 1955 Nova
1591 1911 1675 1956 est
1711 1910 1764 1955 et
1810 1901 2067 1954 terribilis
2100 1901 2271 1955 inter-

712 1999 941 2064 rogatio,
970 2005 1023 2048 et
1061 1995 1373 2049 hominibus
1404 1995 1741 2047 abscoinlita.
1785 2012 1803 2044 ι
1835 1993 1968 2046 Nam
2008 1991 2147 2047 Dens
2178 2007 2273 2046 ne-

710 2090 842 2142 mini
881 2086 1129 2156 permisit
1183 2086 1535 2155 unquanuad
1592 2099 1691 2138 nos
1745 2083 1895 2138 illinc
1943 2084 2162 2147 reverti,
2216 2092 2274 2136 ut

710 2180 871 2233 nobis
898 2193 1169 2248 exponere
1201 2187 1381 2247 posset
1412 2177 1629 2230 ubinam
1654 2217 1669 2241 ,
1706 2185 1800 2229 aut
1837 2174 2111 2244 quomodo
2145 2184 2273 2229 sunt

712 2288 833 2341 qua:
861 2274 984 2325 hinc
1011 2272 1314 2340 demigrant
1343 2269 1538 2322 anima-
1558 2309 1575 2334 ,
1606 2279 1804 2333 tamen,
1834 2277 1936 2321 uta
1967 2268 2267 2336 Scripturis

716 2382 1020 2431 monemur,
1056 2366 1328 2435 quaedam,
1359 2364 1411 2417 id
1443 2372 1528 2418 est
1565 2374 1941 2433 peccatorum,
1989 2364 2184 2417 animat
2218 2365 2272 2418 in

717 2460 935 2515 inferno
972 2470 1099 2514 sunt
1148 2458 1336 2511 subter
1383 2472 1598 2510 onmem
1639 2465 1841 2509 terram
1894 2465 1948 2509 et
1999 2471 2167 2519 mare,
2218 2463 2276 2510 ul.

716 2550 966 2605 Psahnus
1001 2549 1130 2601 dicit
1159 2564 1172 2601 :
1204 2547 1538 2601 «Posuerunt
1565 2563 1649 2600 tne
1681 2546 1732 2599 in
1766 2547 1886 2600 lacu
1921 2544 2188 2611 inferiori,
2219 2545 2272 2599 in

718 2640 1025 2693 tenebrosis
1048 2650 1101 2692 et
1135 2640 1186 2692 in
1220 2639 1415 2692 umbra
1444 2639 1635 2690 mortis
1678 2638 1746 2701 l";
1785 2654 1803 2687 ι
1843 2646 1898 2689 et
1923 2646 1980 2691 ut
2006 2636 2144 2705 apud
2176 2637 2276 2691 Job

719 2732 978 2799 scriptum
1007 2741 1088 2784 est
1117 2746 1129 2782 :
1171 2748 1190 2781 ι
1236 2731 1315 2782 Ad
1347 2739 1542 2783 terrain
1572 2728 1913 2782 tenebrosam
1943 2736 1997 2782 et
2034 2740 2274 2798 Opertaui

723 2822 915 2875 mortis
938 2821 1189 2891 caligine,
1215 2830 1413 2875 terram
1449 2819 1675 2873 miserim
1705 2827 1757 2872 et
1785 2821 2152 2882 tenebrarum,
2185 2819 2280 2873 tibi

724 2915 916 2966 umbra
975 2913 1185 2976 mortis,
1234 2920 1285 2963 et
1345 2911 1528 2964 nullus
1580 2910 1734 2974 ordo,
1770 2910 1861 2963 sed
1912 2911 2280 2978 sempiternus

727 3005 919 3059 horror
950 3003 1213 3055 inhabitat
1246 3001 1316 3056 ω.
1359 3019 1377 3051 ι
1426 3001 1633 3054 Animae
1664 3015 1791 3053 vero
1834 3000 2106 3068 jusmrnm
2162 3011 2282 3069 post

2356 536 2474 605 χῶν
2495 535 2603 587 τῶν
2654 534 2878 587 δικαίων
2908 533 3219 601 γέγραπται
3247 546 3258 561 ⁵
3287 531 3369 582 ὅτι
3411 527 3567 597 ἐδόθη
3601 528 3786 588 αὐτοῖς
3823 529 3927 579 ἀνὰ.

2362 630 2491 698 μιᾶς
2520 626 2714 694 στολῆς
2747 626 2947 693 λευκῆς
2973 643 2985 657 ·
3022 626 3118 679 καὶ
3169 622 3369 692 ἐρρέθη
3425 620 3608 679 αὐτοῖς
3663 617 3751 672 ἵνα
3791 620 3926 670 ἀνα-

2360 717 2675 770 παύσωνται
2713 716 2792 768 ἔτι
2845 714 3025 782 ὀλίγον
3071 716 3281 781 καιρὸν,
3330 712 3435 773 ἕως
3482 705 3543 764 οὗ
3573 709 3835 779 πληρωθῇ
3863 724 3899 761 τ

2364 810 2561 880 μέτρον
2587 809 2696 862 τῶν
2728 806 3027 860 συνδούλων
3056 805 3146 858 καὶ⁵
3183 801 3425 869 ἀδελφῶν
3460 800 3660 852 αὐτῶν.
3694 800 3763 851 O't'
3782 814 3930 857 τινες

2362 901 2538 954 τοίνυν
2564 899 2672 953 άπὸ
2702 901 2831 969 μιᾶς
2865 899 3055 966 στολῆς
3092 896 3307 956 ἔλαϐον,
3334 894 3527 956 διπλᾶς
3556 894 3613 944 ὲν
3643 894 3708 958 τῇ
3748 890 3930 959 κρίσει

2366 992 2557 1052 στολάς
2604 990 2887 1059 λήψονται.
2929 987 3150 1057 Ἐπειδὴ
3190 989 3299 1055 γάρ
3338 983 3540 1053 ἀρτίως
3584 984 3706 1041 ταῖς
3732 981 3933 1048 ψυχαῖς

2368 1083 2549 1149 μόνον,
2580 1079 2704 1132 τότε
2751 1081 2869 1140 ταῖς
2909 1078 3107 1147 ψυχαῖς
3143 1076 3278 1146 ὁμοῦ
3331 1077 3423 1130 καὶ
3453 1076 3565 1137 τοϊς
3613 1072 3833 1140 σώμασι
3866 1076 3932 1141 τῇ

2365 1174 2490 1243 δόξῃ
2537 1171 3024 1241 εὐφρανθήσονται.
3063 1187 3082 1220 ι
3133 1167 3432 1221 Ἠκούσατε
3464 1166 3562 1235 τὴν
3612 1166 3935 1232 θαυμαστὴν

2369 1265 2521 1335 ὑμῶν
2554 1263 2789 1331 ἀπορίαν
2831 1278 2891 1315 τε
2938 1263 3033 1314 καὶ
3084 1259 3351 1330 ἐρώτησιν
3378 1276 3392 1290 ·
3428 1261 3543 1321 πῶς
3600 1259 3696 1311 καὶ
3751 1258 3936 1324 ἔτερος

2371 1360 2480 1426 πρὸ
2511 1356 2665 1424 ὑμῶν
2696 1355 2903 1423 ταύτην
2944 1353 3063 1421 μεθ’
3092 1354 3315 1422 ἑτέρων,
3350 1352 3691 1421 προὺφέρετο
3728 1350 3808 1415 τῷ
3847 1365 3939 1414 με·

2369 1452 2520 1519 γάλῳ
2546 1448 2718 1515 τούτῳ
2750 1450 2921 1516 ηατρὶ
2966 1446 3060 1500 καὶ
3092 1445 3399 1512 διδασκάλῳ
3431 1444 3532 1510 τῆς
3570 1432 3901 1509 Ἐκκλησίας
3923 1455 3938 1469 ·

2370 1543 2466 1593 καὶ
2504 1542 2621 1603 πῶς
2666 1542 2762 1608 τὴν
2792 1538 3089 1602 ἀπολογίαν
3143 1536 3361 1600 ἐδέξατο
3385 1552 3401 1568 ο
3431 1535 3547 1595 πῶς
3588 1529 3684 1586 οὖν
3729 1532 3829 1584 καὶ
3861 1530 3941 1581 ἔτι

2371 1636 2449 1703 τῷ
2477 1636 2639 1689 πάθει
2667 1635 2761 1687 τοῦ
2794 1636 3109 1704 σχίσματος,
3133 1632 3346 1698 μένετε,
3380 1629 3614 1698 δρῶντες
3638 1624 3942 1695 διαρρήδην

2373 1730 2500 1790 τοῦς
2548 1729 2736 1792 ἁγίους
2784 1729 2915 1794 ἡμῖν
2952 1724 3353 1790 ἀντιλέγοντας.
3397 1722 3518 1772 Ἔτι
3566 1716 3886 1775 ’Δθανάσιος
3918 1717 3945 1767 ὁ

2378 1818 2571 1888 μέγας,
2602 1818 2659 1868 ἐν
2692 1818 2812 1877 ταῖς
2850 1815 2986 1883 πρὸς
3012 1813 3176 1867 αὐτὸν
3208 1811 3511 1879 ἐρωτήσεσι
3542 1809 3673 1875 περὶ
3703 1806 3801 1858 τοῦ
3846 1804 3946 1856 αὑ-

2371 1914 2467 1965 τοῦ
2497 1910 2715 1971 τούτου,
2747 1909 2947 1961 οὑτωσὶ
2988 1906 3365 1974 ἀποκρίνεται.
3407 1901 3730 1971 Ἐρώτησις.
3763 1918 3783 1949 ‹
3837 1897 3943 1950 Ποῦ

2372 2005 2428 2058 δὲ
2461 2005 2570 2073 ἄρα
2595 2002 2821 2068 θέλομεν
2849 2001 3050 2066 λέγειν,
3080 1998 3163 2052 ὅτι
3192 1999 3301 2049 εἰσὶ
3332 1995 3428 2048 νῦν
3472 1995 3529 2046 αἱ
3570 1989 3947 2063 προλαϐοῦσαι

2370 2095 2480 2147 τῶν
2505 2092 2805 2161 ἀνθρώπων
2823 2090 3060 2158 ψυχαί;ι
3089 2088 3428 2151 Ἀπόκρισις.
3472 2101 3490 2135 ι
3508 2085 3674 2136 Ξένον
3709 2081 3947 2147 ὑπάρχει

2373 2187 2469 2240 καὶ
2498 2185 2731 2255 φοὸερδν
2760 2185 2819 2236 τὸ
2842 2181 3106 2251 ἐρώτημα
3127 2195 3144 2213 ο
3175 2179 3270 2232 καὶ
3300 2177 3451 2246 παρὰ
3474 2173 3782 2244 ἀνθρώποις
3809 2172 3948 2222 ἀπο.

2374 2278 2757 2346 κεκρυμμένον
2785 2291 2799 2307 ⁸
2831 2276 2892 2328 οὒ
2932 2276 3040 2341 γὰρ
3076 2271 3466 2340 συνεχώρησεν
3501 2270 3528 2321 ὀ
3574 2266 3705 2327 Θεὸς
3745 2263 3949 2317 άναλῦο

2378 2368 2466 2420 σαί
2505 2384 2626 2421 τινα
2655 2368 2764 2420 τῶν
2805 2368 2983 2420 ἐκεῖσε
3023 2363 3159 2433 πρὸς
3190 2365 3335 2432 ἡμᾶς
3377 2359 3779 2429 διηγήσασθαιο
3842 2356 3951 2409 ποῦ

2375 2458 2408 2527 ἢ
2446 2458 2559 2520 πῶς
2589 2460 2727 2512 εἰσιν
2760 2459 2816 2512 αί
2845 2459 2937 2527 ἀφ’
2968 2456 3123 2527 ἡμῶν
3152 2452 3465 2519 ἐξελθοῦσαι
3498 2452 3668 2519 ψυχαί
3708 2466 3724 2516 ;
3782 2450 3952 2516 Ομως

2378 2552 2453 2613 ὡς
2504 2552 2565 2603 ἐκ
2615 2552 2721 2603 τῶν
2757 2550 3009 2619 Γραφῶν,
3071 2547 3417 2616 μανθάνομεν
3462 2546 3543 2597 ὅτι
3596 2545 3647 2596 αἱ
3685 2543 3782 2610 μὲν
3844 2542 3953 2593 τῶν

2381 2642 2746 2713 ἁμαρτωλῶν,
2776 2644 2833 2694 ὲν
2856 2640 2932 2707 τῷ
2959 2641 3062 2711 ᾅδῃ
3097 2641 3453 2707 ὑπάρχουσιν,
3484 2636 3738 2688 ὑποκάτω
3766 2636 3957 2701 πάσης

2379 2737 2477 2803 τῆς
2499 2735 2599 2801 γῆς
2615 2734 2706 2785 καὶ
2725 2731 3015 2796 θαλάσσηςι
3036 2731 3109 2793 ὣς
3123 2747 3287 2798 φησιν
3303 2731 3330 2781 ὁ
3344 2727 3577 2795 ψαλμὸς,
3603 2726 3723 2779 (Ἐν
3743 2743 3958 2780 σκοτει-

2382 2830 2486 2891 νοῖς
2505 2828 2595 2881 καὶ
2621 2828 2678 2878 ἐν
2695 2827 2819 2896 σκιᾷ
2834 2824 3063 2877 θανάτου
3082 2821 3175 2871 καὶ
3194 2822 3251 2872 ὲν
3268 2820 3450 2887 λάκκῳ
3474 2818 3791 2885 κατωτάτω,
3808 2836 3829 2867 ι
3860 2818 3958 2869 καὶ

2383 2919 2455 2980 ὡς
2478 2918 2788 2985 γέγραπται
2816 2917 2875 2969 ὲν
2896 2915 2976 2982 τῷ
3003 2915 3144 2968 Ἰὼϐ·
3185 2930 3203 2963 ι
3220 2914 3309 2974 Ei;
3329 2912 3432 2977 γῆν
3451 2909 3729 2977 σκοτεινὴν
3752 2911 3851 2959 καὶ
3870 2907 3959 2967 ζου

2387 3012 2581 3079 φεράψ
2602 3012 2679 3070 εἰς
2699 3012 2804 3077 γῆν
2819 3011 3039 3072 σκότους
3063 3010 3309 3062 αἰωνίοψ
3326 3008 3386 3060 οὗ
3409 3004 3880 3070 οὖκὲστιφέγγος·
3902 3004 3962 3054 οῦ

724 3094 927 3151 Christi
959 3094 1247 3147 adventum
1294 3092 1375 3153 (ut
1420 3107 1486 3146 ex
1520 3092 1727 3145 latrone
1762 3092 1851 3160 qui
1899 3094 1953 3145 in
1988 3106 2148 3144 cruce
2192 3107 2271 3160 pe-

2389 3102 2444 3153 δὲ
2462 3102 2595 3169 δρᾷν
2624 3100 2769 3169 ζωὴν
2792 3100 3020 3169 βροτῶν.
3039 3118 3056 3147 ι
3083 3100 3148 3150 Δί
3165 3099 3223 3151 δὲ
3238 3098 3345 3149 τῶν
3360 3096 3581 3150 δικαίων
3596 3094 3791 3162 ψυχαὶ,
3822 3094 3967 3159 μετά

730 3187 917 3256 pendit
952 3181 1323 3252 intelligimus)
1359 3189 1487 3237 sunt
1540 3182 1592 3235 in
1639 3181 1916 3250 paradiso.
1973 3179 2089 3235 Non
2138 3180 2281 3233 enim

735 3287 954 3346 propter
1011 3274 1242 3327 latronis
1291 3274 1423 3343 justi
1489 3272 1727 3324 animam
1787 3280 1994 3324 tantum
2036 3269 2286 3324 Christus

733 3367 873 3418 Deus
909 3371 1086 3417 noster
1112 3363 1421 3431 paradisum
1454 3360 1689 3429 aperuit,
1725 3360 1816 3413 sed
1855 3369 2068 3427 propter
2098 3374 2289 3413 omnes

735 3457 968 3524 denique
1017 3465 1332 3510 sanctorum
1377 3456 1611 3506 animas.
1650 3471 1675 3503 ι
1712 3451 1919 3505 Videtis
1978 3467 2086 3520 quo
2132 3459 2291 3522 pacto

735 3546 1146 3603 contradicitis?
1181 3546 1383 3598 Tamen
1424 3545 1466 3597 si
1500 3544 1733 3598 nossetis
1771 3543 1896 3612 quid
1931 3558 2125 3612 magna
2156 3557 2288 3597 voco

737 3637 953 3702 canitis,
994 3651 1102 3689 non
1132 3636 1319 3703 utique
1352 3633 1697 3704 ambigeretis
1726 3649 1821 3688 vos
1846 3634 2038 3687 eadem
2077 3649 2293 3703 quoque

739 3730 959 3783 sentire.
994 3724 1099 3779 Sed
1132 3727 1277 3780 subit
1314 3726 1445 3777 mibi
1474 3725 1676 3788 dicere,
1721 3733 1775 3778 et
1820 3724 1865 3777 si
1901 3729 2094 3779 durum
2140 3725 2294 3779 vobis

738 3818 1030 3881 videbitur,
1065 3817 1125 3869 in
1165 3819 1371 3884 magnis
1415 3813 1655 3884 profecto
1707 3813 1865 3883 nugis
1909 3829 2069 3868 aures
2105 3823 2296 3869 vestrm

742 3919 1051 3962 versantur.
1088 3906 1276 3975 Magna
1302 3922 1431 3961 voce
1457 3907 1677 3971 canitis,
1711 3906 1845 3959 nihil
1884 3918 2060 3959 tamen
2093 3906 2296 3961 intelli-

747 4002 894 4069 gitis,
925 4000 1038 4053 sive
1069 3999 1245 4069 potius
1274 3999 1570 4068 negligitis;
1601 3998 1775 4067 legere
1806 3998 1973 4061 enim,
1996 4009 2048 4053 et
2078 4015 2180 4053 non
2212 4000 2299 4053 in.

746 4094 1005 4161 telligere,
1045 4092 1183 4145 dixit
1209 4089 1426 4158 quidam
1461 4106 1524 4143 ex
1556 4090 1889 4157 sapientibus
1924 4088 2025 4157 (i),
2072 4099 2157 4146 est
2201 4107 2297 4145 ne-

746 4183 963 4249 gligere,
993 4181 1251 4250 quoniam
1280 4178 1402 4232 libri
1436 4194 1626 4234 omnes
1649 4181 1714 4232 de
1746 4180 1995 4245 precibus
2025 4180 2077 4233 id
2118 4182 2291 4235 conti-

749 4281 902 4336 nent,
927 4281 1348 4338 sanctorumque
1376 4268 1587 4322 animas
1612 4271 1664 4321 in
1694 4270 1833 4323 coelo
1870 4284 1990 4324 esse
2017 4269 2303 4327 Damasce-

751 4377 854 4415 nus
902 4370 958 4413 et
1002 4359 1360 4428 Theophanes
1393 4359 1511 4428 ejus
1555 4360 1631 4413 rei
1676 4369 1928 4414 auctores
1961 4361 2107 4414 clara
2165 4376 2301 4415 voce

2390 3193 2489 3259 τὴν
2518 3192 2756 3259 Χριστοῦ
2787 3191 3112 3257 παρουσίαν,
3142 3189 3215 3251 ὡς
3240 3193 3304 3242 ὲκ
3323 3188 3418 3240 τοῦ
3450 3186 3643 3257 λῃστοῦ
3667 3187 3763 3241 τοῦ
3790 3190 3858 3240 ὲν
3893 3190 3969 3257 τῷ

2392 3280 2613 3349 σταυρῷ
2647 3279 3013 3348 μανθάνομεν,
3045 3280 3104 3329 ὲν
3132 3276 3211 3344 τῷ
3246 3276 3559 3346 παραδείσῳ
3593 3277 3966 3344 ὗπάρχουσιν.

2390 3372 2465 3423 Οὐ
2497 3372 2609 3440 γὰρ
2664 3369 2753 3421 διὰ
2790 3372 2956 3438 μόνην
2987 3369 3086 3436 τὴν
3141 3368 3320 3435 ψυχὴν
3360 3366 3456 3419 τοῦ
3521 3368 3682 3432 ἁγίου
3710 3367 3967 3440 αλῃστοῦ,

2390 3462 2633 3530 Χριστὸς
2656 3463 2686 3515 ὁ
2714 3461 2844 3520 Θεὸς
2869 3459 3025 3529 ἡμῶν
3074 3459 3169 3512 τὸν
3189 3458 3515 3527 παράδεισον
3539 3458 3755 3527 ἤνοιξεν
3776 3473 3793 3489 ·
3829 3460 3970 3512 ἀλλὰ

2392 3556 2487 3605 καὶ
2527 3554 2617 3606 διὰ
2646 3551 2823 3612 πάσας
2862 3552 3061 3605 λοιπὸν
3079 3550 3177 3610 τὰς
3202 3551 3311 3603 τῶν
3333 3551 3505 3617 ἁγίων
3531 3551 3729 3620 ψυχάς.
3769 3552 3971 3619 Ὁρᾶτε

2395 3644 2513 3704 πῶς
2556 3642 2904 3707 άντιλέγετε;
2940 3644 3129 3709 Ὅμως
3156 3644 3205 3694 εἰ
3229 3641 3555 3705 ιγινώσκετε
3588 3641 3645 3692 τί
3673 3641 3833 3709 ᾄδετε
3875 3658 3971 3710 με-

2395 3736 2536 3802 γάλῃ
2594 3736 2770 3802 φωνῇ,
2802 3734 2902 3786 οὐκ
2946 3732 3011 3784 ἂν
3067 3732 3493 3799 ἀμφιεδάλλετε,
3540 3732 3622 3784 ὅτι
3660 3734 3759 3783 καὶ
3812 3731 3975 3797 ὑμεῖς

2396 3827 2556 3879 τοῦτο
2597 3827 2730 3878 αὐτὸ
2758 3826 3031 3892 δοξάζετε.
3081 3825 3223 3879 Ἀλλ’
3253 3827 3432 3878 ἔπεισί
3465 3843 3555 3893 μοι
3589 3827 3771 3878 εἰπεῖν
3812 3844 3897 3892 τι,
3927 3828 3973 3879 τί

2399 3921 2492 3971 καὶ
2534 3918 2767 3988 σκληρὸν
2798 3918 2925 3986 ὑμῖν
2956 3916 3022 3970 ἂν
3059 3918 3207 3988 δόξῃ.
3242 3917 3483 3985 Ἀληθῶς
3532 3918 3821 3987 ἀδολεσχία
3856 3921 3974 3971 ἐστὶ

2404 4008 2614 4077 μεγάλη
2669 4012 2726 4061 ὲν
2758 4010 2867 4070 τοῖς
2923 4008 3056 4060 ὠσὶν
3090 4008 3263 4075 ὑμῶν.
3299 4008 3487 4077 ’ᾼδετε
3535 4009 3646 4075 γάρ
3697 4009 3845 4061 αὐτά
3882 4027 3975 4077 με·

2401 4100 2542 4171 γάλῃ
2586 4102 2764 4169 φωνῇ,
2794 4098 2950 4152 οὐδὲν
2978 4098 3021 4150 δ’
3043 4100 3193 4167 ὅμως
3233 4098 3554 4166 γινώσκετε.
3587 4098 3727 4152 ἀλλά
3771 4102 3978 4168 μᾶλλον

2396 4191 2865 4257 καταγινώσκετε.
2899 4189 2974 4242 To
3000 4189 3109 4257 γάρ
3147 4190 3545 4256 ἀναγινώσκειν
3578 4191 3673 4243 καὶ
3710 4192 3790 4258 μὴ
3813 4193 3983 4259 τινῶο

2405 4298 2574 4342 σκειν,
2602 4282 3039 4348 καταγινώσκειν
3072 4282 3210 4344 ἐστὶ,
3241 4283 3324 4343 τὶς
3356 4280 3467 4333 τῶν
3494 4283 3674 4349 σοφῶν
3703 4282 3837 4349 ἔφη.
3865 4284 3981 4335 Πᾶν

2407 4373 2514 4440 γὰρ
2539 4372 2600 4424 τδ
2630 4370 3045 4441 παρακλητικὸν
3072 4370 3298 4439 βιϐλίον,
3344 4371 3486 4443 περὶ
3506 4372 3702 4423 τούτου
3750 4372 3953 4439 διαὶ-αλ,

749 4454 1007 4506 clamant.
1040 4451 1257 4520 Magnas
1285 4450 1449 4518 igitur
1471 4453 1672 4520 gratias
1715 4452 1914 4505 habere
1946 4454 2099 4506 vobis
2142 4455 2271 4509 debe

2407 4462 2581 4526 δάνει,
2614 4462 2830 4522 καὶτὰς
2862 4461 3042 4529 ψυχάς
3088 4461 3194 4512 τῶν
3228 4461 3397 4526 ἁγίων
3430 4463 3488 4512 ὲν
3519 4462 3597 4529 τῷ
3645 4462 3871 4531 οὐρανῷ
3904 4457 3983 4514 εἰ·

753 4559 896 4603 mus,
928 4545 1053 4611 quia
1086 4558 1193 4595 non
1223 4553 1313 4596 ant
1341 4542 1576 4605 delestis,
1613 4552 1703 4595 aut
1731 4557 1791 4594 ea
1823 4541 2012 4596 fraude
2040 4545 2216 4613 aliqua
2249 4548 2303 4600 in

750 4634 1038 4689 codicibus
1073 4634 1450 4698 oblitterastis,
1480 4644 1538 4687 ut
1571 4633 1791 4701 quidam
1822 4643 1947 4688 ante
1976 4651 2072 4689 vos
2108 4638 2160 4690 in
2190 4648 2305 4690 tra-

751 4725 993 4780 etatibus
1046 4736 1099 4777 et
1148 4724 1298 4776 libris
1346 4725 1412 4777 de
1457 4724 1803 4788 processione
1849 4725 2082 4793 Spiritus
2135 4730 2306 4783 sancti

756 4814 1078 4883 conscriptis
1136 4813 1475 4877 elicuerunt,
1533 4813 1584 4867 id
1644 4824 1823 4867 tanien
1881 4816 1988 4871 illis
2047 4818 2310 4873 inutiliter

760 4910 948 4970 cessit,
985 4921 1105 4959 nam
1152 4906 1331 4959 adhuc
1377 4908 1495 4958 libri
1532 4917 1773 4969 manent,
1816 4910 1906 4975 qui
1942 4911 2312 4966 inaleticorum

755 4998 1039 5051 audaciam
1067 5006 1351 5061 testantur,
1377 5006 1429 5049 et
1452 5001 1593 5063 apud
1628 5016 1721 5053 vos
1750 5003 1984 5068 perbelle
2006 5015 2314 5070 servantur,

760 5094 809 5138 θ’
863 5088 1106 5153 quotidie
1152 5102 1277 5139 cum
1332 5090 1478 5140 vocis
1516 5091 1881 5145 modulatione
1932 5096 2318 5161 concinuntur.

764 5187 1066 5240 menstrua,
1106 5176 1323 5241 lriodia,
1357 5194 1657 5241 sermones,
1713 5185 2102 5250 metaphrascs,
2153 5190 2315 5255 quin-

765 5266 1115 5329 quagetiaria,
1153 5266 1424 5330 versiculi,
1450 5271 1706 5335 troparia,
1740 5272 2012 5336 idiomela,
2045 5277 2310 5337 contacia,

763 5355 888 5418 (cci,
936 5356 1239 5423 synaxaria,
1280 5360 1661 5426 exapostilaria
1696 5376 1709 5413 :
1740 5373 1791 5416 et
1824 5379 1890 5418 ne
1920 5363 2134 5435 singula
2178 5381 2311 5420 enu-

838 5531 881 5561 ⁵⁸
902 5531 1152 5600 Apocm,
1189 5532 1275 5589 Η.
1354 5538 1397 5569 ⁵⁵
1427 5535 1571 5596 Psal.
1606 5554 1852 5605 Lxxxvlt,
1888 5542 1941 5597 7.
2017 5542 2067 5574 ⁸⁸
2085 5538 2187 5595 Job
2214 5558 2266 5609 κ,
2303 5543 2387 5600 21.

839 5682 916 5754 (1}
956 5684 1109 5738 Cato.

2410 4567 2520 4613 ναι,
2546 4551 2903 4619 Δαμασκηνός
2925 4568 2984 4602 τι
3013 4554 3107 4603 καὶ
3131 4550 3411 4619 Θεοφάνης
3427 4551 3477 4602 οῚ
3506 4549 3701 4603 τούτου
3730 4555 3980 4620 ποιηταὶ.

2406 4641 2742 4708 διαπρυσίως
2798 4639 3091 4694 άναδοῶσι.
3150 4641 3409 4706 Μεγάλαις
3466 4639 3559 4693 οὖν
3617 4641 3855 4709 χάριτας
3911 4642 3990 4692 δεῖ

2409 4734 2555 4802 ἡμᾶς
2609 4734 2894 4801 ὁμολογεῖν
2955 4735 3106 4800 ὑμῖν,
3164 4733 3245 4784 ὅτι
3305 4732 3367 4784 οὐ
3425 4733 3811 4784 κατεκαύσατε
3873 4730 3986 4785 οὐδ’

2406 4825 2703 4891 ὴφανίσατε
2735 4825 2923 4890 ταῦτα,
2954 4826 2986 4893 ἢ
3020 4824 3356 4892 ἀπηλείψατε
3382 4825 3551 4892 τέχνῃ
3575 4825 3684 4876 τινὶ
3723 4826 3838 4876 άπδ
3869 4826 3985 4877 τῶν

2413 4916 2630 4985 βιϐλίων
2659 4932 2673 4947 ⁶
2710 4915 2899 4983 ὥσπερ
2948 4917 3040 4968 καὶ
3066 4917 3115 4967 οἱ
3171 4916 3277 4985 πρὸ
3319 4915 3472 4983 ὑμῶν
3504 4916 3744 4982 ἔδρασαν
3778 4920 3838 4969 ἐν
3876 4922 3990 4978 τοῖς

2413 5011 2543 5077 περὶ
2564 5008 2662 5073 τῆς
2693 5008 2787 5059 τοῦ
2820 5009 2976 5074 άγίου
3029 5008 3345 5074 Πνεῦματος
3380 5008 3771 5075 ὲκπορεύσεως
3812 5008 3990 5073 λόγοις

2415 5117 2473 5151 τε
2506 5099 2599 5150 καὶ
2651 5099 2893 5166 βιϐλίοις.
2931 5100 3117 5165 Ὀμως
3164 5098 3285 5149 οὐδὲ
3338 5096 3565 5159 ἐκείνοις
3614 5096 3907 5167 προῦργου
3937 5102 3993 5149 τὸ

2417 5189 2653 5242 τοιοῦτον
2678 5190 2882 5257 άπέδη,
2905 5189 3038 5242 ἀλλὰ
3072 5189 3324 5257 μένουσιν
3344 5190 3424 5249 είς
3451 5188 3533 5240 ἔτι
3566 5188 3637 5239 τά
3669 5176 3881 5256 βιϐλία.
3906 5193 3993 5241 aut

2423 5280 2758 5349 μαρτυροῦσι
2787 5280 2895 5331 τῶν
2918 5278 3241 5348 κακούργων
3262 5277 3361 5345 τὴν
3399 5278 3627 5346 τὸλμην.
3647 5279 3742 5330 Ἐν
3778 5282 3909 5347 ὑμῖν
3942 5280 3992 5328 es

2420 5371 2511 5422 καὶ
2541 5369 2683 5438 μάλα
2699 5369 2877 5433 καλῶς
2902 5369 3166 5433 σώζοντα.
3190 5368 3281 5422 καὶ
3307 5367 3527 5439 ᾅδονται
3551 5368 3698 5437 μετὰ
3718 5370 3993 5442 μελῳδιῶῖ
