4156 6420
150 407 280 470 1985

565 404 716 467 PRO
758 403 963 462 CONC.
1023 401 1395 462 FLORENT.
1434 403 1591 464 CAP.
1641 403 1736 462 IV.
1787 401 1882 459 DE
1913 402 2341 462 FRUITIONE
2388 399 2876 461 SANCTORUM.

3244 400 3379 464 128G

146 519 264 570 καθ’
288 520 497 588 ἡμέραν
524 535 537 549 ’
567 519 659 569 καὶ
685 521 909 585 μηναῖα,
937 517 1027 567 καὶ
1047 515 1289 585 τριῴδια,
1315 519 1408 568 καὶ
1429 518 1596 585 λόγοι,
1621 517 1704 569 καλ

1818 529 2038 577 merem,
2067 515 2248 568 omnis
2306 514 2420 566 fere
2462 514 2719 569 Ecclesiae
2755 523 2953 567 nostrae
2995 513 3263 580 scriptura
3304 517 3377 570 ita

145 613 548 679 μεταφραστὴς,
578 611 671 662 καὶ
707 610 1165 678 πεντηκοστάρια.
1197 611 1291 661 καὶ
1325 609 1579 678 στιχηρά,
1607 610 1701 659 καὶ

139 704 448 770 τροπάριαο
484 706 580 756 καὶ
623 702 882 770 ίδιόμελα,
939 703 1031 752 καὶ
1083 701 1367 762 κοντάκια,
1401 700 1495 751 καὶ
1541 694 1703 761 οἴκοι,

141 791 236 845 καὶ
260 792 576 862 συναξάρια,
611 795 703 845 καὶ
728 791 1202 858 ἐξαποστειλάριοι,
1240 790 1334 842 καὶ
1364 791 1451 842 ἵνα
1481 791 1554 856 μὴ
1581 785 1706 840 καθ’

138 883 364 935 ἕκαστον
411 883 575 950 λέγω,
613 884 760 934 πᾶσα
813 883 1000 942 ἁπλῶς
1042 882 1215 932 εἰπεῖν
1260 881 1291 947 ἠ
1338 880 1438 948 τῆς
1484 878 1708 946 Ἐκκλη-

139 972 257 1035 σίας
307 973 464 1041 ἡμῶν
500 974 816 1042 συγγραφὴ,
856 973 1061 1039 ταύτην
1112 972 1224 1039 ἔχει
1279 971 1376 1039 τὴν
1423 969 1599 1033 δόξαν.
1638 969 1701 1021 Ol

135 1065 244 1131 γὰρ
301 1064 400 1131 τῆς
441 1064 766 1133 Ἐκκλησίας
826 1063 1064 1128 θεολόγοι
1112 1078 1169 1112 τε
1224 1068 1315 1114 καὶ
1371 1060 1701 1125 διδάσκαλοι,

1806 605 1972 659 sentit
2015 620 2029 656 :

1805 695 2131 764 melodique,
2154 695 2418 764 profunda
2450 698 2802 750 meditatione
2826 697 3244 766 perpendentes,
3270 697 3374 753 hoc

2085 621 2205 658 nam
2241 604 2496 658 Ecclesiae
2527 606 2855 672 theologiac
2887 606 3163 665 doctores,
3204 617 3374 672 poeta:

1811 797 2140 851 statuerunt,
2175 790 2331 857 quasi
2374 805 2437 842 ex
2480 804 2588 842 uno
2613 798 2824 843 cratere
2856 790 3131 858 sapientia:
3173 791 3376 845 referto

1811 895 2004 933 omnes
2034 883 2256 934 omnino
2288 882 2613 936 hauriendo.
2643 881 2854 935 Idcirco
2887 899 2985 936 nec
3016 884 3331 937 discordant
3361 924 3376 946 ,

1813 983 1910 1022 nec
1950 969 2053 1024 sibi
2083 972 2465 1026 contradicunt
2498 981 2709 1038 mutuo,
2745 988 2843 1028 nec
2876 973 3208 1030 dissentiunt
3242 976 3380 1031 inter

1813 1078 1891 1117 SC.

132 1160 354 1228 ποιηταί
384 1175 443 1210 τε
481 1159 576 1209 καὶ
627 1159 873 1227 με).ῳδοὶ,
919 1157 1097 1226 ὑψηλῇ
1145 1157 1353 1225 διανοίᾳ
1399 1153 1851 1221 διασκεψάμενοι,
1883 1157 2029 1211 τοῦτ’
2053 1158 2438 1226 ὲδογμάτισαν,
2502 1162 2578 1223 ὡς
2633 1163 2690 1226 ἐξ
2758 1163 2875 1223 ἑνὸς
2905 1163 3183 1232 κρατῆρος
3241 1166 3381 1234 πλή-

133 1270 264 1320 ρους
292 1253 439 1313 ὄντος
474 1251 682 1317 σορίας,
713 1250 907 1310 πάντες
950 1249 1120 1318 ἄρδην
1157 1248 1578 1318 μεταλαϐόντες.
1603 1245 1694 1300 Διδ
1727 1247 1821 1300 καὶ
1854 1249 1914 1301 οὐ
1950 1249 2331 1318 διαφωνοῦσιν,
2357 1251 2465 1306 οὐδ’
2492 1254 2862 1320 ἀντιλέγουσιν
2919 1255 3198 1327 ἀλλήλοις,
3268 1242 3375 1308 οὐδ’

130 1345 418 1410 ἀντίφασίς
456 1346 602 1394 ἐστιν
635 1344 691 1394 ἐν
727 1345 933 1401 αὐτοῖς.

871 1439 947 1492 E'.

203 1535 375 1586 Πόθεν
407 1532 499 1585 οὖν
532 1530 801 1600 ἀρξὸμεθα
830 1548 843 1591 ς
884 1532 989 1581 ἀπ’)
1022 1531 1121 1596 τῆς
1154 1531 1377 1599 πρώτης·
1407 1530 1501 1582 τοῦ
1537 1529 1702 1596 μηνὸς

128 1625 528 1694 Σεπτεμὸρίου,
567 1626 624 1674 ὲν
674 1625 784 1683 τοῖς
823 1622 1108 1688 ίδιομέλοις
1146 1623 1236 1673 τοῦ
1282 1622 1436 1686 ἁγίου
1475 1619 1702 1687 Συμεὼν

124 1717 221 1768 τοῦ
255 1716 530 1768 Στυλίτου.
572 1733 590 1764 ‹
635 1714 696 1765 Ἡ
721 1715 848 1779 ἁγία
884 1732 976 1765 σου
1006 1715 1171 1781 ψυχὴ,
1204 1715 1355 1780 φησὶ,
1390 1713 1566 1780 ΙΙάτερ
1601 1711 1702 1761 Συ-

129 1807 304 1874 μεὼν,
347 1805 596 1872 ἀγγέλοις
631 1805 861 1856 συνοῦσα
889 1805 1200 1871 ἀγάλλεται.
1238 1821 1258 1853 ι
1299 1802 1404 1854 Kal
1441 1804 1499 1852 ὲν
1532 1802 1696 1868 ἄλλῳ,

2569 1435 2628 1491 ν.

1881 1527 2032 1581 Unde
2064 1528 2225 1592 igitur
2273 1529 2662 1582 exordiemur?
2709 1531 2750 1583 A
2809 1533 2978 1598 prima
3025 1534 3113 1588 die
3170 1539 3373 1591 mensis

1810 1619 2149 1686 Septembris
2187 1620 2240 1671 in
2292 1621 2561 1674 idiomelis
2613 1623 2720 1675 divi
2774 1621 3048 1679 Simeonis
3099 1626 3305 1698 Slylitte
3347 1647 3359 1682 :

1814 1728 1832 1760 ι
1868 1709 2064 1762 Sancta
2108 1720 2194 1762 tua
2233 1712 2415 1763 anima
2445 1751 2458 1774 ,
2491 1713 2687 1779 inquit,
2723 1727 2876 1781 pater
2907 1716 3153 1781 Sitncon,
3198 1721 3248 1772 iu
3280 1735 3374 1774 so-

1809 1801 2004 1853 cietate
2033 1801 2265 1853 exsultat
2293 1801 2606 1868 angelorum
2638 1818 2650 1862 ;
2687 1821 2704 1852 ι
2741 1813 2792 1856 et
2833 1803 2885 1856 in
2919 1805 3062 1858 alio:
3101 1825 3118 1858 ι
3152 1806 3217 1860 Et
3251 1824 3373 1861 cum

129 1915 145 1945 ι
190 1897 306 1947 Kal
338 1895 473 1961 μετά
503 1895 611 1945 τῶν
650 1895 956 1962 ἀσωμάτων
1003 1894 1243 1962 χορεύων
1273 1895 1328 1943 ὲν
1367 1894 1635 1958 οὐρανοῖς.
1675 1908 1692 1940 ι

1807 1893 2147 1958 incorporeis
2187 1891 2239 1944 in
2273 1893 2408 1944 caelo
2437 1894 2761 1959 tripudians;
2798 1913 2815 1946 ι
2850 1911 3043 1950 rursus
3076 1898 3126 1949 in
3158 1900 3327 1952 altero
3361 1917 3372 1952 :

136 1986 229 2038 Ἐν
256 1987 429 2056 ἑτέρῳ
469 1986 512 2038 δ’
545 1984 719 2046 αὖθις,
761 2003 780 2036 ‹
824 1986 930 2037 Kal
960 1986 1056 2036 σὺν
1105 1985 1356 2051 ἀγγέλοις
1387 1983 1502 2050 Θεῷ
1536 2000 1704 2051 παρι-

122 2080 452 2148 στάμενος.»
507 2079 584 2148 Τῇ
615 2081 830 2146 εἰκοστῇ
863 2078 1019 2148 ὀγδόῃ
1068 2078 1161 2130 τοῦ
1193 2078 1354 2130 αὑτοῦ
1389 2079 1577 2146 μηνὸς,
1610 2077 1703 2129 τοῦ

121 2171 291 2236 ἁγίου
323 2169 610 2238 κυριακοῦ,
656 2170 751 2220 καὶ
783 2170 875 2220 νῦν
905 2171 1074 2230 οἰκεῖς
1103 2169 1192 2222 τὸν
1239 2170 1588 2238 παράδεισον,
1615 2171 1702 2223 διὰ

120 2262 334 2323 παντὸς
375 2260 825 2328 εὐφραινόμενος.
866 2260 1188 2329 Ὀκτωὸρίῳ
1212 2261 1402 2332 πρώτῃ
1427 2262 1520 2313 τοῦ
1546 2264 1701 2328 ἁγίου

135 2354 452 2421 Ῥωμανοῦ,
492 2353 629 2420 μετά
672 2352 895 2404 δικαίων
925 2351 1069 2404 ἔνδον
1103 2355 1181 2413 είς
1229 2352 1378 2406 θείαν
1407 2355 1563 2417 δόξαν
1604 2373 1701 2406 κα-

125 2443 517 2512 τασκηνώσεις,
557 2443 772 2512 βλέπεις
799 2444 896 2505 τὴν
925 2446 1263 2513 τερπνότητα
1298 2445 1396 2512 τὴν
1425 2447 1704 2510 ἄφραστον

123 2537 357 2603 ἐκείνην
384 2551 397 2564 ·
425 2535 640 2601 βλέπεις
669 2535 768 2613 τῂν
807 2537 1016 2605 τρυφὴν
1050 2536 1147 2603 τὴν
1177 2537 1410 2603 ἄληκτον
1437 2552 1450 2564 °
1486 2536 1704 2604 βλέπεις

119 2632 192 2678 τὰ
225 2625 402 2696 κάλλη
436 2626 540 2678 τῶν
571 2616 836 2695 οὐρανῶν,
867 2628 932 2677 τὰ
961 2626 1127 2685 ὄντως
1167 2629 1406 2694 ὲράσμια
1438 2643 1450 2656 ⁸
1487 2626 1702 2694 βλέπεις

121 2716 493 2785 πατριαρχῶν
544 2716 643 2775 τέις
674 2715 911 2784 χορείας,
975 2717 1378 2784 μακαριώτατε.
1425 2718 1514 2785 Τῷ
1557 2718 1704 2785 αὖτῷ

122 2810 270 2876 μηνὶ
318 2809 535 2877 είκοστῇ
562 2807 696 2876 ἕκτῃ
745 2808 838 2860 τοῦ
878 2807 1034 2873 ἁγίου
1070 2808 1554 2877 μεγαλομάρτυρος
1603 2811 1706 2877 Δη-

122 2900 395 2968 μητρίου·
425 2898 535 2968 ἔχει
562 2898 660 2967 μὲν
685 2901 717 2968 ἡ
748 2899 991 2968 θειοτάτη
1023 2916 1114 2951 σου
1139 2901 1302 2970 ψυχὴ,
1327 2903 1418 2951 καὶ
1448 2901 1703 2968 ἀμωδιος,

118 2991 349 3058 άοίδιμε
386 2990 692 3058 Δημήτριε,
725 2991 821 3058 τὴν
850 2991 1100 3058 οὐράνιον
1129 2990 1492 3060 Ἰερουσαλὴμ
1522 3007 1706 3042 κατοι-

115 3084 420 3152 κητήριον.
462 3101 480 3132 ι
517 3083 626 3134 Kal
665 3082 840 3144 αὖθις,
882 3100 899 3133 ι
937 3082 1028 3144 Εἰς
1061 3084 1130 3134 τὰ
1183 3084 1530 3151 ὑπερκόσμια
1577 3099 1706 3148 σκη-

115 3176 364 3241 νὼματα
419 3173 478 3224 τὸ
529 3173 746 3240 πνεῦμά
783 3189 899 3237 σου,
957 3174 1237 3242 Δημήτριε
1289 3174 1499 3243 μάρτυς
1555 3175 1705 3242 σοφὲ,

115 3265 368 3332 Χριστὸς
400 3267 426 3316 ὁ
455 3265 585 3324 Θεὸς
617 3266 931 3332 προσήκατο
977 3263 1296 3334 ἀμώμητον.
1337 3284 1354 3316 ι
1394 3265 1502 3319 Kal
1545 3266 1705 3319 ἀλλα·

115 3357 252 3425 χοῦ,
300 3375 318 3406 ι
360 3357 450 3423 Τῷ
497 3355 614 3423 Θεῷ
647 3357 1008 3417 ἀδιαλείπτως
1059 3357 1484 3425 παριστάμενος.
1534 3376 1549 3407 ι
1594 3359 1702 3410 Kal

112 3436 300 3504 πάλιν
345 3448 704 3517 τρανὼτερον,
742 3468 759 3499 ι
800 3449 902 3500 Τοῦ
937 3449 1208 3517 μακαρίου
1260 3449 1450 3517 ἔτυχες
1494 3437 1700 3512 τέλους,

110 3541 541 3607 παριστάμενος
578 3539 798 3608 Χριστῷ
825 3553 838 3568 ·
872 3540 1103 3600 ἐκτενῶς
1148 3540 1378 3594 ἱκέτευε.
1425 3559 1442 3591 ι
1480 3541 1586 3594 Kal
1617 3537 1703 3604 αὖ,

114 3651 134 3682 ι
174 3632 309 3683 Νῦν
343 3631 631 3700 πρόσωπον
673 3628 908 3697 Χριστοῦ
943 3629 1188 3700 καθορᾷς⁴
1213 3632 1276 3684 σὺ
1326 3633 1458 3700 πρὸς
1490 3633 1704 3700 πρόσω·

111 3741 256 3785 πον,
296 3716 341 3773 ὦ
373 3721 628 3789 Κύριλλε⁹
661 3723 766 3772 τῶν
813 3721 1093 3789 ἐσόπτρων
1141 3722 1368 3791 ἀληθείᾳ
1412 3723 1700 3784 λυθέντων,

1815 2001 1832 2033 ‹
1869 1982 2002 2035 Cum
2055 1984 2262 2050 angelis
2312 1983 2417 2036 Deo
2465 1984 2746 2039 assistens.
2785 2005 2802 2036 ι
2854 1985 3120 2040 Vicesima
3164 2000 3357 2044 octava

1808 2074 2049 2139 ejusdem
2083 2075 2286 2130 mensis
2313 2073 2379 2128 de
2402 2074 2457 2129 S.
2485 2073 2754 2145 Cypriano
2787 2095 2798 2128 :
2835 2095 2852 2128 ι
2888 2078 2951 2130 Ει
2983 2094 3125 2132 nunc
3154 2081 3378 2146 parad?-

1813 2179 1935 2218 sum
1971 2163 2166 2216 incolis
2201 2163 2250 2216 in
2293 2164 2440 2217 omni
2474 2164 2654 2217 laetitia
2689 2167 3036 2222 constitutus.
3068 2186 3084 2218 »
3125 2167 3374 2223 Octoluis

1808 2254 2002 2320 prima,
2035 2252 2100 2305 de
2130 2253 2254 2305 divo
2299 2255 2544 2305 Romanu
2579 2272 2592 2307 :
2626 2273 2644 2305 ι
2682 2255 2814 2307 Cum
2847 2255 3005 2323 iustis
3039 2257 3183 2310 intus
3213 2258 3264 2309 in
3294 2259 3376 2309 di—

1809 2345 1930 2395 vina
1958 2344 2129 2412 gloria
2164 2344 2502 2406 inhabitans,
2551 2344 2966 2399 oblectationem
3003 2348 3146 2400 illam
3180 2348 3375 2402 ineﬂa-

1807 2434 1970 2487 bilem
2003 2435 2224 2503 aspicis.
2261 2436 2418 2489 Vides
2464 2436 2832 2490 indesinentes
2873 2439 3130 2503 delicias,
3167 2440 3368 2509 aspicis

1808 2525 2067 2578 caelorum
2101 2525 2580 2591 pulchritudinem,
2633 2541 2752 2593 quae
2781 2542 2905 2579 vere
2947 2539 3026 2580 est
3072 2530 3321 2583 amabilis
3351 2569 3366 2593 ,

1807 2618 2024 2685 aspicis,
2060 2617 2407 2680 beatissime,
2444 2619 2670 2670 choreas
2709 2618 3164 2684 patria-charum.
3202 2638 3219 2675 ι
3257 2619 3364 2673 Eo-

1808 2709 1927 2759 tlem
1963 2724 2148 2760 mense
2177 2723 2302 2760 xxvr
2327 2747 2339 2769 ,
2374 2709 2438 2761 de
2475 2708 2596 2760 divo
2632 2707 2906 2762 Demetrio
2944 2726 3138 2777 magno
3172 2721 3372 2780 tnaityo

1810 2814 1869 2850 re
1899 2817 1912 2851 :
1948 2817 1965 2848 ι
1995 2798 2165 2850 Habet
2196 2799 2413 2866 quidem
2454 2808 2541 2852 tua
2570 2798 2748 2852 divina
2781 2802 2985 2864 aniu-a,
3015 2810 3067 2853 et
3111 2802 3372 2854 immacu-

1809 2889 1938 2952 lata,
1977 2889 2210 2956 gloriose
2252 2888 2483 2941 Demetri
2513 2889 2837 2951 ,cmlestem
2889 2905 2983 2959 pro
3035 2892 3367 2944 habitatione

1760 2986 1763 2990 ’
1808 2979 2133 3032 Jerusalem.
2183 2997 2199 3029 ι
2231 2978 2296 3031 Ει
2324 2980 2515 3031 iterum
2550 2996 2563 3032 :
2598 2997 2616 3030 ι
2655 2978 2710 3032 In
2747 2982 3188 3034 ultramundanas
3217 2982 3371 3035 sede;

1811 3069 2222 3123 immaculatum
2267 3070 2517 3137 spiritum
2559 3080 2732 3133 tuum,
2786 3071 3000 3138 sapiens
3038 3085 3243 3136 martyr
3273 3070 3375 3125 De-

1811 3159 1989 3223 metri,
2025 3159 2274 3211 Christus
2306 3159 2444 3210 Deus
2475 3161 2700 3225 recepit.
2737 3177 2754 3208 ι
2795 3160 2857 3212 Ει
2883 3160 3010 3211 alibi
3040 3178 3051 3211 :
3086 3177 3104 3208 ι
3145 3159 3252 3213 Deo
3283 3176 3375 3214 as-

1811 3251 1966 3305 sidue
1997 3251 2280 3304 assistens.
2318 3270 2334 3300 ι
2383 3249 2443 3301 Et
2478 3266 2668 3304 rursus
2702 3267 2716 3302 :
2752 3269 2769 3301 ι
2809 3249 3142 3306 Manifestius
3198 3253 3368 3305 beati-

1809 3343 2011 3395 tudinis
2043 3343 2199 3394 fincm
2235 3358 2292 3395 es
2328 3352 2656 3396 consecutus
2696 3342 2913 3396 Christo
2942 3344 3228 3406 ass'stens,
3259 3352 3371 3396 toto

1807 3435 1967 3488 corde
2000 3435 2307 3500 deprecare.
2349 3452 2366 3484 ι
2409 3434 2473 3486 Et
2523 3433 2716 3487 lterum
2752 3452 2765 3486 :
2800 3452 2817 3483 ι
2857 3431 3008 3485 Nunc
3057 3442 3110 3486 tu
3159 3434 3360 3487 Christi

1808 3524 2010 3576 vultum
2040 3524 2268 3575 intueris
2293 3524 2344 3574 in
2377 3521 2592 3584 faciem,
2627 3539 2659 3573 o
2688 3521 2920 3591 Cyrille,
2966 3523 3202 3590 speculis
3231 3539 3356 3577 vere

1807 3613 2123 3676 confractis,
2164 3625 2253 3666 tuo
2285 3613 2470 3666 divino
2497 3613 2670 3666 amori
2712 3615 2932 3681 junctus
2963 3629 3042 3667 es.
3067 3613 3102 3664 ἰ
3146 3613 3208 3666 Ει
3242 3631 3358 3666 rur-

1808 3721 1900 3758 sus
1933 3723 1948 3758 :
1995 3722 2014 3754 ι
2049 3703 2355 3757 Recordare
2389 3704 2581 3768 neStri,
2617 3714 2765 3770 pater
2796 3704 2978 3768 Basili,
3010 3706 3371 3758 consubstan-

1812 3795 1918 3848 tiali
1946 3794 2195 3847 Trinitati
2229 3797 2543 3848 assistens.»
2577 3796 2718 3849 Alibi
2755 3814 2766 3848 :
2807 3815 2823 3845 ι
2862 3795 2925 3849 Et
2955 3812 3099 3849 nunc
3128 3798 3177 3848 in
3213 3798 3368 3852 ccelis

1809 3887 2046 3953 speculis
2077 3886 2343 3950 effractis,
2373 3887 2595 3951 Antoni,
2626 3889 2834 3939 sincere
2866 3895 3108 3939 sanetam
3145 3885 3370 3954 inspicis

1811 3975 2128 4028 Trinitatem
2159 3976 2294 4028 citra
2327 3977 2558 4028 medium
2593 3992 2970 4044 congressus.)
2999 3976 3147 4030 Etde
3174 3993 3369 4045 magno

1807 4066 2065 4132 Gregorio
2101 4082 2113 4115 :
2149 4082 2166 4113 ι
2205 4063 2430 4127 Partim,
2467 4067 2661 4133 inquit,
2690 4067 2925 4119 victoriae
2967 4075 3067 4119 tuae
3098 4081 3356 4122 coronam

1810 4155 2060 4223 recepisti
2086 4194 2100 4216 ,
2140 4155 2333 4222 partim
2376 4171 2505 4210 vero
2545 4171 2668 4210 cum
2701 4155 2916 4210 Christo
2950 4171 3145 4225 regnas
3182 4158 3375 4227 splen—

1809 4244 2093 4296 didissima
2125 4257 2189 4296 ex
2228 4244 2486 4312 sanguine
2514 4259 2754 4312 purpura
2792 4245 3032 4306 indutus,
3062 4254 3116 4300 et
3151 4254 3364 4312 sceptro

1813 4345 2024 4388 tuorum
2078 4335 2436 4388 certaminum
2499 4343 2761 4398 ornatus,
2822 4346 2874 4387 et
2926 4351 3129 4388 corona
3183 4335 3364 4403 gloria:

1810 4425 2140 4491 conspicuus
2175 4425 2229 4476 in
2271 4423 2476 4476 infinita
2511 4425 2731 4478 saecula.
2771 4443 2787 4474 ι
2837 4425 2902 4476 Ει
2927 4425 3098 4477 alibi:
3136 4443 3153 4474 t
3199 4425 3367 4477 llodie

1812 4525 2019 4582 martyr
2047 4514 2112 4567 de
2154 4515 2591 4582 peregrinatione
2624 4515 2962 4582 triumphans
2996 4516 3059 4567 ad
3114 4516 3361 4568 cwlcstia

1811 4602 2073 4668 pervenit,
2103 4613 2156 4654 et
2189 4604 2240 4654 in
2272 4603 2457 4670 gloriae
2485 4603 2682 4656 throno
2720 4604 2929 4655 sedenti
2963 4602 3118 4655 ollert
3141 4603 3363 4669 sangui-

1809 4709 1929 4745 nem
1969 4693 2151 4746 caedis.
2207 4714 2222 4744 ι
2267 4695 2322 4745 lit
2372 4695 2424 4745 in
2470 4693 2624 4746 alio:
2664 4712 2680 4743 ι
2718 4693 2947 4761 Insignis
3001 4705 3051 4746 et
3107 4703 3361 4745 strenuus

1807 4781 2068 4850 Georgius
2097 4783 2147 4834 in
2177 4797 2274 4834 suo
2306 4783 2546 4850 glorioso
2581 4781 2879 4834 certamine
2919 4794 3181 4848 supernas
3209 4787 3363 4846 pote-

1809 4881 1975 4926 states
2008 4873 2288 4925 laetilicans
2320 4882 2370 4925 et
2402 4887 2544 4924 nunc
2572 4886 2674 4923 una
2711 4887 2833 4924 cum
2869 4871 2998 4937 ipsis
3029 4868 3358 4922 exsultans.»

1806 4962 1863 5016 In
1901 4978 2062 5025 nona,
2114 4965 2180 5016 de
2224 4978 2416 5028 magno
2466 4962 2631 5013 Paulo
2660 4961 2814 5013 Junii
2869 4961 3121 5012 vicesima
3165 4972 3308 5010 n0na
3345 4999 3362 5020 ,

1813 5068 1831 5099 ι
1863 5048 2016 5103 Nunc
2040 5065 2145 5102 non
2181 5052 2232 5101 in
2266 5053 2551 5117 arnigmate
2583 5065 2758 5114 neque
2792 5050 2844 5100 in
2875 5049 3094 5112 spt-cnlo
3116 5047 3367 5100 Christus

1805 5150 1918 5194 ate
1951 5142 2318 5208 conspicitur;
2368 5144 2474 5193 imo
2509 5141 2560 5192 in
2613 5140 2801 5193 faciem
2848 5139 3014 5192 facies
3065 5137 3349 5204 aspicitur,

1807 5234 2068 5299 integram
2107 5232 2199 5284 tibi
2231 5233 2533 5285 divinitatis
2564 5235 2785 5300 gloriam
2831 5235 3101 5297 detegens.
3150 5255 3168 5279 ι
3208 5230 3275 5282 Ει
3308 5231 3364 5284 ili

1806 5323 1923 5375 aliis
1954 5340 1967 5374 :
2008 5321 2142 5373 «Pro
2177 5320 2396 5375 Christo
2431 5323 2594 5390 passi,
2620 5323 3042 5374 o-decertatores
3076 5332 3366 5390 martyres,

1805 5415 2014 5466 animas
2053 5415 2104 5464 iu
2140 5413 2306 5466 cmlos
2337 5413 2544 5466 habetis
2575 5414 2629 5465 in
2663 5428 2819 5464 manu
2852 5409 2996 5464 Dei.»
3032 5410 3094 5462 Et
3123 5425 3311 5464 rursus
3344 5427 3360 5462 :

1813 5525 1828 5556 t
1865 5506 1991 5568 Tui,
2029 5505 2268 5572 Christe,
2303 5508 2614 5559 sacerdotes
2661 5505 2866 5571 iustitia
2915 5503 3086 5554 induti
3126 5503 3297 5556 sant-ti
3329 5516 3363 5556 a

1807 5598 2000 5650 saeculo
2027 5599 2279 5665 gaudent,
2313 5599 2548 5650 divinam
2583 5605 2729 5650 tuam
2772 5595 3216 5664 pulchritudinem
3255 5595 3366 5644 clas

1806 5692 1918 5743 rius
1977 5691 2276 5742 intuentes.
2317 5710 2333 5740 ι
2375 5689 2436 5742 Ει
2469 5691 2521 5743 in
2548 5690 2688 5749 aliis,
2724 5706 2740 5738 t
2777 5687 2928 5738 Nunc
2978 5702 3081 5737 nntt
3126 5689 3176 5737 in
3225 5689 3363 5736 anui-

1806 5791 2002 5850 gmate,
2036 5782 2210 5835 Pater.
2241 5795 2352 5835 non
2381 5780 2432 5834 in
2460 5780 2682 5848 speculo
2708 5779 2902 5847 aspicis
2931 5777 3102 5830 lucem
3130 5775 3365 5830 numinis

104 3819 353 3885 ἡνώθης
408 3831 500 3865 σου
548 3813 625 3880 τῷ
681 3814 864 3882 ἔρωτι.
910 3833 926 3863 ι
963 3815 1066 3864 Καὶ
1104 3817 1286 3877 πάλιν,
1323 3834 1339 3864 ι
1383 3816 1703 3882 Μνημὺνευε

107 3908 220 3960 καὶ
254 3905 441 3975 ἡμῶν,
480 3905 658 3972 Πάτερ
688 3903 955 3964 Βασίλειε,
992 3904 1271 3972 παρεστὼς
1319 3907 1384 3972 τῇ
1419 3904 1609 3973 Τριάδι
1638 3907 1701 3971 τῇ

100 3996 456 4067 ὁμοσυσίῳ.»
493 3994 747 4062 Ἀλλαχοῦ
779 3993 854 4057 δὲ,
896 4013 911 4043 ι
946 3996 1052 4045 Kal
1079 3994 1172 4046 νῦν
1208 3996 1263 4044 ὲν
1295 3994 1540 4060 οὐρανοῖς
1596 3995 1700 4043 τῶν

102 4091 416 4155 ἐσόπτρων
441 4085 724 4147 λυθέντων,
776 4083 1044 4145 Ἀντώνιε,
1091 4082 1340 4150 καθαρῶς
1387 4080 1706 4141 ὲποπτεύεις

98 4180 217 4245 τὴν
279 4175 444 4241 ἁγίαν
493 4174 722 4244 Τριάδα,
786 4172 1128 4240 ἐντυγχάνων
1160 4172 1397 4240 άμέσως.
1443 4190 1461 4222 ι
1511 4171 1617 4222 Kal
1649 4173 1706 4221 ἐν

96 4271 232 4330 τοῖς
298 4263 393 4316 τοῦ
448 4264 681 4332 μεγάλου
730 4263 1026 4330 Γεωργίου,
1073 4261 1150 4329 πῆ
1186 4262 1286 4330 μέν
1333 4278 1487 4330 φησι,
1542 4278 1560 4311 ι
1599 4261 1708 4312 Kal

95 4358 301 4421 ἐδέξω
353 4357 415 4406 ὲκ
449 4353 581 4405 θεοῦ
615 4354 709 4405 τὸν
741 4354 838 4418 τῆς
879 4353 1033 4418 νίκης
1086 4368 1179 4402 σου
1227 4351 1489 4415 στέφανον
1516 4369 1529 4380 υ
1567 4369 1585 4401 ι
1630 4352 1706 4418 πῆ

95 4452 186 4511 δὲ,
227 4466 248 4497 ι
304 4444 731 4513 Συμόασιλεύεις
761 4441 980 4510 Χριστῷ
1010 4440 1390 4508 λαμπρότατα,
1421 4441 1706 4509 πορφύραν

93 4543 164 4606 ἐξ
205 4540 458 4606 αἵματος
495 4536 852 4601 ἐνδυσάμενος
911 4535 1141 4602 φαιδρὰν
1163 4547 1178 4560 ·
1208 4533 1302 4585 καὶ
1338 4533 1413 4600 τῷ
1444 4536 1706 4601 σκήπτρῳ
1737 4543 1783 4599 ο

88 4630 220 4679 τῶν
267 4624 455 4678 ἄθλων
507 4639 600 4674 σου
657 4623 1116 4690 εὐκοσμούμενος,
1169 4622 1261 4672 καὶ
1317 4623 1563 4688 στεφάνῳ
1607 4622 1704 4687 τῆς

88 4716 286 4780 δόξης
321 4712 638 4776 διαπρέπων
671 4711 1011 4778 ἀπεράντους
1031 4709 1109 4769 είς
1131 4709 1385 4769 αἰῶνας.»
1416 4709 1522 4759 Kal
1552 4707 1706 4760 ἀλλα·

85 4809 203 4878 χοῦ
240 4825 257 4837 ·
302 4823 325 4854 ι
372 4804 615 4871 Σήμερον
641 4801 735 4852 τοῦ
779 4801 1016 4868 Χριστοῦ
1054 4802 1080 4851 ὁ
1117 4799 1323 4868 μάρτυς
1357 4798 1705 4868 θριαμϐεύων

84 4902 203 4968 τὴν
244 4896 495 4961 πλάνην,
523 4892 928 4959 καταλαμὸάνει
953 4891 1020 4942 τὰ
1039 4891 1262 4958 οὐράνια
1290 4908 1302 4920 ·
1329 4893 1420 4941 καὶ
1452 4894 1505 4938 ἐν
1533 4890 1706 4958 θρόνῳ

79 4994 275 5059 δέξης
349 4987 425 5054 τῷ
483 4985 799 5052 καθημένῳ,
855 4985 1156 5053 προσφέρει
1216 4983 1315 5047 τῆς
1371 4981 1585 5050 σφαγῆς
1650 4983 1704 5032 τὸ

81 5084 279 5154 αἷμα..
334 5099 354 5129 ι
395 5079 502 5130 Kal
534 5079 589 5127 ὲν
614 5077 783 5144 ἄλλῳ,
821 5093 839 5125 ι
886 5075 945 5128 '0
974 5075 1220 5143 λαμπρὸς
1249 5075 1503 5143 ἀριστεὺς
1528 5073 1706 5143 Γεωρ-

79 5193 251 5245 γιος,
298 5174 366 5221 ἒν
399 5172 463 5238 τῇ
493 5168 685 5236 ἐνδόξῳ
717 5167 879 5218 αὑτοῦ
920 5167 1143 5232 ἀθλήσει
1169 5167 1266 5227 τὰς
1297 5167 1409 5218 ἄνω
1437 5165 1698 5233 δυνάμεις

79 5266 467 5336 ειιφραινων,
511 5261 603 5311 καὶ
639 5264 734 5309 συν
778 5259 968 5318 αὑταῖς
997 5256 1361 5324 ἀγαλλόμενος
1400 5255 1511 5309 νῦν.
1550 5275 1567 5304 ι
1613 5257 1703 5310 Ἐν

76 5363 144 5414 δὲ
182 5360 266 5416 τῇ
330 5353 499 5405 ἐνάτη
541 5351 638 5402 τοῦ
664 5349 901 5418 μεγάλου
949 5347 1186 5410 Παύλου,
1229 5345 1446 5397 Ἰουνίου
1483 5348 1701 5416 είκοστῇ

77 5454 315 5517 ἐνάτῃ,
365 5460 384 5492 ι
421 5442 532 5494 Νῦν
577 5443 676 5493 οὐκ
706 5443 762 5490 ἐν
806 5440 1145 5506 αίνίγμασιν,
1188 5438 1308 5489 οὐδὲ
1365 5440 1422 5489 ὲν
1455 5439 1703 5506 ἐσόπτρῳ

74 5536 372 5611 Χριστός
406 5550 485 5585 σοι
534 5533 825 5584 ὁπτάνεται
853 5547 866 5561 ·
904 5533 1037 5598 πρὶς
1091 5533 1380 5598 πρόσωπον
1413 5530 1467 5580 δὲ
1504 5529 1702 5596 μᾶλλον

74 5637 320 5705 ὁρᾶται
349 5626 662 5693 πρόσωπον,
680 5624 889 5675 τελείαν
914 5638 994 5673 σοι
1011 5621 1108 5689 τὴν
1126 5621 1282 5681 δόξαν
1303 5618 1700 5671 ἀποκαλύπτων

73 5735 192 5800 τῆς
231 5721 529 5778 θεώσεως,
567 5737 585 5766 ι
617 5718 798 5767 Κα¹ιὲν
831 5715 1028 5778 ἅλλοις,
1065 5731 1082 5762 t
1131 5713 1299 5781 ’Υπὲρ
1331 5711 1566 5780 Χριστοῦ
1599 5730 1702 5764 πα-

78 5826 343 5882 θόντες,
368 5806 412 5865 ὦ
441 5810 725 5879 ἀθλοφόροι
766 5807 1059 5879 μάρτυρες,
1093 5805 1268 5876 ψυχας
1305 5805 1403 5876 μὲν
1436 5805 1581 5873 ἔχετε
1620 5807 1697 5868 εἰς
