4156 6420
676 317 814 386 128⁸1

1861 302 2031 364 ΙῡςΕ
2043 303 2175 363 PHI
2217 303 2536 363 METHON
2547 302 2767 361 ENSIS

3782 298 3920 359 1288

677 434 920 490 omnium
954 427 1227 499 principii,
1262 424 1401 479 lacie
1451 422 1516 476 ad
1557 421 1771 485 faciem,
1806 419 2235 487 sapientissime,

2360 417 2603 485 ιῦρανοὺς
2634 417 2693 466 ιν
2720 413 2862 482 χειρὶ
2892 411 3049 466 Θεοῦ.
3087 429 3109 464 ι
3139 413 3249 467 Kal
3273 412 3455 474 πάλιν,
3485 411 3578 464 ut)!
3605 412 3770 480 ἱερεῖς
3797 428 3920 470 σου,

679 525 772 594 qui
799 532 854 578 et
884 520 1183 590 splendoris
1243 515 1550 569 et'visionis
1575 511 1769 564 divin-1-
1795 512 1991 576 dignus
2016 510 2236 562 etfectus

680 633 762 670 es.
802 633 821 665 ι
863 614 923 665 Ιιῖι
969 621 1208 665 rursus:
1249 627 1266 656 ι
1302 605 1435 659 Cum
1487 603 1694 670 angelis
1741 601 2029 668 tripudias,
2088 599 2240 651 beate

678 704 975 760 Onesime.
1031 699 1278 767 martyrii
1328 710 1528 748 corona
1579 703 1896 753 exornatus,
1956 689 2237 754 reiulgenti

681 797 878 850 throno
920 792 1217 844 Salvatoris
1255 788 1488 840 assistis.
1523 805 1540 835 ι
1573 785 1636 838 Et
1659 784 1784 836 alibi
1818 801 1830 836 :
1862 802 1879 833 ι
1915 782 2236 833 Sanctorum

679 890 901 942 ordines
937 902 1058 938 eum
1103 883 1193 952 qui
1240 884 1381 934 inter
1428 878 1653 948 angelos
1702 876 1994 943 requiescit
2044 886 2236 938 magna

680 994 812 1034 τοι-ε
861 980 1162 1038 laudantes,
1195 973 1395 1025 divinis
1438 983 1578 1021 nunc
1607 967 1862 1019 fruuntur
1914 963 2149 1021 deliciis,
2187 971 2240 1015 et

681 1070 930 1121 lztantes
975 1063 1291 1131 tripudiant.
1344 1079 1362 1110 ι
1415 1058 1477 1111 Et
1516 1059 1568 1110 in
1602 1057 1708 1110 alio
1741 1073 1754 1108 :
1792 1073 1810 1105 ι
1850 1052 2242 1119 Superintelle-

680 1157 848 1210 ctuali
883 1156 1168 1224 splendore
1218 1151 1518 1206 exsaturati
1547 1149 1738 1210 sancti,
1770 1157 1821 1198 et
1852 1144 2028 1198 dirina
2056 1142 2240 1195 laetitia

682 1245 961 1313 splendide
992 1242 1200 1309 repleti,
1231 1241 1304 1293 dii
1339 1237 1630 1300 vocamini,
1668 1246 1724 1289 ut
1748 1236 1796 1287 ei
1825 1235 2053 1302 proximi
2100 1234 2240 1285 inter

683 1340 898 1390 divinos
942 1336 1256 1403 splendores
1301 1340 1600 1387 versantes.
1637 1337 1690 1379 et
1731 1328 1912 1394 gloria:
1945 1323 2239 1377 iueﬂabilis

683 1429 847 1480 radiis
883 1425 1155 1478 illustrati.
1223 1441 1241 1472 ι
1301 1421 1366 1474 Et
1399 1433 1639 1473 rursus:
1681 1435 1699 1467 ι
1747 1417 1934 1470 Sacris
1993 1414 2240 1467 melodiis

683 1520 1045 1578 celebrentur,
1077 1514 1232 1581 quasi
1273 1511 1514 1565 cmlestis
1547 1509 1789 1563 hatredes
1838 1509 2023 1574 regni,
2079 1505 2236 1573 quasi

685 1610 874 1663 incolae
905 1608 1192 1675 paradisi.)
1233 1605 1297 1656 Et
1329 1605 1453 1656 alibi
1489 1622 1502 1666 ;
1541 1601 1831 1655 «Concires
1865 1599 2234 1664 angelorum.»

687 1700 753 1753 Et
803 1715 999 1751 rursus
1041 1716 1053 1749 :
1101 1715 1118 1744 ι
1169 1695 1461 1763 Sanguinis
1511 1693 1588 1746 tui
1645 1691 1866 1759 pretiosi
1920 1690 2241 1742 intinctione

2342 505 2569 571 Χριστὲ,
2624 504 2973 569 δικαιοσύνην
3024 502 3387 567 ἐνδεδυμένοι,
3431 504 3597 561 ὁσίοις
3663 503 3775 561 τοῖς
3827 500 3920 552 ἀπ’

2339 599 2536 656 αἰῶνος
2575 598 2918 664 ἀγάλλονται,
2957 597 3055 649 σοῦ
3089 599 3146 649 τὸ
3186 593 3381 656 καλλος
3410 597 3648 663 δρῶντες
3671 599 3732 648 τὸ
3773 596 3921 647 θεῖον

2338 692 2694 760 τρανώτερον.
2736 711 2753 740 ι
2791 692 2897 742 Kal
2952 693 3010 742 ὲν
3040 691 3240 751 ἄλλοις,
3287 709 3304 739 ι
3345 690 3458 741 Νῦν
3504 690 3603 741 οὐκ
3635 692 3692 741 ἑν
3742 690 3922 752 α’νὲγ-

2344 800 2498 848 ματι,
2539 783 2742 850 Πάτερ,
2771 784 2872 834 οὑκ
2904 785 2960 832 έν
3007 783 3258 850 ἐσόπτρῳ
3290 784 3644 842 κατοπτεύεις
3694 783 3787 831 τὸν
3823 783 3920 847 τῆς

2341 874 2598 940 θεαρχίας
2655 874 2936 941 φωτισμόν
2966 890 2980 903 ·
3022 873 3158 938 πρὸς
3209 875 3498 940 πρόσωπον
3533 874 3611 936 δὲ,
3650 875 3919 937 παοισοφε,

2342 965 2635 1033 πρόσωπον
2664 981 2678 994 ο
2737 965 2835 1029 τῆς
2871 965 3011 1030 ὑπὲρ
3063 963 3187 1015 νοῦν
3223 965 3608 1033 λαμπρότητος
3648 967 3739 1015 καὶ
3805 965 3922 1014 θεο-

2342 1058 2504 1118 πτίας
2558 1055 2892 1120 ἀξιούμενος.
2955 1078 2973 1106 ο
3027 1057 3133 1108 Καὶ
3189 1056 3372 1116 πάλιν,
3433 1075 3451 1104 ι
3509 1058 3612 1108 Σὺν
3663 1058 3922 1120 ἀγγέλοις

2342 1149 2610 1217 χορεύεις,
2652 1150 2837 1217 μάκαρ
2881 1152 3162 1218 Ὀνήσιμε,
3198 1150 3499 1216 μαρτυρίου
3549 1150 3800 1216 στεφάνῳ
3832 1167 3924 1200 κα-

2342 1241 2807 1309 τακοσμούμενος,
2835 1241 3009 1307 θρόνῳ
3039 1242 3116 1308 τῷ
3164 1242 3374 1308 φαιδρῷ
3404 1240 3498 1293 τοῦ
3533 1241 3791 1308 Σωτῆρος
3823 1258 3926 1291 πα-

2348 1331 2613 1394 ρίστασαι.
2648 1349 2666 1380 ι
2707 1331 2817 1382 Kal
2849 1330 3104 1396 ἀλλαχοῦ,
3148 1351 3165 1382 ι
3217 1332 3412 1395 Ἀγίων
3454 1333 3708 1397 τάγματα
3742 1333 3840 1382 τὸν
3874 1336 3927 1382 ἐι

2345 1420 2522 1483 ἁγίοις
2573 1421 2988 1490 ἀναπαυόμενον
3046 1423 3326 1488 ἀσιγήτως
3370 1423 3670 1487 ὑμνοῦντα,
3711 1425 3926 1489 τρυςῆς

2344 1509 2527 1563 ἐνθέου
2561 1508 2656 1561 νῦν
2686 1509 3047 1570 ἀπολαύουσι,
3081 1514 3176 1562 καὶ
3219 1512 3516 1577 γεγηθότες
3547 1513 3856 1578 χορεύουσι.
3904 1531 3922 1561 ι

2345 1603 2454 1653 Kal
2489 1605 2546 1654 ὲν
2588 1602 2755 1669 ἀλλῳ,
2790 1621 2808 1651 ι
2846 1603 2959 1669 Τῆς
2992 1605 3128 1670 ὑπὲρ
3153 1603 3275 1656 νοῦν
3304 1605 3711 1672 λαμπρότητος,
3748 1606 3927 1669 ἔμφο-

2350 1691 2605 1759 ρούμενοι
2632 1692 2800 1757 ἀγιοι,
2832 1692 2978 1755 θείας
3009 1695 3349 1762 εὐφροσύνης
3379 1712 3436 1746 τε
3480 1695 3747 1764 λαμπρῶς
3781 1696 3922 1759 πλη-

688 1803 913 1860 niartyr,
946 1804 1235 1856 purpuram
1280 1789 1371 1839 tibi
1417 1769 1705 1854 pretiosam
1741 1783 2096 1849 comparasti,
2129 1795 2236 1848 qua

2360 1757 2634 1852 ρούμενοι,
2663 1785 2776 1837 θεοὶ
2797 1757 3169 1854 χρηματίζετε
3192 1790 3256 1854 τῇ
3447 1757 3608 1839 αύτδν

685 1883 910 1935 indutus
945 1881 1221 1933 caelestem
1271 1877 1469 1946 regiam
1521 1892 1646 1928 vere
1701 1874 1976 1926 ittliabitas
2015 1871 2122 1924 Deo
2155 1887 2248 1923 su-

687 1991 875 2044 premo
934 1974 1044 2040 regi
1091 1975 1381 2024 assistens.
1443 1988 1460 2019 ι
1515 1969 1783 2020 Assistere
1827 1980 1954 2019 vero
1995 1979 2250 2030 supremo

688 2069 822 2135 regi,
848 2067 975 2134 quid
1003 2065 1146 2117 aliud
1172 2078 1265 2130 per
1297 2062 1462 2115 Deum
1496 2059 1793 2129 signiﬁcat,
1821 2058 1925 2111 nisi
1959 2057 2103 2125 quod
2134 2071 2253 2108 san-

687 2162 758 2214 cti
809 2170 1077 2228 quatenus
1110 2157 1305 2208 anima:
1356 2153 1689 2206 beatitudine
1743 2148 2139 2219 perfruuntur?
2190 2148 2248 2201 In

690 2251 813 2304 aliis
854 2266 983 2303 vero
1019 2267 1031 2300 :
1094 2266 1113 2299 ι
1159 2248 1414 2298 Patribus
1458 2244 1720 2311 hymnum
1770 2241 2063 2295 oneremus
2091 2284 2104 2304 ,
2159 2239 2250 2307 qui

689 2353 815 2395 ante
843 2341 1013 2408 legem
1055 2348 1109 2391 ct
1138 2337 1190 2391 in
1229 2338 1344 2402 lege
1378 2335 1729 2394 refulserunt.
1751 2343 1805 2386 et
1828 2334 1919 2401 qui
1946 2349 2008 2385 ex
2037 2330 2254 2395 Virgine

690 2435 870 2499 genito
893 2432 1120 2484 Domino
1151 2438 1204 2482 et
1237 2432 1366 2481 hero
1402 2436 1543 2479 recta
1577 2436 1756 2478 mente
1787 2425 2171 2486 iuservierunt,
2199 2433 2252 2477 et

693 2523 1119 2577 inaccessiliileiu
1159 2521 1332 2572 lucem
1369 2520 1508 2571 hanc
1539 2518 1714 2584 adepti
1743 2526 1920 2568 sunt.»
1949 2514 2010 2567 Et
2041 2517 2093 2567 in
2121 2516 2248 2568 alio:

697 2634 717 2666 ι
751 2615 927 2675 Nunc,
981 2629 1013 2664 ο
1067 2612 1241 2671 beate,
1292 2609 1560 2662 intercede
1613 2609 1753 2674 apud
1801 2608 1966 2660 Deum
2017 2623 2115 2675 pro
2165 2618 2254 2660 tuo

695 2720 874 2774 grege.
911 2722 928 2753 ι
964 2702 1029 2756 Et
1061 2715 1249 2752 rursus
1280 2718 1292 2752 :
1331 2717 1350 2750 ι
1390 2699 1624 2754 οιιτιεειο
1664 2713 1884 2766 regnum
1921 2699 2253 2766 concupisti,

695 2814 804 2866 quo
846 2809 1009 2858 nunc,
1051 2794 1381 2855 beatissime,
1421 2806 1546 2844 vere
1600 2791 1816 2844 frueris.
1858 2809 1876 2841 ι
1915 2788 1980 2842 Et
2011 2790 2065 2842 in
2102 2792 2207 2844 alio
2240 2807 2254 2843 :

700 2909 718 2938 ο
760 2886 940 2956 Super
988 2899 1209 2937 omnem
1249 2885 1502 2936 virtutem
1541 2883 1748 2949 positus
1773 2923 1789 2940 .
1832 2893 1985 2950 pater
2015 2884 2255 2945 Antoni,

696 2997 814 3033 cum
851 2975 1054 3043 angelis
1087 2975 1318 3028 versaris
1348 2975 1400 3028 in
1446 2990 1612 3044 regno
1644 2975 1927 3028 caelorum.
1970 2992 1988 3023 ι
2037 2975 2098 3028 Et
2131 2988 2258 3028 rur-

698 3085 794 3124 sus
827 3085 839 3120 :
875 3087 894 3118 ι
927 3067 1015 3120 Dei
1047 3081 1226 3133 przco
1253 3067 1536 3126 Athanasi,
1573 3066 1666 3134 qui
1700 3068 1937 3134 pericula
1969 3075 2024 3119 et
2057 3080 2252 3133 perpe-

702 3174 824 3214 tuas
847 3157 1180 3212 tentationes
1209 3155 1541 3218 sustinuisti,
1574 3171 1718 3209 nunc
1747 3157 2066 3209 deliciarum
2100 3171 2257 3224 para-

699 3253 802 3308 disi
833 3250 1026 3315 dignus
1067 3264 1126 3302 es
1158 3251 1351 3310 lactus,
1383 3249 1597 3302 divinas
1629 3248 1940 3300 mansiones
1991 3262 2257 3301 consecu-

700 3354 807 3403 tus.
847 3342 1270 3410 incorruptibilis
1313 3342 1433 3393 \‘ilu:
1464 3341 1608 3404 ligno
1664 3339 2021 3405 propinquus,
2079 3347 2136 3390 ut
2166 3339 2255 3406 ju-

701 3437 861 3489 stitize
909 3437 1095 3497 victor,
1151 3449 1348 3488 corona
1395 3442 1447 3484 et
1483 3432 1786 3485 diademate
1834 3433 2074 3484 calestis
2109 3431 2255 3497 regni

703 3534 1011 3587 exornatus,
1039 3526 1234 3578 decore
1254 3524 1583 3590 conspicuus
1611 3531 1664 3573 et
1689 3519 1859 3573 forma
1887 3522 2254 3588 praecellensa

709 3616 771 3668 Et
821 3629 1006 3667 rursus
1040 3631 1052 3666 :
1092 3632 1109 3663 ι
1153 3611 1600 3681 Splendidissima
1634 3621 1688 3663 et
1743 3610 2144 3674 fulgentissimo
2178 3610 2262 3660 lu-

709 3707 849 3757 mine
885 3706 1112 3758 lucidius
1141 3698 1284 3756 nunc
1319 3705 1674 3756 illustratus.»
1712 3702 1778 3754 Et
1810 3717 2002 3753 rursus
2037 3718 2050 3753 :
2094 3719 2111 3751 ι
2142 3700 2259 3753 Non

707 3798 759 3850 in
800 3799 1081 3864 aaurigmate
1124 3798 1373 3862 gloriam.
1419 3809 1580 3861 quam
1609 3807 1636 3844 a
1696 3807 1863 3860 puero
1920 3791 2261 3859 concupisti,

709 3888 880 3950 vides,
910 3889 1058 3940 beate
1095 3887 1340 3956 Eutyehi,
1377 3885 1486 3937 imo
1519 3884 1652 3936 (acie
1675 3883 1740 3935 ad
1768 3883 1957 3936 faciem
1994 3898 2137 3935 nunc
2170 3897 2262 3935 so-

711 3978 838 4030 lutis
884 3981 1064 4030 carnis
1115 3978 1367 4045 speculis,
1405 3987 1553 4044 pater
1603 3977 1827 4028 noster?
1875 3995 1893 4026 ι
1934 3976 1997 4027 Et
2026 3990 2260 4028 rursus:

715 4086 735 4118 ι
774 4067 846 4120 Ex
876 4069 1179 4120 ilillicilibns
1203 4069 1466 4135 angustiis
1497 4077 1550 4120 et
1580 4067 1927 4132 corruptione
1952 4065 2004 4117 in
2028 4066 2263 4133 amplam

721 4167 774 4212 et
799 4159 1085 4225 jucundam
1119 4160 1352 4226 paradisi
1406 4159 1743 4211 latitudinem
1795 4157 2107 4222 pervenisti,
2139 4171 2265 4208 san-

713 4259 922 4303 ctorum
973 4252 1185 4302 visurus
1240 4250 1576 4318 splendidam
1615 4250 1786 4301 lucem
1838 4257 1892 4301 et
1947 4249 2262 4316 angelorum

712 4343 936 4395 choreas
970 4342 1078 4394 Deo
1106 4343 1436 4401 assistentes,
1463 4352 1516 4393 et
1541 4341 1875 4393 incessanter
1908 4341 2258 4393 clamantesn

2352 1879 2472 1937 ταῖς
2500 1876 2848 1943 θεουργικαίς
2902 1882 3296 1946 μαρμαρυγαῖς
3324 1880 3659 1947 ὁμιλοῦντες,
3712 1885 3807 1932 xa’:
3844 1883 3932 1932 δό-

2352 1965 2448 2030 51);
2495 1966 2592 2030 τῆς
2635 1967 2917 2031 ἀφράστου
2975 1969 3336 2034 φωτισθέντες
3380 1973 3583 2025 ἀκτῖσι.
3623 1993 3639 2022 ι
3683 1975 3790 2024 Kal
3829 1974 3934 2023 πά-

2352 2056 2456 2120 λιν,
2497 2076 2516 2107 ‹
2553 2058 3021 2125 Εὑφημείσθωσαν
3059 2060 3232 2128 ἱεραῖς
3260 2062 3566 2129 μελῳδίαις,
3587 2064 3660 2124 ὡς
3688 2064 3786 2130 τῆς
3819 2067 3932 2116 ἅνω

2355 2147 2632 2216 βασιλείας
2679 2151 3026 2218 κληρονόμοι,
3057 2153 3133 2213 ὠς
3179 2155 3508 2222 παραδείσου
3554 2157 3866 2226 οἰκήτορες.
3911 2177 3929 2210 ι

2355 2239 2461 2290 Kal
2493 2240 2746 2306 ἀλλαχοῦ,
2784 2260 2802 2290 ι
2837 2243 3169 2310 Συμπολῖται
3196 2243 3305 2295 τῶν
3335 2247 3601 2310 ἀγγέλων.
3643 2267 3662 2298 ι
3691 2251 3800 2299 Καὶ
3831 2251 3938 2300 πά-

2354 2329 2459 2390 λιν,
2503 2349 2521 2379 ι
2554 2332 2812 2396 Αἱμάτων
2855 2335 3054 2400 τιμίων
3103 2352 3196 2386 σου
3243 2336 3458 2404 βαφαῖς,
3502 2339 3712 2403 μάρτυς
3763 2357 3937 2390 κατε-

2357 2421 2629 2482 σκεύασας
2660 2422 2840 2490 σαυτῷ
2873 2426 3160 2493 πορφύραν
3207 2427 3500 2492 πολύτιμον
3533 2445 3549 2459 ο
3584 2429 3649 2487 ἦν
3683 2433 3938 2480 cimini-

2361 2529 2540 2579 μενος,
2593 2517 2870 2576 κατοικεῖς
2923 2516 2994 2567 τὰ
3037 2517 3149 2568 ἀνω
3202 2518 3422 2585 ἀληθῶς
3489 2518 3757 2587 βασίλεια,
3811 2520 3937 2586 Θεῷ

2357 2602 2692 2668 παμϐασιλεῖ
2729 2607 3155 2672 παριστάμενος.
3198 2625 3215 2657 ι
3250 2606 3322 2658 Τὸ
3361 2607 3418 2658 δὲ
3457 2609 3824 2675 παρίστασθαι
3859 2610 3939 2675 τῷ

2359 2692 2698 2758 παμὸασιλεῖ
2747 2694 2884 2762 Θεῷ,
2946 2697 3039 2747 καὶ
3089 2700 3363 2749 κατοικεῖν
3412 2699 3479 2750 τὰ
3525 2699 3638 2752 ἀνω
3685 2699 3939 2766 paciﬁca

2360 2783 2597 2854 ἀληθῶς,
2640 2787 2693 2837 τί
2733 2787 2861 2839 ἀλλο
2895 2790 3031 2855 πρὸς
3080 2788 3213 2841 Θεοῦ
3259 2792 3532 2859 σημαίνει,
3583 2794 3614 2859 ἢ
3674 2791 3754 2843 ὅτι
3799 2796 3939 2844 ἀπο-

2357 2873 2692 2938 λαμῦἀνουσι
2727 2879 2862 2930 καθὸ
2890 2880 3056 2948 ψυχαὶ
3089 2879 3184 2932 νῦν
3214 2883 3263 2933 οί
3307 2881 3447 2943 ᾶγιοι
3477 2925 3491 2946 ,
3526 2884 3613 2933 Ἐν
3643 2884 3826 2943 ἄλλοις
3859 2884 3938 2945 δὲ,

2366 2985 2384 3016 ι
2427 2969 2702 3035 Πατράσιν
2747 2970 2916 3039 ὕμνον
2967 2973 3352 3041 προσοίσομεν,
3389 2978 3492 3040 προ
3535 2977 3706 3040 νόμου
3753 2980 3852 3026 καὶ
3883 2982 3940 3028 έν

2361 3059 2510 3127 νόμῳ
2541 3061 2856 3129 nullo“;
2885 3081 2898 3095 ·
2929 3066 3021 3115 καὶ
3051 3067 3142 3116 τὸν
3173 3068 3235 3118 ὲκ
3283 3068 3560 3132 Παρθένου
3597 3069 3807 3134 Κύριον
3845 3070 3942 3117 καὶ

2364 3155 2643 3222 Δεσπότην
2675 3156 2867 3227 γνώμῃ
2897 3157 3084 3226 εὐθείᾳ
3112 3157 3562 3225 τεθεραπευκόσι,
3605 3162 3697 3211 καὶ
3741 3161 3940 3213 ἀδύτου

2363 3244 2646 3309 φωτισμοῦ
2693 3245 2788 3298 νῦν
2839 3249 3195 3301 ἀπολαύουσι.
3240 3269 3256 3300 ι
3297 3250 3404 3302 Kal
3437 3254 3494 3301 ὲν
3547 3252 3716 3319 alia),
3763 3270 3782 3303 ι
3824 3253 3939 3305 Νῦν

2360 3333 2416 3386 δὲ
2451 3336 2807 3400 παρίστασαι,
2855 3340 3061 3407 μάκαρ,
3115 3341 3359 3408 πρέσϐυς
3401 3343 3478 3408 τῷ
3516 3343 3636 3408 Θεῷ
3669 3345 3816 3412 ὑπὲρ
3844 3346 3941 3411 τῆς

2365 3427 2600 3494 ποίμνης
2630 3446 2744 3483 σου.
2787 3449 2807 3481 ι
2846 3432 2955 3482 Kal
2991 3433 3170 3493 πάλιν,
3209 3451 3228 3482 ι
3277 3433 3658 3503 Ἐπεπόθησας
3697 3440 3799 3504 τῆς
3831 3440 3941 3490 ἀνω

2365 3518 2664 3584 βασιλείας,
2684 3515 2751 3590 ἦς
2779 3521 2874 3574 νῦν
2902 3523 3192 3586 ἀπολαύεις
3223 3526 3458 3594 ἀληθῶς,
3485 3530 3935 3595 μακαριώτατε.»

2364 3611 2476 3664 Kal
2524 3615 2581 3663 ἐν
2613 3612 2777 3680 ἄλλῳ,
2813 3631 2832 3663 ι
2882 3615 3166 3682 ’Υπερανω
3210 3618 3391 3684 πάσης
3416 3621 3615 3684 ἀρετῆς
3666 3625 3940 3687 γεγονὼς,

2365 3704 2548 3772 Πάτερ
2591 3705 2862 3770 Ἃντώνιε,
2903 3708 3192 3777 συναυλίζῃ
3225 3711 3475 3775 ἀγγέλοις
3505 3714 3560 3763 έν
3589 3717 3652 3779 τῇ
3689 3713 3940 3782 βασιλεία

2364 3793 2474 3845 τῶν
2505 3796 2771 3863 οὐρανῶν.
2811 3817 2828 3848 ι
2865 3799 2972 3852 Kal
3019 3802 3200 3862 πάλιν,
3245 3822 3262 3852 ι
3297 3802 3578 3870 Θεοκήρυξ
3625 3805 3937 3868 Ἀθανάσιε,

2366 3883 2642 3946 κινδύνους
2679 3886 2980 3954 ὑπομείνας
3013 3890 3109 3939 καὶ
3145 3892 3384 3957 συνεχεῖς
3413 3896 3784 3960 πειρασμοῦς.
3815 3913 3940 3964 τρυ-

2367 3977 2472 4041 φῆς
2504 3974 2597 4028 τοῦ
2647 3979 2975 4045 παραδείσου
3011 3980 3104 4030 νῦν
3153 3982 3408 4049 ἡξιὼθης,
3445 3984 3594 4035 ἔνδον
3648 3989 3941 4053 γενςμενθς

2365 4065 2474 4115 τῶν
2527 4066 2684 4118 θείων
2734 4070 2946 4134 μονῶν
2999 4069 3142 4138 ξύλῳ
3203 4073 3589 4138 προσπελάσας
3644 4079 3791 4142 ζωῆς
3848 4082 3944 4143 τῖς

2366 4155 2684 4222 ἀκηράτου·
2743 4157 3088 4225 δικαιοσύνης
3146 4159 3220 4220 ὡς
3279 4162 3546 4229 νικητής·
3609 4165 3800 4231 στέφει
3853 4184 3942 4218 κο-

2371 4246 2699 4313 σμούμενος,
2726 4249 2818 4298 καὶ
2839 4249 3132 4317 διαδήματι
3177 4249 3276 4318 τῆς
3298 4251 3412 4304 ἀνω
3434 4251 3720 4317 βασιλείας
3739 4271 3755 4284 ο
3781 4257 3944 4322 ὡραῖ-

2369 4339 2614 4405 ζόμενος,
2649 4341 2742 4392 καὶ
2769 4341 2959 4393 κάλλει
2989 4342 3368 4410 διαπρέπων.»
3402 4344 3511 4396 Kal
3535 4345 3722 4408 πάλιν,
3757 4367 3777 4398 ι
3806 4350 3946 4401 Φωτὶ

716 4431 780 4482 Et
819 4431 989 4482 alibi:
1027 4449 1044 4480 ι
1091 4429 1256 4483 Terra
1306 4431 1524 4498 quidem
1573 4444 1718 4483 nunc
1764 4429 1979 4496 aperuit
2033 4442 2250 4496 corpora

2371 4428 2448 4497 τῷ
2501 4431 2764 4499 τρισηλίῳ
2817 4431 2912 4484 καὶ
2965 4435 3294 4500 τριφεγγεῖ·
3346 4436 3790 4504 τηλαυγέστερον
3851 4439 3946 4492 νῦν

712 4528 920 4582 vestra,
955 4521 1148 4573 caelum
1191 4536 1336 4581 vero,
1357 4538 1389 4573 ο
1421 4520 1616 4582 sancti,
1647 4520 1868 4584 spiritus
1891 4533 2108 4586 semper
2133 4518 2258 4583 fert,

716 4613 909 4663 throno
936 4612 1111 4676 gloriae
1154 4611 1452 4664 assidentes
1478 4621 1531 4662 et
1562 4626 1686 4664 cum
1735 4610 1943 4678 angelis
1989 4611 2266 4663 exsultan-

716 4707 818 4750 tes.
858 4715 876 4746 ι
909 4695 972 4748 Ει
999 4698 1124 4750 alibi
1161 4715 1173 4749 :
1209 4716 1226 4748 ι
1257 4699 1408 4750 Nunc
1431 4699 1598 4752 caelos
1629 4699 1820 4752 incolis
1849 4710 2146 4768 martyrum
2181 4701 2267 4767 pie

719 4799 1028 4840 sanctorum
1083 4799 1136 4840 et
1180 4789 1471 4855 justorum.
1519 4808 1537 4840 ι
1571 4788 1636 4842 Ει
1670 4790 1723 4841 in
1765 4790 1916 4843 alio:
1952 4807 1971 4840 ι
2013 4788 2267 4857 Princeps

716 4892 996 4928 sacrorum
1031 4877 1254 4930 Eumeni
1285 4919 1298 4939 ,
1344 4881 1439 4946 qui
1483 4878 1784 4932 libertatem
1819 4879 1913 4932 tibi
1944 4879 2085 4946 apud
2119 4879 2275 4932 Chri-

717 4976 862 5020 stum
899 4970 1247 5033 comparasti,
1275 4969 1427 5036 juxta
1476 4970 1633 5037 cujus
1665 4969 1944 5033 thronum,
1973 4979 2180 5028 sancte,
2211 4969 2268 5022 in

718 5059 884 5125 gloria
923 5059 1128 5110 assistis
1157 5075 1298 5112 nunc
1331 5075 1452 5113 cum
1491 5062 1695 5128 angelis
1725 5064 1948 5115 sanctis.
1997 5080 2014 5114 ι
2057 5061 2120 5114 Et
2155 5077 2276 5114 rur-

718 5164 811 5200 sus
847 5166 858 5200 :
893 5148 1004 5201 «Ad
1031 5148 1378 5216 tranquillum
1413 5163 1624 5218 portum
1652 5151 1904 5218 appulisti
1933 5165 1962 5202 a
1995 5153 2270 5205 laboribus

725 5241 1091 5308 requiescens,
1141 5250 1192 5293 et
1231 5253 1521 5296 coronatus
1571 5245 1832 5310 tripudias
1886 5242 1940 5296 in
1996 5243 2271 5312 paradiso,

724 5347 828 5384 una
857 5347 978 5384 cum
1009 5331 1207 5386 Christi
1241 5334 1588 5403 martyribus.
1613 5334 1800 5391 Niceta
1835 5337 2036 5400 divine,
2072 5338 2269 5390 merito

723 5433 776 5475 te
799 5424 1182 5492 gloriﬁcamus.
1221 5445 1238 5475 ι
1275 5427 1338 5480 Ει
1369 5443 1558 5483 rursus
1588 5431 1640 5482 in
1677 5430 1783 5483 alio
1810 5445 1824 5484 :
1857 5428 1988 5494 (Qui
2022 5447 2049 5482 a
2081 5430 2271 5483 dextra

725 5514 936 5568 assislis
963 5513 1211 5570 Trinitati
1242 5528 1290 5570 et
1323 5520 1630 5574 immediate
1657 5522 1942 5574 versaris.»
1993 5519 2056 5573 Et
2088 5521 2139 5573 in
2169 5520 2272 5574 ode

725 5603 758 5656 9
807 5607 1030 5659 canonis
1080 5605 1136 5660 S.
1192 5605 1415 5662 Joannis
1467 5608 1726 5679 Tlieologi
1763 5627 1779 5664 :
1819 5630 1836 5661 ι
1875 5610 2025 5664 Nunc
2066 5627 2172 5664 non
2218 5613 2269 5664 in

721 5696 1128 5764 aenigmateﬁed
1159 5697 1294 5755 facie
1322 5701 1388 5756 ad
1421 5701 1609 5758 [aciein
1640 5704 1949 5759 deliciarum
1975 5713 2265 5760 torrentem

2373 4521 2804 4589 ἀλλαμπόμενος.
2843 4542 2861 4573 ›
2913 4525 3024 4576 Kal
3069 4525 3156 4587 αὖ,
3199 4545 3217 4576 ι
3257 4527 3369 4579 Ούκ
3416 4528 3471 4578 ἐν
3506 4529 3798 4597 αἰνίγματι
3856 4533 3948 4580 νῖν

2373 4613 2612 4682 καθορᾷς
2640 4613 2796 4678 δόξαν
2815 4617 2884 4684 ην
2907 4617 3181 4686 ὲπόθησας
3204 4616 3339 4668 Θεοῦ
3367 4620 3430 4670 ἐκ
3458 4617 3719 4686 βρέφους,
3759 4621 3950 4688 μάκαρ

2375 4704 2608 4772 Εὑτύχιε
2627 4720 2641 4735 °
2673 4708 2966 4772 πρόσωπον
2995 4708 3050 4760 δὲ
3080 4708 3280 4776 μᾶλλον
3303 4708 3420 4758 νυνὶ
3450 4708 3588 4775 πρὸς
3626 4712 3949 4775 πρόσωπον,

2368 4795 2639 4848 λυθέντων
2666 4797 2774 4849 τῶν
2797 4798 3077 4865 ἐσόπτρων
3105 4799 3200 4861 τῆς
3227 4799 3447 4864 σαρκὸς,
3477 4798 3670 4868 Πατὴρ
3699 4800 3891 4867 ἡμῶν.
3932 4821 3949 4851 ι

2376 4886 2488 4939 Kal
2528 4887 2688 4939 πάλιν
2736 4890 2792 4939 ἐν
2821 4888 3021 4951 ἀλλοις,
3050 4906 3069 4939 ι
3091 4886 3186 4939 Ἐκ
3211 4889 3451 4955 χαλεπῆς
3483 4888 3830 4955 στενώσεως,
3861 4891 3956 4943 καὶ

2375 4977 2606 5047 φθορᾶς,
2667 4979 2803 5046 πρὸς
2852 4978 3161 5047 εὐρύχωρον
3208 4979 3411 5040 πλάτος
3467 4980 3813 5047 παραδείσου
3863 4985 3952 5033 καὶ

2375 5072 2605 5138 τερπνὸν
2661 5072 3027 5139 κατήντησας,
3088 5071 3259 5136 ἁγίων
3310 5071 3572 5138 ὀψόμενος
3630 5073 3945 5135 φωτοειδεῖς

2374 5159 2784 5227 λαμπρότητας,
2841 5162 3061 5222 καὶτὰς
3114 5160 3222 5212 τῶν
3274 5162 3522 5227 ἀγγέλων
3581 5163 3947 5214 ὲποπτεύσων

2375 5251 2613 5320 χορείας,
2637 5249 2756 5318 Θεῴ
2787 5251 3191 5317 παρισταμένας
3224 5250 3315 5302 καὶ⁵
3341 5251 3549 5317 βοώσας
3571 5251 3909 5313 ἀπαύστως.
3929 5272 3946 5301 ι

2376 5343 2487 5394 Kal
2538 5340 2796 5409 ἀλλαχοῦ,
2837 5360 2855 5391 ι
2902 5343 2969 5393 'H
3029 5341 3099 5410 γῆ
3139 5343 3234 5408 μὲν
3263 5341 3638 5410 κατεκάλυψεν
3689 5342 3861 5409 ὑμῶν
3888 5344 3952 5394 τὰ

2379 5431 2606 5497 σώματα
2640 5432 2777 5492 νυνὶ,
2830 5433 2856 5482 ό
2888 5432 3112 5500 οὐρανὸς
3143 5432 3224 5496 δὲ,
3276 5432 3443 5498 ᾰγιοι,
3466 5432 3621 5501 φέρει
3653 5433 3724 5485 τὰ
3792 5435 3954 5486 πνεύ-

2381 5537 2528 5589 ματα
2578 5524 2684 5586 ἀεὶ,
2735 5522 2811 5592 τῷ
2841 5523 3014 5592 θρόνῳ
3066 5523 3389 5590 παρεστῶτα
3436 5525 3532 5591 τῆς
3582 5523 3776 5590 δνιξης,
3841 5526 3950 5594 μετ’

2377 5613 2624 5680 ἀγγέλων
2639 5615 3036 5684 ἀγαλλόμενα.»
3065 5617 3170 5668 Kal
3191 5614 3448 5684 ἀλλαχοῦ,
3475 5633 3492 5664 ι
3520 5616 3629 5667 Kal
3659 5615 3762 5668 νῦν
3789 5619 3951 5676 οἰκεῖς

2375 5707 2504 5771 τοὺς
2547 5707 2834 5776 οὐρανοὺς,
2884 5708 3177 5778 μαρτύρων
3209 5707 3324 5759 ὃσιε
3370 5708 3542 5773 ἁγίων
3595 5708 3849 5762 καὶτῶν
3877 5709 3943 5762 δι-
