4156 6420
211 414 336 477 1289
698 411 846 471 Γιιο
870 407 1080 467 CONtI.
1136 405 1503 468 FLORENT.
1535 404 1691 465 CAP.
1735 403 1826 463 ιν.
1868 402 1963 462 DE
1998 398 2425 459 FRUITIONE
2460 397 2939 457 SANCTORUM.
3310 396 3444 461 1290

191 532 368 587 καίων.
416 546 434 578 ι
496 527 604 579 Kal
656 528 713 579 ὲν
770 526 936 596 ἄλλῳ,
984 544 1002 574 tt
1063 523 1381 594 Παρρησίαν
1448 519 1758 589 πλουτήσας

1866 516 2135 584 inspicere
2173 515 2402 569 meritus
2433 529 2492 567 cs
2519 552 2532 573 .
2564 515 2710 582 pacis
2748 514 2947 566 tlumen
2991 524 3043 567 et
3081 512 3281 568 fontem
3328 518 3436 571 im-

193 622 315 691 πρὸς
342 619 433 673 τδν
462 619 722 688 Χριστὸν,
752 619 981 689 ίεράρχα
1006 616 1257 685 Εὐμένιε,
1286 607 1348 668 οὗ
1374 613 1553 680 καὶτῷ
1581 612 1754 681 θρόνῳ

1866 609 2227 669 mortalitatis,
2265 622 2368 675 qua
2402 622 2547 659 nunc
2578 606 2837 675 irrigatus
2868 606 3153 661 divinitate
3182 608 3433 676 perfrue-

191 713 304 780 ἅγιε
334 713 391 765 ὲν
416 711 542 781 δόξῃ
574 709 670 762 νῦν
707 709 1035 779 παρίστασαι
1069 708 1208 775 μετά
1236 704 1487 773 ἀγγέλων
1512 702 1702 769 ἁγίων.
1731 719 1747 750 ι

1866 702 1990 753 ris.»
2036 699 2093 753 Et
2127 700 2355 769 Augusti
2389 710 2623 767 quarta:
2671 719 2689 751 ι
2730 699 2847 754 Non
2876 700 3110 771 amplius
3140 702 3191 755 iu
3224 703 3444 771 speculo

191 806 290 857 Kal
318 803 409 868 αὖ,
443 821 461 853 ι
502 804 699 873 Ὄρμῳ
744 801 966 871 γαληνῷ
1000 798 1455 871 προσωρμίσθης,
1507 796 1757 847 ἀναπαυ-

1866 791 2136 859 conspicis
2175 806 2447 845 summum
2483 793 2749 845 honormn
2776 829 2793 855 ,
2824 807 2857 845 ο
2891 802 3081 846 sancta
3114 801 3342 862 martyr,
3377 793 3441 845 ad

193 897 419 963 σάμενος
447 896 557 950 τῶν
604 896 803 959 πόνων,
839 893 933 945 καὶ
966 890 1376 960 στεφανηφόρος
1416 886 1662 957 χορεύεις
1698 887 1757 937 ὲν

1866 884 2058 937 faciem
2087 884 2287 952 aspicis
2320 883 2540 948 faciem,
2574 884 2681 953 iam
2715 884 2907 939 solutis
2938 899 3084 950 vere,
3115 900 3149 939 ο
3174 884 3443 947 Eudocia.

192 988 499 1065 παραδείσῳ
533 987 672 1056 μετά
704 985 1000 1055 μαρτύρων
1024 981 1285 1052 Χριστοῦ,
1318 981 1534 1051 Νικήτα
1565 978 1759 1030 θεσπὲ-
1836 1068 1841 1069 ν
1868 976 2221 1047 imaginibus.
2261 994 2274 1028 ι
2546 1067 2551 1069 Α
2592 1062 2598 1069 ἱ
3214 1066 3215 1069 Ἴ

191 1097 286 1144 σιε,
338 1058 537 1141 πάντες
590 1078 755 1145 ἀξίως
805 1096 865 1131 σε
924 1076 1243 1144 δοξάζομεν.
1286 1092 1303 1124 ι
1339 1074 1451 1127 Kal
1502 1070 1665 1124 πάλιν
1697 1069 1755 1122 ὲν
1796 1068 1963 1139 ἄλλῳ,
2005 1087 2024 1122 ε
2082 1070 2449 1138 Παραστάτης
2477 1062 2650 1138 δεξιδς
2717 1070 2834 1155 τῆς,
2862 1072 3023 1164 ἀγίας
3063 1066 3294 1143 Τριάδος
3364 1075 3448 1133 ὲν.

188 1174 462 1243 τυγχάνων
490 1174 732 1241 ἁμέσως.
793 1192 812 1225 ι
850 1174 956 1224 Kal
987 1173 1045 1224 ὲν
1074 1173 1139 1241 τῇ
1182 1170 1347 1240 ὲνόιτῃ
1396 1168 1513 1238 ᾠδῇ
1546 1167 1644 1220 τοῦ
1673 1168 1895 1231 κανόνος
1926 1164 2021 1219 τοῦ
2059 1168 2214 1234 ἁγίου
2262 1167 2511 1221 Ἰωάννου
2584 1168 2675 1221 τοῦ
2737 1169 3003 1237 Θεολόγου
3032 1187 3046 1201 ·
3117 1190 3136 1222 ‹
3167 1171 3282 1224 Νῦν
3344 1170 3447 1225 οὐκ

192 1266 246 1318 ὲν
295 1266 594 1336 αἰνίγματι,
647 1263 784 1336 πρὸς
844 1264 1134 1331 πρόσωπον
1172 1262 1228 1316 δὲ
1282 1262 1593 1333 πρόσωπον,
1648 1262 1747 1331 τῆς
1782 1260 1997 1331 τρυφῆς
2045 1259 2137 1312 τὸν
2165 1260 2508 1331 χειμάρρουν
2535 1260 2668 1331 όρᾷν
2715 1261 2973 1329 ἠξίωσαι,
3037 1262 3134 1314 καὶ
3184 1263 3277 1315 τὸν
3341 1280 3447 1316 πο.

192 1354 358 1429 ταμδὺ
389 1361 483 1429 τῆς
517 1360 761 1430 εἰρήνης,
810 1358 906 1411 καὶ
935 1357 1035 1428 τὴν
1078 1357 1263 1427 πηγὴν
1298 1356 1401 1427 τῆς
1431 1356 1757 1419 ἀθανασίας,
1796 1349 1864 1425 ἧς
1897 1353 1991 1409 νῦν
2020 1354 2404 1424 ἀρδευόμενος,
2444 1354 2743 1417 ἀπολαύεις
2784 1358 2881 1424 τῆς
2945 1356 3211 1417 θεώσεως.
3250 1376 3268 1407 ι
3344 1359 3452 1413 Kal

188 1457 477 1525 Αὐγούστῳ
510 1456 767 1526 τετάρτῃ,
802 1472 821 1509 ι
854 1456 967 1510 Οὐκ
999 1453 1078 1506 ἔτι
1113 1454 1245 1525 ὁρᾷς
1287 1454 1343 1506 ὲν
1378 1452 1627 1522 ἐσόπτρῳ
1658 1451 1843 1505 καλῶν
1872 1450 1931 1506 τὸ
1980 1450 2312 1521 ἀκρότατον,
2364 1449 2508 1516 ὁσία,
2581 1450 2719 1521 πρὸς
2786 1450 2843 1503 δὲ
2887 1452 3178 1519 πρόσωπον
3240 1451 3451 1521 μάρτυς

190 1552 408 1619 θεωρεϊς
442 1549 755 1618 πρόσωπον,
789 1548 889 1618 ἤδη
927 1546 1197 1601 λυθέντων
1227 1548 1290 1614 τῇ
1328 1545 1578 1615 ἀληθεία,
1617 1543 1869 1612 Εὑδοκίσ,
1904 1542 2012 1595 τῶν
2042 1542 2355 1610 ἐμφάσεων.
2392 1561 2412 1594 3

272 1647 403 1699 Ἰδοὺ
444 1645 566 1715 μὲν,
593 1644 672 1706 ὡς
718 1645 843 1711 ἐμοὶ
868 1644 1034 1707 δοκεῖ,
1067 1645 1127 1697 ού
1173 1638 1555 1712 φανερώτερον
1610 1638 1761 1708 εὖροι

189 1756 270 1801 τις
302 1739 365 1790 ἂν
388 1737 496 1789 τῶν
526 1737 633 1807 ῆδη
678 1738 811 1806 ἡμῖν
841 1736 1170 1807 εἰρημένων.
1207 1735 1493 1797 Τουτέστι,
1542 1734 1762 1801 πρόσω-

194 1848 290 1883 πον
319 1830 453 1898 πρὸς
480 1830 771 1899 πρόσωπον
796 1844 809 1859 ·
841 1830 956 1891 xtl,
986 1828 1080 1882 νῦν
1127 1826 1458 1881 ἀπολαύουσι
1489 1828 1589 1896 τῆς
1632 1825 1760 1881 θεώ-

196 1939 351 1979 σεως.
397 1922 501 1973 Kal
555 1922 612 1974 ὲν
647 1920 959 1991 παραδείσῳ
991 1920 1110 1973 νυνὶ
1154 1923 1439 1992 χορεύουσι
1490 1936 1760 1989 στεφανη-

191 2015 365 2083 φόροι.
424 2014 530 2068 Kal
578 2014 674 2068 νῦν
714 2012 1075 2082 παρίστανται
1135 2012 1213 2083 τῷ
1261 2012 1355 2066 τοῦ
1394 2011 1530 2067 Θεοῦ
1586 2012 1761 2082 θρόνῳ

195 2106 331 2173 μετά
360 2106 608 2174 ἀγγέλων
643 2104 836 2173 ἁγίων.
870 2104 937 2157 Τί
970 2104 1098 2159 ἀλλο
1142 2104 1421 2175 δυνάμεθα
1471 2105 1692 2166 ἐννοεῖν,
1725 2103 1758 2175 ἢ

188 2192 271 2249 δτι
306 2197 753 2266 ἀπολαμϐάνουσι
773 2196 869 2249 νῦν
900 2197 1037 2250 καθδ
1059 2196 1261 2266 ψυχαίς
1287 2196 1363 2259 ὡς
1389 2195 1755 2265 προεθέμεθα·

194 2295 287 2345 xal
316 2292 414 2362 ήδη
467 2291 807 2361 διαπρυσίως
856 2290 1160 2358 ἐδείξαμεν.
1193 2291 1254 2343 Ei
1293 2290 1339 2343 δ’
1367 2290 1467 2343 οὐκ
1502 2289 1759 2357 ἀρκεῖσθε

192 2384 419 2446 τούτοις,
451 2384 697 2450 δείξομεν
726 2383 819 2436 καὶ
858 2382 992 2435 ἄλλα
1034 2384 1098 2434 ὲκ
1128 2383 1233 2434 τῶν
1271 2382 1473 2452 ὁμοίων
1503 2382 1759 2451 Γραφῶν.

202 2476 291 2527 Ἐν
323 2478 387 2545 τῇ
434 2476 597 2548 ἐνάτῃ
627 2475 745 2546 ᾠδῇ
765 2475 873 2527 τῶν
905 2475 1076 2541 ἁγίων
1129 2476 1405 2542 Πατέρων,
1452 2475 1509 2527 ἓν
1554 2476 1762 2544 τροπά-

194 2584 309 2637 ριον
360 2567 503 2620 οῦτω
531 2568 702 2635 λέγει,
740 2587 759 2619 τι
803 2567 1077 2634 Μεγάλων
1122 2566 1391 2635 ἡξιὼθητε
1424 2568 1531 2619 τῶν
1584 2569 1760 2635 τιμῶν

189 2659 285 2712 ἐπὶ
336 2661 459 2728 γῆς,
513 2658 912 2729 ούρανόφρονες
959 2658 1125 2726 ἀγιοι,
1181 2658 1262 2710 ὅτι
1296 2658 1534 2725 Χριστοῦ
1591 2658 1762 2710 τύπον

189 2753 485 2820 ἐτιμήσατε
536 2750 822 2821 σχετικῶς.
858 2750 969 2802 Kal
1000 2749 1096 2802 νῦν
1130 2750 1289 2802 σκιὰν
1332 2750 1633 2817 ὲκθέμενοι,
1667 2750 1763 2802 καὶ

186 2846 252 2895 τὸ
284 2843 681 2913 περικάλυμμα
727 2845 828 2911 τῆς
858 2842 1082 2913 σαρκὸς,
1121 2842 1286 2895 αὑτὸν
1318 2841 1760 2909 αὑτοπροσὼπως

188 2934 271 2995 είς
302 2933 596 3002 πρόσωπον
630 2932 815 3001 δρᾶτε,
840 2930 1065 2983 καὶτῶν
1093 2928 1359 3001 μειζόνων
1377 2928 1707 2996 ἀξιούμενοι.
1737 2948 1755 2980 ι

190 3025 303 3078 Kal
355 3023 561 3088 ἄλλοθι,
596 3042 614 3074 ι
658 3022 773 3076 Ἀεὶ
824 3023 1128 3093 προῖστασο
1184 3020 1295 3073 τῶν
1336 3020 1649 3086 ὑμνούντων
1702 3028 1761 3071 σε

187 3115 279 3166 διὰ
316 3115 533 3177 παντὸς,
568 3113 663 3167 καὶ
695 3114 796 3183 τὴν
849 3112 947 3182 σὴν
974 3112 1369 3181 εὐφημούντων
1420 3112 1756 3179 πανήγυριν,

1940 1635 2080 1692 Ecce
2108 1636 2221 1706 jam
2263 1636 2397 1692 nihil
2428 1637 2692 1707 apertius.
2739 1648 2801 1693 ut
2833 1640 2965 1695 mihi
3013 1641 3249 1703 videtur.
3294 1658 3451 1712 repe-

1870 1728 2041 1784 rietur
2079 1728 2167 1784 his
2207 1743 2330 1799 qua
2359 1744 2391 1784 a
2422 1729 2582 1785 nobis
2623 1730 2783 1785 allata
2815 1743 2943 1786 sunt
2973 1773 2988 1796 ,
3022 1734 3073 1787 id
3108 1742 3213 1795 est,
3251 1752 3271 1784 ε
3314 1734 3451 1790 facie

1868 1820 1933 1874 ad
1974 1820 2194 1887 faciem,
2239 1840 2256 1873 ι
2292 1829 2368 1887 et,
2404 1840 2423 1874 ι
2466 1837 2611 1877 nunc
2636 1823 2921 1878 divinitate
2947 1824 3274 1892 perfrueris.
3315 1846 3332 1877 ι
3369 1837 3444 1891 et,

1866 1911 1950 1965 ciu
1986 1912 2236 1979 paradiso
2271 1928 2415 1968 nunc
2438 1914 2682 1969 coronati
2723 1916 3042 1984 tripudiant,
3081 1935 3097 1970 ι
3141 1927 3214 1984 et,
3248 1938 3266 1971 ε
3305 1935 3450 1974 nunc

1865 2002 1955 2057 Dei
1998 2005 2194 2059 throno
2245 2020 2368 2058 cum
2405 2007 2610 2061 sanctis
2650 2009 2860 2079 angelis
2911 2010 3175 2065 assistunt
3214 2031 3261 2076 »ς
3316 2013 3449 2081 quid

1864 2095 2007 2149 aliud
2040 2111 2334 2165 possumus
2375 2098 2681 2170 intelligere
2729 2113 3091 2172 prmterquam
3134 2106 3278 2174 quod
3314 2120 3448 2175 qum

1864 2196 2024 2242 tenus
2052 2190 2251 2243 animae
2278 2189 2654 2259 perfruuntur,
2710 2204 2770 2248 ut
2820 2204 2976 2247 antea
3006 2198 3365 2265 exposuimus
3397 2208 3450 2253 et

1860 2282 1971 2350 jam
1992 2283 2271 2337 evidenter
2310 2285 2819 2352 ostendimus?Quo
2836 2290 2878 2344 si
2909 2289 2992 2344 his
3014 2306 3117 2343 non
3142 2293 3449 2361 acquiesci-

1866 2376 1954 2441 tis,
1984 2388 2036 2431 et
2071 2377 2175 2431 alia
2206 2395 2269 2433 ex
2295 2379 2535 2448 ejusdem
2563 2383 2779 2451 generis
2807 2384 3096 2452 scripturis
3127 2386 3444 2442 ail‘eremus.

1870 2468 1927 2521 In
1965 2468 2067 2523 ode
2098 2468 2131 2523 9
2176 2473 2488 2525 Sanctorum
2544 2472 2764 2528 Patrum
2828 2476 3124 2546 antiphona
3157 2479 3227 2532 ita
3262 2480 3392 2534 dicit
3430 2497 3446 2538 :

1871 2580 1888 2611 ι
1933 2562 2182 2630 Magnum
2240 2564 2445 2617 cultum
2508 2567 2681 2619 meriti
2715 2568 2887 2631 estis,
2929 2569 3180 2623 caelestes
3228 2574 3447 2640 sancti,

1865 2656 1989 2724 quia
2025 2656 2229 2712 Christi
2270 2659 2497 2724 figuram
2532 2661 2775 2715 studiose
2808 2660 2999 2717 imitati
3029 2665 3183 2726 estis,
3215 2676 3269 2719 et
3303 2683 3446 2721 nunc

1868 2750 2058 2803 umbra
2088 2759 2140 2804 ct
2184 2751 2367 2804 carnis
2416 2752 2758 2820 operimento
2812 2754 3081 2823 deposito,
3134 2771 3257 2810 eum
3309 2758 3448 2813 facie

1867 2840 1933 2895 ad
1969 2841 2163 2895 faciem
2200 2842 2397 2895 videtis
2432 2850 2485 2895 et
2521 2843 2765 2898 maxima
2796 2846 2973 2899 meriti
3006 2847 3158 2902 estis.
3200 2866 3218 2898 ι
3251 2847 3314 2902 Et
3349 2853 3449 2905 all-

1870 2933 1920 2987 bi
1953 2951 1967 2987 :
2003 2951 2021 2985 ι
2064 2934 2293 3003 Semper
2321 2933 2637 3004 Suil'ragaris
2661 2936 2725 2991 iis
2745 2937 2835 3005 qui
2867 2946 2917 2992 te
2948 2938 3193 3005 laudant,
3218 2951 3270 2995 et
3296 2952 3446 2997 tuum

1869 3026 2145 3080 celebrant
2183 3026 2380 3081 festmn
2414 3026 2642 3082 Domino
2677 3028 2967 3097 assistens,
2998 3030 3271 3096 Onesime,
3305 3044 3448 3090 totus

1873 3117 2174 3187 refulgens,
2210 3127 2355 3171 totus
2394 3118 2767 3187 resplendeus,
2799 3129 2944 3176 totus
2987 3122 3303 3178 caelestibus
3340 3125 3448 3179 tul.

188 3208 267 3275 τῷ
285 3207 519 3277 δεσπότῃ
540 3225 613 3259 πα
622 3206 801 3278 ρεστὼ
820 3225 857 3272 ·,
880 3206 1167 3275 Ὀνήσιμε,
1191 3206 1310 3268 ὅλος
1330 3203 1760 3273 πεφωτισμένος.

1868 3209 2036 3279 getris
2087 3225 2403 3265 coruscans.
2449 3232 2468 3259 ιι
2508 3212 2572 3265 Ει
2603 3211 2727 3265 alibi
2763 3230 2777 3267 :
2814 3233 2829 3263 ι
2869 3212 3139 3283 lnspicitis
3171 3255 3186 3279 ,
3242 3227 3447 3288 marty-

192 3300 319 3359 ὅλος
348 3301 764 3370 ὑπέρλαμπρος,
797 3300 915 3361 ὅλος
942 3300 1056 3360 ταῖς
1092 3298 1300 3351 ἐκεῖθεν
1335 3299 1642 3367 ἀστραπαῖς
1670 3315 1766 3349 κα-

192 3392 637 3461 ταλαμπόμενος.
686 3410 705 3442 ι
752 3392 863 3445 Kal
911 3390 1215 3461 ἀλλαχοῦ,‹
1259 3390 1566 3461 Καθορᾶτε,
1622 3392 1763 3461 μάρ-

190 3500 377 3555 τυρες,
411 3485 469 3537 τὸ
508 3484 652 3537 θεῖον
688 3483 883 3545 κάλλος
928 3482 1272 3554 τρανώτερον
1318 3485 1412 3535 καὶ
1463 3483 1766 3551 λαμπρότε-

186 3595 307 3646 ρον.
350 3596 368 3626 ι
402 3578 512 3630 Kal
571 3576 755 3638 πάλιν,
793 3596 811 3627 ι
853 3575 1032 3630 Ὀπου
1083 3574 1266 3638 τάξεις
1313 3575 1579 3642 ἀγγέλων,
1630 3575 1763 3627 ὅπου

180 3670 297 3721 τῶν
329 3669 556 3722 δικαίων
591 3670 641 3721 oi
689 3669 853 3739 δῆμοι
900 3667 1247 3735 ἀγάλλονται.
1287 3686 1305 3719 ι»
1343 3668 1450 3720 Kal
1499 3670 1555 3719 ὲν
1592 3668 1758 3737 ἄλλῳ,

190 3783 212 3811 ε
251 3762 365 3815 Kal
421 3762 697 3828 βασιλείας
725 3761 994 3831 οὐρανῶν,
1042 3760 1228 3830 σαφῶς
1260 3759 1552 3829 ὴξιώθητε,
1596 3774 1762 3813 κατα-

186 3855 537 3923 λαμπόμενοι
568 3855 665 3916 τῆς
699 3853 929 3923 Τριάδος
967 3853 1087 3914 ταῖς
1120 3852 1316 3919 αὐγαῖς
1352 3851 1697 3918 ἀξιάγαστοι.
1736 3869 1755 3902 ι

197 3948 301 3999 Kal
335 3946 516 4009 πάλιν,
564 3964 582 3994 ι
620 3944 804 3997 Σάϐϐα
846 3943 1182 4012 παμμάκαρ,
1234 3943 1342 3995 τῶν
1371 3940 1617 4010 ἀγγέλων
1655 3943 1764 3995 iso-

185 4038 401 4100 στάσιε,
434 4038 706 4107 δμόσκηνε
741 4035 926 4101 ὁσίων,
963 4035 1219 4104 συνόμιλε
1253 4033 1567 4104 προφητῶν,
1625 4050 1761 4103 μαρ-

177 4129 370 4198 τύρων
422 4128 517 4181 καὶ
552 4126 865 4179 ἀποστόλων
919 4126 1351 4195 συγκληρονόμε,
1390 4124 1506 4193 φῶς
1551 4124 1610 4177 τὸ
1639 4125 1761 4178 ἀνέ-

180 4239 395 4290 σπερον
424 4224 451 4274 6
482 4220 577 4273 νῦν
627 4218 922 4284 κατοικῶν,
944 4218 1004 4271 οῦ
1034 4220 1151 4281 ταῖς
1201 4218 1575 4288 φρυκτωρίαις
1628 4218 1763 4285 λαμ-

180 4314 430 4383 πόμενος
480 4314 599 4373 ταῖς
642 4310 837 4373 θείαις,
871 4309 949 4378 τῷ
997 4309 1283 4385 ἀκροτάτῳ
1328 4308 1436 4360 τῶν
1484 4307 1692 4374 ἐφετῶν
1734 4309 1763 4361 6

176 4400 482 4472 παρεστὼς
520 4399 803 4470 παρρησία
853 4397 1362 4467 λελαμπρυσμένος.
1412 4416 1430 4447 I-
1477 4397 1756 4462 ’Δκούειςς

172 4493 305 4563 φῶς
338 4492 398 4543 τὸ
427 4491 730 4560 ἀνέσπερόν
762 4505 897 4557 φησι
926 4504 938 4517 ·
973 4489 1087 4555 φῶς
1127 4489 1235 4557 γὰρ
1285 4490 1312 4541 6
1356 4489 1489 4551 Θεὸς
1527 4487 1760 4541 ἀνέσπε-

1873 3315 1980 3363 res,
2016 3301 2255 3356 divinam
2314 3302 2773 3371 pulchritudinem
2834 3304 3177 3360 manifestius
3224 3317 3278 3361 et
3330 3309 3445 3362 cla-

1870 3393 2007 3447 rius.
2048 3411 2067 3443 ι
2114 3392 2178 3447 Ει
2210 3409 2401 3448 rursus
2444 3412 2457 3448 ε
2502 3414 2519 3444 ι
2569 3393 2669 3449 Ubi
2721 3396 2941 3452 ordines
2971 3399 3313 3468 angelorum,
3350 3402 3439 3456 ubi

1866 3482 2137 3552 justorum
2183 3486 2367 3554 populi
2398 3486 2689 3541 exsultant.
2733 3507 2750 3537 ι
2791 3488 2856 3542 Et
2889 3491 2938 3543 in
2984 3490 3090 3543 alio
3130 3509 3143 3545 :
3183 3513 3200 3542 ιι
3253 3492 3315 3546 Et
3358 3509 3446 3549 re-

1867 3590 2031 3642 gnum
2062 3576 2327 3631 caelorum
2360 3589 2545 3646 aperte
2577 3580 2776 3645 meriti,
2803 3579 3090 3639 Trinitatis
3122 3584 3291 3641 radiis
3324 3586 3446 3641 illu-

1868 3666 2047 3726 strati.
2082 3682 2115 3720 o
2146 3668 2505 3724 admiratione
2549 3671 2720 3741 digni.
2767 3692 2785 3724 ›
2822 3672 2886 3727 Ει
2923 3690 3110 3729 rursus
3147 3694 3163 3732 :
3202 3695 3221 3730 ι
3264 3678 3439 3734 Sabba

1868 3756 2202 3822 beatissime,
2236 3758 2554 3827 angelorum
2590 3766 2811 3831 aequalis
2843 3805 2857 3827 ,
2893 3776 3206 3823 sanctorum
3244 3782 3442 3826 contu-

1868 3848 2106 3903 bernalis
2132 3892 2145 3915 ,
2183 3853 2573 3921 prephctarum
2626 3858 2807 3908 socius
2836 3896 2849 3919 ,
2888 3838 3188 3930 martyrum
3228 3875 3279 3916 et
3314 3880 3443 3933 apo-

1867 3943 2125 3997 stolorum
2160 3944 2425 4007 cohaercs,
2462 3945 2633 4001 lucem
2664 3963 2769 4000 non
2797 3951 3134 4005 occidentem
3172 3971 3314 4011 nunc
3348 3958 3436 4011 in-

1866 4035 2074 4097 colens,
2130 4036 2283 4104 cujus
2330 4036 2529 4091 divinis
2580 4038 2792 4093 facibus
2852 4042 3155 4099 illustratus
3222 4062 3436 4104 summo

1869 4126 2099 4196 principi
2141 4127 2421 4194 assistens,
2453 4139 2509 4184 et
2541 4142 2726 4199 aperte
2759 4148 3110 4193 coruscans.»
3156 4139 3441 4197 Audisne?

1867 4217 2067 4273 Lucem
2113 4235 2219 4274 non
2266 4221 2609 4278 occidentem
2657 4225 2790 4281 dicit
2829 4244 2845 4291 ;
2878 4243 3005 4283 nam
3043 4230 3185 4285 Dens
3217 4242 3301 4288 est
3344 4235 3438 4290 lux

1866 4328 1975 4366 non
2013 4314 2301 4380 occidens;
2343 4314 2552 4370 habitat
2582 4327 2761 4372 autem
2790 4334 2935 4375 nunc
2978 4337 3101 4376 cum
3134 4324 3260 4379 Deo.
3299 4326 3441 4381 Prai-

1870 4411 2015 4456 terea
2062 4418 2338 4458 summum
2393 4407 2723 4477 principium
2766 4412 2899 4479 quid
2932 4413 3247 4481 significat?
3278 4416 3442 4472 Sum-

1868 4507 2013 4543 mum
2044 4493 2188 4545 enim
2229 4496 2493 4549 honorum
2518 4536 2532 4559 ,
2565 4512 2840 4553 summmu
2879 4502 3233 4575 principium,
3283 4522 3439 4565 sum.

178 4561 286 4652 ρον
307 4596 321 4611 '
356 4584 601 4635 κατοικεῖ
630 4580 686 4633 δὲ
717 4578 813 4633 νῦν
844 4579 985 4649 μετά
1014 4578 1108 4631 τοῦ
1158 4579 1317 4640 Θεοῦ,
1354 4576 1471 4631 εἶτα
1496 4579 1557 4631 τὸ
1588 4580 1759 4646 ἀκρον

1867 4594 2010 4632 mum
2045 4580 2532 4650 pulchritudinum,
2571 4589 2643 4641 nil
2683 4588 2826 4642 aliud
2858 4600 2943 4645 est
2973 4561 3075 4648 nisi
3115 4561 3256 4652 Deus
3301 4602 3438 4667 ipsc.

173 4673 301 4724 τῶν
335 4671 570 4739 ἐφετῶνο
604 4670 655 4721 τί
678 4669 871 4737 δηλοῦν
899 4668 1184 4737 βούλεται;
1225 4669 1286 4720 τὸ
1313 4669 1421 4737 γὰρ
1455 4668 1624 4737 ἀκρον
1651 4668 1761 4720 τῶν

174 4765 433 4833 ἀγαθῶν,
457 4762 516 4815 τδ
544 4762 716 4832 ἀκρον
746 4761 856 4813 τῶν
879 4760 1109 4828 ἐφετῶν,
1134 4762 1192 4812 τὸ
1226 4760 1396 4830 ἄκρον
1422 4760 1529 4811 τῶν
1557 4760 1757 4820 καλῶν.

170 4859 345 4911 οὐδὲν
370 4850 499 4911 ἄλλο
539 4856 709 4916 ἐστὶν,
739 4855 786 4907 εί
818 4853 893 4922 μὴ
937 4852 1096 4914 αὐτὸς
1138 4854 1165 4904 6
1190 4852 1345 4913 Θεός.
1382 4852 1551 4915 Οὗτος
1575 4852 1630 4903 δὲ
1664 4867 1763 4902 πα-

172 4950 445 5020 ρίσταται
494 4945 660 5014 αὐτῷ,
718 4944 811 4996 καὶ
852 4944 1098 4999 κατοικεῖ
1160 4942 1280 5011 μετ’
1330 4942 1517 4995 αὐτοῦ’
1572 4942 1623 4994 τί
1668 4940 1762 4994 οὖν

165 5042 316 5097 ἄλλο
366 5042 503 5111 πρὸς
534 5038 669 5091 Θεοῦ
703 5038 980 5105 σημαίνει,
1016 5036 1130 5091 ἀλλ’
1163 5036 1197 5107 ἢ
1245 5037 1304 5090 τὸ
1350 5037 1762 5105 ἀπολαμϐάνειν

160 5136 312 5193 τοὺς
348 5133 534 5199 ἁγίους
573 5130 669 5181 νῦν
708 5128 831 5182 καθ’
895 5128 1019 5181 ὅσον
1057 5127 1165 5180 είσὶ
1209 5127 1419 5197 ψυχαί;
1456 5128 1517 5183 Εί
1548 5128 1603 5181 δὲ
1636 5128 1762 5196 βού-

160 5227 264 5277 λει
302 5230 399 5279 καὶ
436 5222 569 5275 ἄλλα
599 5220 854 5280 ἀκοῦσαι.
906 5219 1015 5271 ίδοὺ
1065 5218 1320 5287 λέγομεν.
1357 5237 1377 5270 ι
1426 5220 1534 5271 Kal
1568 5219 1761 5272 ἀδύτου

162 5314 471 5384 φωτισμοῦ
502 5311 594 5363 νῦν
645 5310 1018 5364 ἀπολαύουσι.
1065 5329 1082 5360 ι
1121 5311 1230 5364 Kal
1280 5312 1338 5362 ὲν
1386 5310 1547 5379 ἄλλῳ,
1588 5329 1606 5361 ι
1641 5312 1762 5365 Τῶν

159 5406 362 5475 ἁγίων
394 5407 420 5456 ὁ
451 5404 607 5472 χορὸς
638 5396 763 5471 εὗρε
801 5401 982 5471 πηγὴν
1011 5402 1110 5468 τῆς
1140 5399 1307 5468 ζωῆς,
1346 5404 1438 5455 καὶ
1460 5401 1631 5471 θύραν
1658 5419 1760 5454 πα-

157 5496 462 5570 ραδείσου.
500 5514 517 5545 ι
561 5496 663 5546 Kal
713 5492 897 5555 πάλιν,
935 5509 953 5542 ε
995 5493 1103 5545 Καὶ
1130 5493 1177 5542 οι
1220 5492 1417 5544 δίκαιοι
1450 5494 1761 5560 λάμπουσιν

153 5594 252 5652 ὡς
288 5588 595 5656 φωστῆρες.
633 5603 650 5635 ι
691 5586 801 5636 Kal
851 5582 1107 5651 ἀλλαχοῦ,
1142 5602 1158 5632 ι
1211 5582 1520 5651 Ἐπιγείους
1565 5584 1760 5649 ἄθλους

150 5678 508 5739 διελθόντες,
535 5674 820 5743 οὐρανίους
846 5674 1035 5725 ἔλαϐον
1068 5675 1367 5739 στεφάνους
1399 5675 1446 5727 οἱ
1483 5676 1761 5745 μάρτυρες

150 5773 215 5823 οἱ
263 5767 511 5834 ἀληθεῖς.
559 5784 575 5815 ι
624 5766 733 5815 Καὶ
765 5764 948 5824 πάλιν,
994 5782 1011 5813 ι
1062 5764 1123 5813 Οί
1156 5764 1442 5834 ἀθλοφόροι
1487 5766 1761 5834 μάρτυρες

163 5862 286 5917 καὶ
312 5857 747 5926 οὐρανοπολῖται.
784 5856 875 5905 ἐπὶ
902 5857 1000 5923 γῆς
1042 5857 1393 5924 ἀθλήσανηὲν
1443 5858 1638 5919 πολλὰς
1673 5858 1762 5925 β²’

444 5968 717 6019 tumor“
755 5958 871 6017 (in.
936 5956 1135 6016 CLIX.

1868 4667 1963 4723 llic
1996 4670 2043 4723 ei
2079 4673 2312 4732 assistit,
2358 4685 2410 4728 et
2463 4678 2670 4731 habitat
2703 4692 2829 4734 cum
2881 4697 2969 4747 co,
3006 4686 3138 4754 quid
3173 4688 3316 4741 aliud
3346 4702 3441 4757 per

1866 4760 2032 4815 Deum
2066 4763 2309 4829 denOIat,
2337 4776 2696 4836 praeterquam
2732 4772 2875 4837 quod
2910 4776 3088 4831 sancti
3117 4793 3281 4843 nunc,
3304 4796 3441 4851 qua-

1867 4862 2025 4907 tenus
2058 4854 2284 4918 animae,
2320 4856 2712 4923 perfruuntur?
2740 4861 2796 4914 Si
2836 4864 2916 4918 vis
2964 4877 3019 4918 et
3068 4868 3171 4920 alia
3224 4872 3436 4935 audite,

1858 4941 1971 5008 jam
2024 4944 2279 4999 dicimus.
2348 4966 2366 4995 ι
2419 4948 2481 5001 Ει
2525 4949 2895 5007 inaccessibili
2958 4957 3077 5011 luce
3135 4976 3279 5015 nunc
3320 4978 3441 5030 per-

1863 5032 2135 5089 fruuntur.
2170 5056 2186 5085 ν
2222 5037 2286 5090 Et
2320 5039 2443 5091 alibi
2480 5056 2493 5092 :
2530 5060 2547 5091 ι
2580 5040 2907 5098 Sanctorum
2941 5047 3141 5105 chorus
3173 5051 3292 5105 vita:
3319 5053 3437 5107 fon-

1865 5134 1969 5177 tem
2004 5134 2058 5178 et
2084 5125 2306 5193 januam
2343 5130 2579 5193 paradisi
2611 5144 2804 5187 nactus
2831 5144 2971 5189 est.»
3010 5138 3068 5192 Et
3100 5155 3309 5195 rursus:
3342 5145 3440 5199 «Et

1858 5214 1989 5284 justi
2038 5215 2203 5268 veluti
2253 5216 2539 5273 luminaria
2578 5219 2803 5289 fulgent.
2846 5244 2863 5273 ›
2898 5225 2961 5278 Ει
3008 5227 3187 5281 alibi:
3233 5249 3250 5278 σ
3299 5230 3434 5286 Cum

1866 5315 2077 5359 terrena
2103 5309 2403 5362 certamina
2433 5312 2852 5379 perlustrassent
2883 5318 2994 5370 vcri
3028 5330 3312 5389 martyres,
3346 5338 3437 5378 cu-

1863 5413 2028 5453 ronas
2076 5410 2202 5453 Sunt
2254 5404 2551 5457 consecuti.
2592 5424 2609 5452 )
2661 5404 2725 5458 Ει
2774 5424 2961 5462 rursus
3000 5426 3014 5463 :
3054 5430 3072 5461 ι
3127 5411 3437 5471 Certatorcs

1864 5502 2128 5559 maityres
2158 5508 2221 5547 ac
2262 5494 2383 5546 caeli
2418 5495 2565 5548 cives
2594 5497 2645 5550 in
2678 5508 2822 5551 terra
2853 5499 3191 5557 decertantes
3235 5505 3435 5560 multos

1862 5586 2138 5639 cruciatus
2178 5586 2524 5653 pertulerunt
2558 5598 2612 5641 et
2660 5590 2956 5658 perfectam
2990 5593 3043 5646 iu
3092 5594 3244 5648 cmlis
3274 5611 3434 5650 coru—

1863 5693 1985 5730 nam
2019 5690 2344 5745 receperunt.
2372 5720 2386 5743 ,
2426 5688 2482 5731 ut
2518 5696 2616 5748 pro
2650 5681 2849 5736 nostris
2882 5685 3167 5739 animabus
3200 5686 3432 5742 interce-

1862 5768 2073 5820 derent.
2123 5785 2139 5817 ι
2184 5767 2247 5820 Et
2297 5783 2531 5822 rursus:
2572 5788 2589 5820 ι
2622 5770 2967 5825 Cclcberrimi
3003 5783 3302 5844 martyres,
3340 5790 3435 5829 vos

1866 5874 1972 5913 non
2004 5869 2144 5913 terra
2170 5863 2403 5929 operuit,
2426 5863 2519 5916 scd
2543 5862 2740 5916 caelum
2768 5866 3011 5932 excepit;
3052 5880 3253 5935 aperta:
3284 5880 3432 5932 sunt,

2970 5956 3040 6016 [t1
