4156 6420
709 373 845 439 1291

1765 369 2082 431 JOSEPIII
2125 368 2673 430 EETHONENSIS

3818 379 3959 440 132

704 500 862 553 vobis
893 506 1058 566 portae
1090 493 1359 562 paradisi.
1385 501 1433 544 et
1475 492 1617 544 intro
1650 490 1879 559 profecti
1906 490 2114 556 lignum
2149 488 2268 540 vitae

2376 488 2570 548 σάνους
2601 487 2919 553 ὑπέμειναν,
2949 490 3044 543 καὶ
3081 488 3289 542 τέλειον
3318 490 3593 545 ἀπέλαϐον
3626 502 3717 545 τον
3750 500 3955 563 πτέρι-

703 595 837 646 estis
856 589 1111 651 assecuti,
1142 585 1282 655 apud
1309 583 1581 638 Christum
1607 580 1980 636 intercedite.»
2010 578 2113 634 Ubi
2142 589 2269 633 sunt

703 686 798 756 qui
828 684 1016 738 dicunt
1044 688 1264 735 sanctos
1307 692 1413 733 non
1445 690 1588 739 esse,
1623 676 1735 729 sive
1779 683 2092 727 sanctorum
2148 672 2268 724 ani-

708 789 826 829 mas
853 786 1001 827 nunc
1049 773 1103 826 in
1142 770 1395 839 paradiso
1444 782 1549 821 non
1604 764 1763 819 esse?
1813 763 2000 817 Nonne
2044 762 2273 816 audiunt

707 866 1102 921 Damascenum
1132 862 1400 915 dicentem
1437 875 1452 912 :
1487 877 1505 909 ι
1540 858 1752 926 Aperta:
1770 862 1899 910 sunt
1920 855 2071 909 vobis
2102 863 2273 923 porta:

704 955 987 1027 paradisi?
1015 973 1033 1004 ι
1064 952 1250 1007 Nonne
1278 952 1533 1013 audiunt,
1581 966 1600 999 ι
1647 946 2002 1017 introgressi?
2035 964 2053 997 ι
2084 954 2135 1000 et
2163 959 2270 999 non

704 1055 1032 1117 agnoscunt,
1068 1062 1088 1096 ι
1117 1044 1323 1113 lignum
1343 1044 1462 1096 vitae
1485 1040 1758 1095 consecuti
1792 1040 1959 1093 sunt?
1988 1057 2007 1090 ι
2037 1048 2092 1093 ει
2138 1057 2157 1089 ι
2187 1039 2273 1091 ἰη-

703 1138 990 1193 teteedunt
1023 1152 1122 1206 pro
1158 1135 1351 1189 nobis?
1383 1152 1404 1185 ι
1440 1132 1498 1187 Si
1526 1134 1692 1198 igitur
1714 1145 1887 1200 neque
1920 1138 2266 1201 receperunt,

704 1245 881 1298 neque
916 1228 1274 1292 intercedunt,
1323 1240 1505 1295 neque
1528 1224 1805 1279 Christum
1836 1224 2021 1277 vident
2043 1262 2059 1285 ,
2093 1236 2271 1290 neque

704 1324 806 1391 ipsi
841 1322 1107 1376 assistunt
1131 1360 1146 1383 ,
1187 1335 1364 1389 neque
1402 1318 1587 1373 divina
1637 1318 1757 1371 luce
1802 1314 2181 1385 perfruuntur,
2216 1324 2271 1369 et

703 1424 764 1469 ut
795 1430 904 1468 uno
934 1413 1099 1468 verbo
1130 1413 1330 1476 dicam,
1381 1425 1538 1465 nemo
1581 1425 1646 1464 ex
1690 1410 1919 1470 sanctis,
1953 1417 2011 1460 ut
2039 1407 2138 1476 ipsi
2168 1422 2270 1474 pu-

703 1515 843 1571 tant,
874 1520 1015 1558 nunc
1055 1519 1179 1557 cum
1225 1502 1446 1556 Christo
1481 1509 1597 1564 est,
1642 1501 1731 1554 ubi
1767 1509 1895 1555 sunt
1927 1516 2047 1568 qua:
2086 1499 2271 1568 psalli-

708 1599 870 1653 mus?
902 1594 1039 1649 Num
1083 1593 1261 1648 falsa?
1298 1593 1488 1657 Absit;
1520 1591 1613 1645 ubi
1653 1610 1671 1642 ι
1710 1592 1934 1658 spiritus
1977 1602 2030 1643 et
2078 1591 2273 1643 anima:

701 1690 978 1754 justorum
1024 1685 1243 1736 laudant
1272 1691 1343 1741 te,
1389 1680 1645 1743 Domine;
1680 1696 1698 1727 ι
1735 1688 1791 1731 et
1819 1676 1988 1730 illud:
2026 1694 2045 1727 ι
2085 1675 2273 1728 Diﬂra-

703 1782 810 1833 clis
838 1776 1096 1846 speculis,
1127 1773 1326 1837 sancti,
1356 1772 1495 1824 l'acie
1523 1770 1585 1823 ad
1605 1769 1795 1821 faciem
1821 1768 1986 1819 Deum
2018 1766 2265 1822 videtis.»

2383 597 2473 630 νον
2506 580 2564 630 ἐν
2595 580 2866 648 οὐρανοῖς,
2900 581 2987 631 ἵνα
3037 580 3417 649 πρεσϐεῦωσιν
3450 584 3589 653 ὑπὲρ
3620 586 3731 637 τῶν
3762 587 3951 654 ’,ζυγῶν

2382 670 2559 739 ἡμῶν.
2594 688 2615 722 ο
2649 670 2756 722 Καὶ
2790 671 2974 735 πάλιν,
3014 689 3033 722 ι
3069 671 3427 741 Πανεύφημοι
3478 677 3780 742 μαρτυρες,
3810 678 3953 742 ὑμᾶς

2380 765 2479 832 οὐχ
2508 765 2542 833 ἡ
2564 765 2636 832 γῆ
2657 764 3022 833 κατέκρυψεν,
3045 764 3164 818 ἀλλ’
3188 765 3417 834 adpo-ao;
3436 767 3757 831 ὕπέδεξατο.
3784 769 3957 822 Ἦνοὲο

2381 872 2556 923 γησαν
2582 856 2713 925 ὑμῖν
2739 856 3073 925 παραδείσου
3102 856 3269 910 πύλαι
3293 875 3308 889 ·
3342 858 3438 910 καὶ
3466 860 3619 921 ἐντὸς
3647 862 3954 926 γενὲμε-ιοι,

2378 945 2475 1000 τοῦ
2511 946 2671 1010 ξύλου
2727 946 2825 1013 τῆς
2855 946 2997 1015 ζωῆς
3049 947 3377 1014 ἀπέλαϐετε,
3411 950 3634 1019 Χριστῷ
3688 953 3957 1019 πρεσϐεύ-

2382 1054 2532 1092 σατε.
2575 1055 2595 1088 ι
2623 1037 2734 1090 Ποῦ
2760 1039 2899 1090 εἰσιν
2921 1038 2969 1089 οἱ
2990 1038 3243 1104 λέγοντες
3299 1042 3382 1092 ὅτι
3413 1042 3515 1092 οὐκ
3542 1042 3683 1093 εἰσιν
3708 1044 3756 1093 οἱ
3789 1044 3955 1107 Erg-.52,

2380 1130 2549 1197 ἤγουν
2579 1127 2691 1180 τῶν
2744 1128 2917 1197 ἁγίων
2952 1129 3010 1181 ai
3040 1130 3235 1199 ψυχαὶ,
3269 1132 3328 1183 ἐν
3370 1133 3689 1200 παραδείσῳ
3721 1134 3787 1185 τὶ
3820 1135 3913 1185 νῦν
3942 1151 3958 1198 ;

2380 1218 2496 1270 Οὐκ
2524 1217 2780 1271 ἀκούουσι
2801 1216 2895 1270 τοῦ
2933 1219 3295 1289 Δαμασκηνοῦ
3341 1219 3615 1287 λέγοντος,
3656 1240 3678 1273 ι
3700 1224 3956 1290 ἠνςξ-ίη-

2382 1326 2482 1362 σαν
2504 1309 2634 1377 ὑμῖν
2656 1310 2984 1379 παραδείσου
3016 1309 3181 1363 πύλαι
3208 1327 3253 1375 ;s
3283 1311 3382 1363 οὐκ
3411 1312 3673 1365 ἀκούουσι
3722 1316 3806 1375 τι,
3840 1316 3955 1365 Ἐνυ

2378 1401 2468 1463 τδς
2529 1402 2811 1469 γενόμενοι
2833 1418 2849 1467 ;
2888 1403 2949 1455 οὐ
2979 1401 3310 1469 γινώσκουσι
3342 1404 3422 1465 τὸ,
3459 1422 3479 1453 ι
3512 1404 3619 1456 T03
3666 1405 3827 1469 ξὶὶω
3865 1406 3957 1467 τίς

2381 1490 2526 1555 ζωῆς
2542 1491 3009 1561 ἀπολαμϐάνουσι,
3030 1493 3126 1545 καὶ
3146 1492 3540 1562 πρεσϐεύουσιν
3562 1496 3703 1562 ὑπὲρ
3727 1497 3887 1563 ἡμῶν
3910 1514 3953 1549 ει

2380 1581 2443 1634 ΕΞ
2472 1582 2567 1636 οῦν
2595 1584 2695 1635 οὐκ
2722 1584 3020 1645 ἀπέλαϐον,
3050 1585 3170 1636 οὐδὲ
3201 1586 3621 1651 πρεσϐεύουσιν,
3659 1588 3784 1638 alii
3830 1589 3959 1653 Xyn-

2379 1673 2505 1725 στὺν
2555 1673 2876 1741 θεωροῦσιν,
2929 1676 3048 1728 οὐδὲ
3076 1677 3437 1745 παρίστανται
3468 1676 3643 1744 αὐτῷ,
3689 1677 3799 1727 οὖῖ
3829 1680 3957 1727 ἀπο-

2378 1766 2600 1820 λαύουσι
2628 1766 2724 1820 τοῦ
2780 1769 2926 1822 θείου
2959 1769 3157 1836 φωτός.
3199 1772 3308 1822 Καὶ
3354 1770 3545 1833 ἁπλῶς
3598 1772 3799 1831 εἰπεῖν,
3836 1774 3954 1823 γαῖ’

707 1871 761 1924 Si
798 1884 940 1923 nunc
973 1884 1093 1921 rum
1125 1864 1343 1919 Christo
1372 1878 1476 1917 non
1503 1870 1650 1926 sunt,
1680 1877 1788 1915 non
1842 1869 2198 1928 receperunt;
2236 1875 2264 1914 s

2387 1858 2603 1923 αὐτοὺς,
2632 1860 2807 1923 οἰδεὶς
2858 1862 2969 1913 τῶν
2996 1861 3168 1929 ἁγίων
3214 1862 3331 1915 ἐστὶ
3379 1862 3477 1915 νῦν
3526 1866 3665 1931 μετᾶ
3697 1864 3793 1914 τοῦ
3828 1865 3954 1915 Χετ-

704 1979 807 2017 non
842 1968 1209 2026 receperunt,
1257 1971 1435 2025 neque
1478 1955 1821 2009 intercedunt
1858 1971 1873 2018 ;
1913 1954 1957 2008 si
1996 1968 2125 2007 vero
2158 1968 2265 2006 non

702 2055 1071 2113 intercedunt.
1129 2066 1230 2105 cur
1290 2048 1647 2103 invocamus?
1679 2045 1735 2099 Si
1793 2048 1938 2100 enim
1982 2060 2126 2100 nunc
2158 2061 2267 2099 non

705 2144 1070 2205 intercedunt,
1111 2155 1385 2208 nunquam
1420 2136 1789 2202 intercedent,
1824 2152 1945 2191 nam
1990 2137 2043 2190 in
2088 2136 2269 2191 futuro

702 2253 808 2292 non
839 2246 922 2291 est
947 2232 1282 2288 intercessio.
1317 2229 1505 2283 Nonne
1530 2229 1681 2283 audis
1711 2227 1882 2283 illud?
1921 2227 2069 2283 «Non
2102 2229 2268 2283 inter-

701 2329 952 2384 cessione
994 2341 1129 2395 opus
1176 2322 1247 2377 ibi
1302 2332 1383 2376 est
1428 2320 1651 2377 dimisso
1708 2330 1997 2375 conventu.
2038 2340 2057 2373 ι
2094 2321 2266 2375 Etiam

702 2421 822 2474 novi
847 2416 1077 2485 theologi
1098 2416 1307 2473 dicunt.
1336 2412 1685 2467 Peculiariter
1710 2412 1998 2483 recipiunt,
2023 2422 2077 2468 et
2098 2412 2266 2468 Deum

702 2512 756 2565 in
784 2510 977 2563 faciem
1006 2506 1211 2570 vident,
1248 2503 1341 2559 sed
1384 2503 1673 2558 ineﬂ’abilia
1701 2503 1866 2570 bona,
1901 2521 2048 2576 «quae
2080 2506 2268 2561 oculus

703 2618 811 2657 non
838 2601 990 2665 vidit,
1014 2608 1070 2655 et
1101 2598 1254 2654 aurls
1290 2611 1399 2651 non
1431 2596 1662 2663 audivit,
1692 2612 1789 2653 nec
1820 2597 1875 2652 in
1903 2612 1999 2654 cor
2026 2598 2265 2655 hominis

702 2692 970 2756 ascendit,
1018 2709 1037 2742 ι
1075 2705 1180 2744 non
1227 2698 1551 2760 receperunt
1582 2688 1799 2756 adhuc;
1831 2704 1939 2745 non
1971 2691 2115 2745 enim
2144 2707 2269 2748 om.

704 2786 837 2839 nino
889 2797 1177 2853 possumus
1208 2780 1422 2836 dililtcri
1459 2789 1680 2836 sanctos
1720 2780 1777 2836 in
1816 2782 2101 2851 prmsentia
2143 2799 2255 2838 non

701 2889 823 2931 esse
854 2888 977 2928 cum
1009 2871 1249 2928 Christo.
1288 2872 1333 2928 ο
1368 2872 1778 2942 insipientiam!
1808 2871 1862 2924 Id
1888 2911 1905 2937 ,
1934 2881 1989 2927 ut
2024 2888 2123 2941 ego
2151 2875 2268 2928 exi-

705 2968 891 3030 stimo,
929 2966 1042 3020 risu
1080 2964 1255 3035 magis
1292 2978 1455 3034 quam
1489 2963 1847 3033 responsione
1875 2963 2099 3032 dignum
2139 2974 2220 3020 est
2247 3004 2263 3029 ,

702 3072 826 3111 nam
860 3055 1020 3126 paulo
1055 3064 1181 3110 ante
1213 3061 1495 3108 ostensum
1540 3060 1624 3108 est
1675 3052 1926 3107 hmresim
1971 3066 2095 3107 esse
2126 3054 2266 3106 hanc

701 3150 993 3206 absurdam
1027 3146 1374 3218 argutiolam,
1412 3159 1514 3201 nec
1540 3145 1609 3201 de
1638 3158 1699 3200 ea
1732 3158 1869 3215 opus
1902 3152 1987 3199 est
2028 3144 2263 3214 amplius

700 3245 999 3311 disputare.

2380 1950 2529 2006 στοῦ.
2564 1953 2673 2005 Καὶ
2727 1952 2831 2005 ποῦ
2872 1952 3044 2009 ταῦτα
3095 1954 3130 2008 ἁ
3180 1954 3499 2025 ψάλλομεν;
3538 1951 3688 2023 ’Δρα
3743 1956 3952 2023 ιιι-,ινξξς

2376 2044 2580 2113 ἄπαγε.
2612 2045 2720 2098 Ποῦ
2771 2047 2827 2099 δὲ
2863 2048 2956 2100 καὶ
2993 2049 3075 2108 τὸ,
3120 2066 3140 2098 ι
3177 2046 3473 2115 Πνεῦματα
3521 2050 3614 2099 καὶ
3653 2048 3819 2117 ᾦυχαὶ
3854 2049 3955 2099 τῶν

2374 2140 2844 2205 δικαῖων,αίνοῦσί
2870 2157 2927 2193 σε
2932 2182 2954 2215 ,
2986 2140 3157 2210 Κύριε
3180 2158 3227 2206 ;ο
3268 2142 3362 2193 καὶ
3385 2141 3465 2201 τὸ,
3500 2140 3820 2192 (Λυθέντων
3852 2142 3953 2189 τεῒν

2376 2233 2677 2301 ἐσόπτρων,
2706 2233 2876 2299 ἅγιοι,
2900 2234 3191 2303 πρόσωπον
3215 2233 3355 2303 πρὸς
3379 2234 3678 2302 πρόσωπον
3710 2234 3801 2285 tibi
3822 2233 3953 2284 Θεὸν

2375 2324 2645 2393 καθορᾶτε
2676 2341 2724 2391 ;ι
2764 2326 2829 2378 ἂν
2852 2325 2961 2393 γὰρ
2991 2322 3087 2377 νῦν
3112 2326 3213 2378 οὐκ
3250 2326 3357 2377 εἰσὶ
3394 2325 3533 2394 μετὰ
3566 2325 3663 2377 τοῦ
3695 2325 3953 2391 Χριστοῦ,

2373 2415 2473 2467 οὐκ
2523 2414 2798 2469 ἀπέλαϐον
2822 2431 2837 2447 ·
2885 2417 2937 2469 εί
2967 2416 3013 2469 δ’
3049 2420 3151 2470 οὐκ
3186 2416 3479 2479 ἀπέλαϐον,
3525 2417 3647 2469 οὗδέ
3682 2417 3954 2486 πρεσϐεῦ-

2374 2522 2546 2561 ουσιν.
2581 2506 2641 2558 Εἰ
2665 2507 2710 2559 δ’
2738 2507 2800 2561 οὐ
2827 2508 3227 2579 πρεσϐεύουσι,
3271 2509 3326 2561 τί
3354 2510 3448 2563 καὶ
3472 2509 3907 2579 παρακαλοῦμεν
3938 2528 3953 2575 ;

2375 2600 2424 2652 εί
2455 2598 2566 2670 γὰρ
2593 2598 2689 2652 νῦν
2716 2602 2777 2654 οὐ
2807 2591 3378 2673 πρεσϐεύουσιν,ὀὺδὲ
3426 2604 3646 2657 πώποτε
3682 2605 3949 2672 1292;63:3-

2377 2706 2586 2745 σουσιν⁶
2632 2692 2692 2744 ἐν
2712 2693 2821 2763 γὰρ
2841 2694 2918 2762 τῷ
2964 2695 3210 2763 μέλλοντι
3267 2696 3532 2767 πρεσϐεία
3548 2698 3650 2749 οὐκ
3672 2698 3809 2749 ἔστι.
3839 2698 3955 2749 Οὐκ

2373 2780 2590 2845 ἀκούεις
2619 2782 2706 2847 τὸ,
2752 2782 2829 2836 Οὐ
2872 2785 3029 2855 χρεία
3066 2786 3349 2856 πρέσϐεων
3377 2789 3514 2851 ἐκεῖ,
3568 2788 3829 2855 λυθείσης
3858 2790 3955 2855 τῆς

2375 2872 2773 2943 πανηγύρεως;
2810 2873 2920 2927 Ναί
2966 2893 3132 2944 φασιν
3155 2879 3204 2931 oi
3256 2880 3360 2932 δέοι
3390 2878 3654 2947 θεολόγοι,
3698 2881 3955 2949 ἀπελαμ-

2374 2960 2596 3016 ϐἁνουσι
2643 2964 2910 3034 μερικῶς,
2952 2967 3047 3019 καὶ
3086 2969 3180 3020 τὸν
3220 2968 3355 3022 Θεὸν
3379 2971 3581 3039 ὁρῶσιν
3610 2970 3693 3032 είς
3738 2975 3956 3041 πρίσω-

2374 3072 2515 3106 πον’
2563 3054 2705 3125 πλὴν
2761 3056 2830 3109 τὰ
2882 3057 3167 3129 ἀπόρρητα
3212 3060 3414 3128 ἀγαθὰ,
3441 3061 3505 3115 «ἁ
3532 3062 3811 3133 ὀφθαλμὸς
3856 3065 3955 3117 οὐκ

2374 3138 2505 3209 εἶδε,
2537 3147 2633 3199 καὶ
2661 3141 2755 3209 οῦς
2778 3147 2879 3200 οὑκ
2907 3148 3131 3217 ἧκονσε,
3165 3153 3261 3202 καὶ
3290 3152 3383 3205 ἐπὶ
3405 3152 3637 3222 καρδίαν
3656 3154 3950 3224 ἀνθρώπου

2297 3224 2341 3283 C
2372 3238 2472 3288 οὐκ
2524 3237 2871 3309 ἁνέϐη,ιούκ
2922 3241 3196 3294 ἁπέλαϐον
3252 3242 3355 3296 ἔτι.
3393 3245 3468 3298 Οὐ
3525 3246 3634 3318 γὰρ
3672 3247 3950 3314 δυνάμεθα

702 3334 984 3395 παντελῶς
1028 3331 1372 3403 ἀρνήσασθαι
1404 3330 1479 3402 μὴ
1511 3330 1637 3392 τοὺς
1669 3330 1862 3397 ἁγίους
1910 3325 2051 3383 εἶναι
2082 3330 2151 3382 τὰ
2178 3330 2273 3383 νῦν
2310 3331 2450 3399 μετά
2480 3330 2574 3384 τοῦ
2607 3330 2871 3401 Χριστοῦ.
2905 3334 2970 3386 ’Ὠ
3007 3335 3107 3404 τῆς
3134 3336 3321 3398 ἀνοίας
3347 3338 3360 3390 i
3390 3338 3560 3391 Τοῦτο
3636 3342 3764 3393 κατ’
3822 3340 3949 3410 ἐμὲ.

701 3428 850 3495 ἁξιόν
866 3429 981 3479 ἐστι
1002 3427 1234 3493 γέλωτος
1257 3424 1829 3494 μᾶλλοεδῆὰπολογίας
1874 3425 2040 3488 τινός.
2090 3422 2339 3494 Ἐδείχοη
2374 3425 2483 3496 γὰρ
2512 3426 2618 3497 πρὸ
2651 3427 2831 3495 ὀλίγον
2882 3428 2945 3481 τὸ
2992 3428 3190 3483 ἄτοπον
3247 3430 3403 3485 τοῦτο
3474 3432 3709 3502 λογίδιον
3754 3437 3952 3504 μεστὸν

708 3525 884 3591 πάσης
921 3520 1212 3591 αἱρέσεωςο
1258 3517 1352 3571 καὶ
1392 3520 1452 3571 οὐ
1488 3516 1569 3569 δεῖ
1624 3518 1753 3588 περὶ
1799 3518 1985 3571 τούτου
2027 3518 2388 3587 παλιλλογεῖν.

1457 3611 1545 3665 VI.

780 3702 934 3770 Quod
970 3701 1071 3756 hoc
1101 3701 1414 3757 sithreresis
1446 3700 1821 3770 aequanimiter
1855 3701 2264 3769 disquirendum

704 3807 803 3849 est.
844 3794 898 3849 Si
934 3793 1100 3847 Deum
1132 3792 1313 3847 vident
1342 3808 1483 3847 nunc
1501 3804 1811 3846 sanctorum
1839 3795 2054 3859 animm,
2082 3792 2270 3847 inclia-

709 3887 833 3940 hilia
873 3900 1001 3939 vero
1030 3886 1167 3939 bona
1215 3900 1320 3937 non
1384 3884 1588 3949 vident,
1626 3886 1810 3954 procul
1864 3886 2025 3939 dubio
2058 3885 2265 3953 majora

706 3982 836 4026 sunt
890 3972 977 4026 illa
1010 3987 1170 4039 quam
1210 3972 1352 4027 Deus
1391 3972 1525 4041 ipse,
1559 3973 1816 4042 quoniam
1871 3990 1933 4029 ea
1969 3974 2261 4032 invisibilia

706 4062 911 4117 sanctis
939 4071 1087 4126 sunt,
1120 4060 1263 4116 Deus
1290 4076 1419 4115 vero
1453 4064 1521 4115 ab
1547 4063 1627 4118 eis
1658 4065 1890 4121 videtur.
1935 4064 2048 4121 [loc
2104 4081 2263 4122 nemo

702 4170 849 4210 sana:
900 4157 1096 4211 mentis
1124 4156 1321 4210 dixerit
1369 4170 1627 4222 unquam.
1660 4157 1763 4210 Sed
1799 4158 1912 4212 haec
1940 4159 2159 4214 hazresis
2192 4160 2264 4213 si-

706 4246 872 4299 lentio
901 4245 1240 4300 involvenda.
1285 4246 1549 4301 Praeterea
1591 4247 2002 4316 disquirendum
2027 4258 2110 4305 est
2154 4252 2261 4303 ita:

705 4334 998 4390 lnell‘abilia
1042 4337 1201 4401 bona,
1244 4338 1326 4391 vel
1353 4338 1479 4407 quia
1511 4338 1737 4406 majora.
1772 4341 1851 4393 vel
1881 4340 2006 4409 quia
2053 4342 2263 4397 minora

701 4435 847 4487 sunt,
876 4439 936 4477 ea
967 4426 1135 4479 sancti
1171 4442 1275 4479 non
1307 4426 1511 4480 vident.
1541 4425 1593 4480 Si
1618 4427 1743 4495 quia
1772 4428 2003 4491 minora,
2032 4428 2099 4483 iis
2124 4444 2261 4498 opus

702 4526 929 4579 nonest,
957 4530 1078 4570 nam
1111 4518 1377 4586 majorum
1408 4526 1688 4587 compotes
1738 4518 1889 4582 lacti,
1919 4520 2126 4574 minora
2154 4534 2261 4575 non

700 4615 932 4660 curant.
974 4605 1143 4675 llujns
1205 4610 1349 4661 enim
1388 4608 1679 4664 admodum
1735 4619 1920 4680 aperte
1974 4612 2262 4681 participes

700 4708 847 4761 sunt,
882 4698 927 4752 si
958 4699 1131 4766 majus
1165 4709 1290 4753 sunt
1318 4702 1618 4754 consecuti.
1662 4700 1717 4756 Si
1739 4718 1865 4759 vero
1889 4704 2014 4772 quia
2036 4704 2263 4773 majora,

698 4804 757 4841 ea
787 4804 893 4840 non
930 4788 1219 4856 recipiunt,
1251 4789 1393 4843 absit
1418 4790 1752 4860 blasphemia
1782 4796 1987 4863 majora
2035 4796 2263 4865 reperiri

699 4892 859 4946 quam
880 4876 1135 4943 Dei_visio
1162 4888 1213 4933 et
1234 4878 1420 4934 fruitio
1437 4882 1527 4935 sit.
1548 4881 1953 4939 Ostendendum
1978 4894 2061 4941 est
2079 4896 2262 4942 autem

698 4982 759 5021 ea
783 4968 919 5022 bona
945 4969 1259 5038 conspicere
1292 4981 1513 5028 sanctos
1544 4973 1800 5031 Ecclesia:
1835 4978 2165 5045 testimonio,
2196 4994 2260 5034 es

701 5058 767 5112 iis
826 5073 947 5127 qua:
986 5060 1060 5114 ibi
1104 5063 1454 5119 occinuntur.
1509 5063 1611 5130 Qui
1661 5067 1818 5122 fidem
1869 5084 1977 5123 non
2021 5071 2261 5136 adhibet,

700 5157 974 5203 scrutetur
1014 5150 1069 5204 in
1103 5152 1338 5206 secunda
1388 5151 1725 5223 Septembris
1752 5159 1979 5224 mensis,
2002 5160 2263 5229 reperiet-

698 5253 801 5307 que
839 5240 1153 5294 idiomclum
1214 5244 1387 5297 sancti
1440 5242 1723 5302 Mamantis
1773 5247 1847 5302 ita
1899 5263 1959 5304 se
2004 5249 2259 5305 habens:

705 5348 724 5381 ι
747 5329 922 5384 Veluti
951 5345 1086 5385 nova
1114 5331 1257 5386 oliva
1276 5333 1475 5402 planta,
1496 5337 1559 5390 ad
1586 5335 1677 5391 Dei
1699 5353 1935 5393 mensam
1956 5341 2255 5403 accvssisti,

697 5421 858 5475 veluti
911 5421 1055 5477 illius
1089 5438 1281 5477 eorum
1328 5424 1418 5493 qui
1453 5425 1665 5481 Domini
1700 5426 1842 5480 viam
1876 5428 2261 5498 ingrediuntur

698 5528 794 5582 per
817 5515 1159 5583 martyrium,
1183 5515 1465 5570 benedixit
1488 5516 1583 5572 tibi
1625 5517 1906 5585 Dominus,
1938 5529 1993 5575 et
2023 5523 2260 5578 ctelestis

697 5604 827 5657 Sion
862 5605 1001 5659 bona
1035 5607 1232 5675 aspicis
1272 5608 1325 5662 in
1362 5608 1569 5663 deliciis
1624 5611 1820 5664 divinae
1849 5613 2047 5683 degens
2081 5616 2262 5670 exsul-

697 5694 935 5747 tationis.
968 5712 986 5744 ι
1014 5695 1151 5760 Quid
1187 5697 1253 5750 ad
1311 5699 1412 5752 hoc
1444 5699 1770 5768 respondere
1822 5702 2117 5767 audebunt,
2169 5707 2258 5775 qui

697 5786 837 5840 hanc
864 5787 1186 5841 sententiam
1244 5789 1523 5843 renuunt?
1578 5790 1757 5846 Surdo
1807 5794 1978 5863 aSdei
2013 5796 2258 5865 profecto

2449 3708 2571 3762 Ὀτι
2607 3709 2661 3762 δὲ
2711 3710 2918 3781 αἵρεσις
2947 3710 3129 3774 τοῦτο,
3172 3714 3436 3767 σκεπτέον
3479 3715 3617 3785 μετᾶ
3668 3721 3950 3788 μακροθυ-

2378 3798 2527 3867 μίας.
2563 3801 2625 3852 Εἰ
2672 3802 2764 3855 τὸν
2807 3803 2939 3856 Θεὸν
2964 3804 3135 3871 ὁρῶσι
3169 3804 3265 3858 νῦν
3303 3807 3414 3859 τῶν
3446 3809 3617 3874 ἁγίων
3658 3814 3715 3864 αἱ
3757 3813 3949 3882 ψυχαὶ,

2372 3890 2439 3943 τὰ
2456 3890 2513 3942 δὲ
2539 3891 2826 3963 ἀπόρρητα
2846 3895 3027 3962 ἁγαθά
3050 3897 3145 3964 οὐχ
3165 3897 3383 3967 ὁρῶσιν,
3412 3901 3510 3952 ἀνα
3519 3902 3808 3969 pug-.6611»;
3838 3910 3951 3973 μεε-

2372 3978 2503 4042 ζονά
2532 3982 2670 4036 είσιν
2694 3984 2899 4049 ἐκεῖνα,
2928 3987 2960 4055 ἢ
2999 3986 3165 4050 αὐτὸς
3198 3991 3223 4040 ὁ
3256 3991 3410 4053 Θεὸς.
3452 3993 3605 4045 Ἐπεὶ
3640 3997 3831 4052 ἐκεῖνα
3854 4002 3953 4069 μὲν

2369 4072 2655 4143 ἀθεώρητα
2680 4076 2792 4137 τοῖς
2824 4076 3000 4144 ἁγίοις
3038 4082 3398 4150 τυγχάνουσιν
3419 4098 3433 4112 ³
3468 4087 3495 4137 ὁ
3524 4085 3581 4138 δὲ
3629 4088 3793 4152 Θεὸς,
3826 4095 3952 4162 ἐρα-

2371 4162 2459 4226 τδς
2484 4165 2665 4228 αὐτοῖς
2697 4167 2955 4238 ὑπάρχει.
2976 4170 3148 4223 Τοῦτο
3175 4173 3349 4236 οὐδεὶς
3380 4175 3507 4242 ὑγιᾶ
3535 4178 3626 4230 τὸν
3654 4181 3785 4233 νοῦν
3816 4183 3952 4251 ἔχων

2372 4254 2517 4308 εἴποι
2540 4257 2625 4312 ἁν.
2670 4259 2830 4315 ’Λλλά
2858 4263 3165 4332 σιωπητέον
3188 4266 3288 4335 τὴν
3312 4267 3524 4337 αἵρεσιν
3554 4270 3791 4340 ταύτην.
3828 4276 3950 4329 Ἔτι

2373 4346 2642 4435 σκεπτέον
2674 4347 2868 4414 οὕτως.
2908 4352 3123 4407 Ἐκεῖνα
3154 4359 3223 4408 τὲ
3245 4358 3535 4429 ἀπόρρητα
3561 4362 3778 4428 ἀγαθὰ,
3812 4366 3848 4435 ἢ
3878 4368 3951 4429 ὡς

2373 4434 2595 4503 μείζονα
2635 4439 2685 4492 oi
2725 4442 2870 4509 ἅγιοι
2899 4444 2999 4514 οὐχ
3034 4445 3237 4516 ὁρῶσιν
3276 4450 3435 4513 αὐτὰ,
3468 4450 3500 4519 ἢ
3536 4452 3612 4513 ὡς
3659 4434 3945 4511 ἐλάττου.

2290 4564 2343 4625 D
2373 4525 2434 4625 Ei
2467 4525 2691 4625 “iV-05V
2729 4531 2805 4597 ὡς
2835 4534 3115 4603 ἐλάττονα,
3158 4539 3219 4592 οὗ
3254 4541 3435 4608 χρεία.
3471 4538 3579 4595 Τοῦ
3606 4544 3720 4613 γάρ
3757 4547 3946 4615 μειζο-

2367 4619 2525 4688 τέρου
2554 4620 3055 4694 ἀπολαμϐάνοντες,
3089 4629 3149 4682 οὐ
3181 4631 3529 4699 φροντίζουσι
3579 4635 3680 4686 τοῦ
3712 4638 3944 4690 samo-

2366 4729 2476 4774 vo;.
2505 4713 2614 4766 Καὶ
2642 4716 2749 4785 γὰρ
2774 4715 2838 4784 δὴ
2869 4717 2965 4769 καὶ
2983 4718 3174 4773 τούτου
3202 4723 3344 4774 πάνυ
3378 4739 3441 4789 γε
3471 4723 3781 4794 διαρρήδην
3818 4730 3951 4780 ἀπο.

2366 4806 2721 4874 λαμϐάνουσι,
2752 4809 2848 4862 τοῦ
2896 4810 3216 4882 μειζοτέρου
3252 4814 3762 4884 ἀπολαμϐάνοντες.
3802 4821 3868 4873 ΕΞ
3892 4824 3945 4873 δὲ

2366 4899 2443 4960 ὡς
2473 4899 2697 4966 μείζονα
2734 4901 2835 4954 οὐκ
2864 4902 3364 4971 ἁπολαμϐἀνουσιν,
3404 4907 3583 4961 ἀπίτω
3610 4910 3673 4961 τὸ
3700 4911 3947 4979 βλάσφη-

2369 5004 2487 5056 μον,
2513 4989 2596 5043 ὅτι
2635 4991 2745 5043 είσί
2766 5007 2891 5046 τινα
2918 4994 3142 5061 μείζονα
3164 4995 3263 5064 τῆς
3282 4996 3378 5049 τοῦ
3408 4996 3543 5050 Θεοῦ
3577 4997 3820 5067 θεωρίας
3850 5004 3942 5055 καὶ

2365 5076 2738 5142 ἀπολαύσεως.
2772 5081 3023 5135 Δεικτέον
3058 5081 3137 5149 δὲ,
3181 5083 3263 5137 ὅτι
3303 5086 3398 5138 καὶ
3426 5086 3495 5138 τὰ
3526 5087 3711 5154 ἁγαθά
3751 5092 3942 5143 ἐκεῖνα

2366 5164 2665 5235 θεωροῦσιν
2696 5171 2746 5223 oi
2783 5170 2954 5239 ἁγιοι,
2984 5171 3073 5225 διὰ
3105 5175 3425 5245 μαρτυριῶν
3452 5179 3553 5246 τῆς
3587 5177 3940 5247 Ἐκκλησίας,

2364 5255 2472 5309 ἁπδ
2492 5257 2602 5311 τῶν
2632 5258 2691 5313 ἐν
2734 5261 2870 5332 αὐτῇ
2898 5262 3193 5333 ᾀδομένων.
3231 5266 3292 5317 '0
3324 5267 3399 5336 μὴ
3445 5268 3740 5331 πιστεύων,
3786 5273 3945 5339 ipso.

2364 5346 2581 5414 νησάτω
2611 5349 2668 5402 ἐν
2695 5352 2761 5420 τῇ
2798 5350 3026 5423 δευτέρᾳ
3053 5352 3148 5406 τοῦ
3181 5354 3562 5424 Σεπτεμϐρίου
3596 5359 3771 5427 μηνός
3801 5377 3814 5389 -
3846 5364 3943 5415 καὶ

2364 5437 2588 5507 εὑρήσει
2619 5440 2886 5511 ίδιὸμελον
2917 5444 3011 5497 τοῦ
3046 5445 3204 5511 ἁγίου
3234 5447 3553 5515 Μάμαντος,
3576 5448 3697 5519 ἔχον
3723 5449 3939 5513 05mg-

2369 5545 2386 5579 ι
2424 5529 2564 5582 Νέον
2592 5533 2758 5599 φυτὸν
2787 5535 3037 5607 καθάπερ
3066 5537 3275 5602 ἐλαίας,
3307 5542 3373 5608 τῇ
3404 5539 3495 5593 τοῦ
3522 5540 3658 5593 Θεοῦ
3680 5546 3942 5615 τραπέζῃ

2362 5620 2672 5689 γεγένησαι·
2697 5622 2770 5686 ὡς
2795 5625 2908 5688 υίὸς
2937 5626 3044 5679 τῶν
3082 5628 3455 5699 πορευθέντων
3471 5631 3569 5701 τὴν
3595 5632 3688 5685 τοῦ
3724 5633 3940 5703 Κυρίου

2361 5708 2475 5761 ὁδὸν
2509 5709 2595 5762 διὰ
2632 5715 2932 5782 μαρτυρίου
2978 5716 3243 5786 εὐλόγησέ
3275 5735 3334 5771 σε
3382 5719 3628 5789 Κύριοςο
3667 5722 3765 5775 καὶ
3819 5724 3942 5791 βλέ-

2364 5818 2487 5864 πεις
2531 5804 2741 5872 τάγαθά
2794 5804 2894 5876 τῆς
2946 5806 3058 5861 ἄνω
3095 5808 3251 5875 Σιὼν,
3294 5811 3573 5880 ἐντρυφῶν
3620 5812 3723 5881 τῆς
3782 5813 3941 5879 θείας
