4156 6420
225 361 349 426 1Ξ93

681 362 831 422 PRO
870 360 1080 422 CONC.
1125 362 1498 425 FLORENT.
1519 361 1678 425 CAP.
1717 362 1790 420 IV
1846 363 1943 422 DE
1985 355 2414 421 FRUlTiONE
2453 357 2933 422 SANCTORUM.

3312 359 3446 424 129i

221 478 598 546 ἀγαλλιάσεως.
639 496 656 530 ι
687 476 751 529 Τί
806 475 902 530 καὶ
929 475 1065 545 πρὸς
1089 476 1245 529 τοῦτο
1276 476 1481 528 είποιεν
1513 475 1580 529 ἂν
1603 476 1652 528 οί
1679 476 1774 546 τὴν

1894 491 2039 530 iures
2084 476 2392 530 occludenti
2437 476 2642 529 similes
2683 484 2835 539 sunt,
2887 473 2982 545 qui
3020 475 3277 530 unionem
3317 477 3450 533 ode-

216 571 361 638 δόξαν
394 570 598 638 ταύτην
632 569 956 641 ἀρνούμενοι
987 584 1004 635 ς
1040 569 1248 630 Ὄντως
1275 567 1460 620 ἀσπίδι
1493 571 1650 638 κωφῇ
1683 569 1774 619 καὶ

220 662 408 732 βυοὺσῃ
439 662 507 716 τὰ
531 655 665 726 ὦτα,
702 662 994 731 παρόμοιοι
1023 663 1161 714 εἰσιν
1190 675 1203 690 ο
1243 660 1291 711 οί
1324 661 1422 730 τὴν
1452 659 1651 714 ἕνωσιν
1679 663 1777 730 μὲν

222 754 521 823 μισοῦντες,
555 755 614 808 τὸ
661 755 868 826 σχίσμα
909 755 966 808 δὲ
1006 754 1350 824 ἀγαπῶντες.
1390 754 1469 806 Οὑ
1515 754 1623 824 γὰρ
1655 755 1773 808 ἑθέ-

217 849 388 901 λουσιν
412 846 521 900 οὔτ’
567 847 821 910 ἀκοῦσαι,
844 847 968 901 οὑτε
1021 848 1168 914 ίδεϊν,
1207 845 1335 900 οὑτε
1387 846 1647 901 συνιέναι.
1675 850 1779 901 Aa-

223 938 492 1005 μασκηνδς
525 939 554 990 ὁ
587 937 728 998 Θεῖος
764 941 822 992 ὲν
853 937 931 1007 τῷ
977 939 1217 1009 δευτέρῳ
1251 938 1370 1009 ήχῳ
1435 937 1534 1007 τῆς
1571 941 1780 1010 ὀκτωή-

217 1045 303 1096 χον
332 1030 496 1100 φησί’
526 1046 543 1079 ι
581 1029 826 1084 Ζωοδότα
858 1030 1082 1099 Χριστὲ,
1118 1031 1388 1095 ἑκουσίως
1437 1035 1607 1096 πάθος
1648 1034 1781 1087 ὑπο-

218 1127 340 1187 στάς
368 1127 454 1180 διὰ
486 1126 736 1197 θνητοὺς,
774 1128 830 1180 ἐν
858 1126 986 1199 ᾇδου
1012 1128 1069 1182 δὲ
1099 1128 1380 1182 κατελθὼν
1423 1130 1498 1194 ὡς
1531 1129 1776 1194 δυνατὸς,

213 1217 332 1280 τοὺς
365 1220 480 1272 ἐκεῖ
509 1220 607 1292 τὴν
636 1219 848 1273 ἕλευσιν
876 1222 1136 1290 μένοντας
1159 1222 1257 1292 τὴν
1286 1223 1408 1293 σὴν,
1443 1223 1780 1293 ἀφαρπάσας

213 1309 285 1372 ὡς
311 1312 373 1363 ὲκ
400 1311 564 1382 θηρὸς
608 1313 896 1384 κραταιοῦ,
935 1315 1263 1386 παράδεισον
1291 1315 1410 1369 ἀνθ’
1453 1315 1581 1387 ᾅδου
1610 1317 1782 1369 οίκεῖν

212 1401 529 1474 δεδώρησαι.
584 1423 602 1455 ι
651 1405 793 1475 Πρὸς
849 1405 1146 1476 Θεραπείαν
1195 1409 1360 1476 φησιν
1408 1406 1565 1475 ήμῶν
1608 1406 1782 1459 ταῦτα

214 1495 540 1564 γέγραπται.
567 1497 710 1567 ’Λρα
732 1498 986 1566 ψεύδεται
1017 1499 1049 1569 ή
1077 1498 1170 1551 τοῦ
1202 1491 1437 1564 Χριστοῦ
1460 1498 1779 1567 Ἐκκλησία,

217 1585 309 1638 καὶ
337 1584 530 1653 ψάλλει
565 1604 614 1639 τι
650 1586 725 1656 μὴ
774 1585 833 1640 ὃν
880 1588 1100 1660 ἀληθὲς,
1140 1587 1234 1640 καὶ
1277 1587 1392 1658 ᾄδει
1441 1588 1600 1642 τοῦτο
1645 1588 1781 1659 πρὸς

213 1677 425 1746 ἀπάτην
472 1682 565 1732 καὶ.
597 1679 806 1750 πλάνην
839 1680 1045 1751 ψυχῶν.
1096 1682 1204 1735 Καὶ
1234 1683 1314 1744 τίς
1360 1682 1426 1734 ἂν
1453 1681 1614 1734 τοῦτο
1653 1683 1780 1752 εἴπῃ

211 1769 300 1822 νοῦ
327 1769 515 1839 κύριος
540 1787 555 1838 ;
583 1772 692 1842 ἄρα
738 1773 1149 1843 παραμυθεῖται
1189 1777 1285 1829 καὶ
1313 1774 1405 1827 τὸν
1450 1775 1686 1844 Χριστὸν
1721 1776 1778 1826 ὲν

1883 576 2029 634 runt,
2053 576 2109 620 ct
2138 569 2375 624 schisma
2410 569 2697 637 amplexati
2719 577 2876 632 sunt;
2902 582 3009 623 non
3042 569 3186 624 enim
3243 571 3445 638 videre,

1880 674 1981 714 nec
2012 659 2222 725 audire,
2255 660 2676 730 necintelligere
2703 664 2916 716 volunt.
2949 662 3115 718 Divus
3162 661 3449 719 Damasce-

1879 769 1983 808 nus
2006 755 2059 808 in
2091 756 2329 810 secundo
2364 764 2497 810 tono
2554 757 2732 810 octavi
2793 757 2909 810 toni
2961 757 3139 826 inquit
3198 773 3213 811 :
3267 755 3449 813 «Vita

1877 847 2092 903 Christe
2135 847 2313 914 dator,
2360 858 2551 918 sponte
2600 850 2909 918 passionem
2951 861 3176 921 propter
3200 851 3450 906 homines

1880 941 2211 996 sustinuisti.
2240 941 2301 997 In
2333 942 2604 997 infernum
2641 959 2769 1000 vero
2797 944 3149 1010 descendens,
3179 952 3238 1000 ut
3257 953 3450 1015 potens

1877 1048 1970 1089 eos
1983 1036 2077 1104 qui
2095 1033 2166 1088 ibi
2191 1045 2342 1088 tuum
2366 1036 2658 1090 adventum
2685 1034 3170 1106 praestolabantur,
3191 1047 3449 1109 tanquam

1881 1125 1949 1180 ab
1982 1127 2107 1181 forti
2147 1126 2426 1197 abripiens
2456 1127 2593 1190 fera,
2626 1130 2940 1198 paradisum
2975 1143 3075 1200 pro
3114 1129 3329 1185 inferno
3357 1131 3452 1184 ha-

1883 1219 2057 1275 bitare
2089 1221 2432 1276 concessisti.
2462 1239 2480 1273 ι
2524 1220 2604 1274 Ad
2648 1222 2937 1289 medelam,
2984 1222 3186 1292 inquit,
3206 1231 3451 1278 nostram

1883 1312 1998 1368 [nec
2036 1313 2234 1381 scripta
2263 1323 2412 1369 sunt.
2474 1312 2618 1385 Ergo
2655 1316 2918 1369 mentitur
2949 1315 3153 1371 Christi
3186 1314 3453 1382 Ecclesia,

1886 1404 2178 1474 psa‘llitque
2211 1405 2356 1474 quod
2387 1418 2496 1458 non
2527 1412 2633 1469 est,
2682 1403 2956 1474 docetque
2996 1405 3047 1458 id
3084 1405 3150 1458 ad
3179 1404 3457 1474 decipien-

1883 1496 1982 1550 das
2011 1505 2066 1549 et
2097 1495 2437 1550 seducendas
2470 1497 2700 1552 animas.
2736 1501 2802 1550 At
2835 1498 2962 1567 quid
2996 1495 3046 1550 id
3077 1497 3276 1551 dixerit
3308 1512 3459 1551 men—

1886 1589 1955 1644 tis
2005 1590 2276 1659 compos?
2306 1588 2444 1644 Num
2470 1601 2526 1644 et
2552 1590 2828 1644 Christum
2858 1591 3070 1648 solatur
3098 1599 3322 1647 sanctus
3342 1591 3452 1657 hic,

1884 1697 2008 1738 cum
2039 1682 2211 1737 dicit?
2257 1683 2472 1739 Christe
2509 1686 2630 1738 vitae
2676 1685 2854 1749 dat0r,
2907 1695 3102 1754 spentc
3147 1689 3452 1756 passionem

1886 1772 2121 1838 subiisti,
2163 1782 2212 1828 et
2250 1773 2302 1827 in
2329 1774 2604 1828 infernum
2657 1786 2877 1844 propter
2930 1775 3177 1830 homines
3227 1777 3460 1831 descen-

210 1863 284 1930 τῷ
313 1863 492 1930 λέγειν
521 1866 547 1917 ὁ
583 1866 736 1932 ἁγιος
784 1860 960 1929 οὗτος,
995 1867 1200 1937 Χριστὲ
1245 1867 1508 1931 ζωοδότα,
1538 1867 1780 1939 ὑπέστης

1894 1865 2033 1931 ιιίειὶ,
2070 1873 2128 1920 et
2179 1876 2237 1919 ut
2268 1875 2461 1933 potens
2491 1867 2741 1935 eripuisti
2774 1867 2936 1920 veluti
2969 1868 3033 1921 de
3074 1867 3199 1923 forti
3233 1867 3369 1933 fera,
3404 1880 3461 1924 et

211 1957 388 2007 ἑκοντὶ
439 1957 642 2020 πάθος·
678 1959 772 2010 καὶ
821 1958 1088 2027 κατῆλθες
1123 1961 1182 2012 ὲν
1229 1958 1334 2032 ᾄδῃ
1379 1959 1467 2012 διὰ
1501 1961 1625 2024 τοὺς
1659 1960 1781 2030 βρο-

211 2050 355 2112 τοὺς,
391 2051 483 2103 καὶ
507 2050 582 2113 ὡς
614 2050 859 2114 δυνατὸς,
893 2051 1228 2122 ἀφήρπασας
1257 2052 1333 2115 ὡς
1363 2055 1425 2106 ἐκ
1460 2052 1625 2124 Θηρδς
1652 2064 1783 2123 κραο

212 2143 384 2204 ταιοῦ,
416 2142 508 2196 τοῦ
540 2143 818 2212 ἀλλοτρίου
854 2144 1054 2215 δηλαδὴ
1090 2144 1283 2215 ἐχθροῦ
1317 2163 1374 2198 τε
1412 2145 1508 2199 καὶ
1543 2145 1783 2216 πολεμήο

209 2254 391 2305 τορος,
426 2238 548 2299 τοὺς
582 2236 679 2310 τὴν
712 2237 921 2290 ἐλευσιν
959 2238 1076 2292 ἐκεῖ
1109 2240 1207 2309 τὴν
1256 2239 1356 2306 σὴν
1391 2240 1780 2310 άναμένοντας.

211 2330 320 2381 Καὶ
347 2330 462 2382 ἀντὶ
508 2329 608 2399 τῆς
643 2331 929 2392 κατοικίας
972 2332 1064 2384 τοῦ
1106 2332 1330 2394 σκότους
1367 2333 1461 2386 καὶ
1505 2333 1781 2403 ἀφεγγοῦς

211 2423 379 2474 τόπου
412 2423 641 2487 ἐκείνου,
677 2418 738 2476 οῦ
775 2423 1154 2488 κατοικοῦντες
1192 2421 1354 2496 ἦσαν.
1391 2428 1652 2497 ἐδωρήσω
1688 2429 1780 2480 αὑ-

210 2517 321 2576 τοῖς
354 2517 527 2568 οἰκεῖν
563 2515 654 2569 τὸν
682 2519 1037 2587 παράδεισον.
1075 2519 1495 2587 Παραμυθεῖται
1525 2522 1616 2572 τὴν
1646 2521 1782 2592 Χρι-

213 2612 356 2674 στὸν,
385 2610 417 2680 ἢ
444 2611 517 2674 ὠς
543 2610 740 2680 ἀληθὲς
763 2612 919 2664 τοῦτο
941 2612 1089 2680 λέγει
1107 2631 1165 2665 τε
1193 2615 1286 2665 καὶ
1305 2615 1511 2679 δοξάζει
1539 2617 1783 2682 ;“οντως

209 2703 352 2770 ὁρῶν
381 2721 462 2766 τις
513 2703 610 2765 τὰς
639 2703 915 2774 ὑμετέρας
947 2703 1262 2774 ἀπολογίας,
1311 2706 1342 2776 ἢ
1381 2708 1582 2776 μᾶλλον
1606 2709 1783 2761 εἰπεῖν

208 2796 471 2865 ἀκαίρους
496 2795 852 2864 φιλονεικίας,
882 2796 1211 2864 ἐκπλήξαιτο
1235 2797 1299 2849 ἂν
1327 2799 1420 2850 καὶ
1437 2800 1664 2870 ἐκσταίη
1686 2802 1784 2869 τῆς

208 2890 470 2952 διανοίας.
525 2891 680 2944 Μετὰ
723 2891 980 2960 ἀληθείας
1013 2891 1122 2959 ἐγὼ
1173 2893 1235 2946 οὑ
1281 2892 1516 2962 δύναμαι
1569 2894 1786 2947 ἀκούειν

207 2983 403 3047 λόγους
426 2981 567 3035 οὑτω
607 2983 844 3052 σαθροὺς
877 2985 970 3037 καὶ
999 2987 1338 3048 ἁσυστάτους
1360 3003 1374 3016 ·
1408 2985 1501 3049 οὓς
1536 2987 1628 3041 καὶ
1659 2987 1786 3040 om.

211 3075 480 3143 λαμϐάνω
527 3076 736 3144 νηπίων
769 3071 907 3129 εἶναι
937 3075 1302 3146 ψελλίσματα.
1339 3077 1406 3131 Τί
1439 3079 1494 3131 δὲ
1530 3081 1623 3131 καὶ
1655 3081 1786 3132 ὅταν

210 3171 242 3219 ὁ
268 3167 434 3230 αὐτὸς
460 3160 614 3231 οὗτος
640 3167 796 3240 λέγῃ,
832 3186 851 3221 t
887 3167 1021 3240 Ξὲνη
1055 3187 1150 3222 σου
1183 3171 1215 3241 ή
1260 3171 1584 3240 σταύρωσις,
1633 3176 1726 3225 καὶ
1753 3173 1785 3242 ἠ

207 3260 271 3312 ὲν
298 3259 426 3330 ᾅδου
475 3261 723 3328 κάθοδος,
753 3261 1124 3333 φιλάνθρωπε,
1153 3262 1387 3333 ὑπάρχει
1413 3279 1425 3292 ·

207 3353 322 3420 γὰρ
349 3352 531 3416 αὑτὸν,
572 3353 666 3405 καὶ
711 3353 834 3415 τοὺς
859 3354 1027 3407 πάλαι
1071 3354 1327 3424 δεσμίους
1375 3357 1787 3424 συναναστήσας

211 3442 428 3513 σεαυτῷ
467 3442 690 3508 ἐνδόξως
721 3442 795 3507 ὡς
825 3443 980 3506 Θεὸς,
1026 3443 1117 3497 τὸν
1165 3445 1494 3514 παράδεισον
1547 3445 1785 3510 ἀνοὶξας,

208 3535 511 3588 Sinnio-th
563 3535 751 3588 vstitu
787 3535 1044 3605 ἡξίωσας.
1088 3555 1105 3587 ι
1144 3536 1426 3600 Ἤκουσας
1476 3526 1786 3590 κάνταῦθα*

212 3627 528 3693 Κατ-ἦλθες,
567 3628 751 3695 φησὶν,
788 3629 842 3679 ιι
867 3627 942 3697 τῷ
977 3627 1077 3698 ᾅδῃ
1105 3630 1196 3681 καὶ
1241 3629 1575 3692 ἐσκύλευσας
1605 3629 1788 3693 αὑτὸν,

210 3723 310 3769 καὶ
345 3723 467 3778 τοὺς
520 3718 798 3787 δεσμίους,
847 3719 1018 3789 ἤγουν
1068 3721 1194 3783 τοὺς
1228 3720 1325 3773 ἀπ’
1370 3721 1571 3783 αίῶνος
1605 3721 1788 3789 ἁγίους

208 3812 335 3862 ἐκεῖ
363 3810 739 3876 καθεύδοντας,
776 3811 1150 3879 ἐξαναστήσας
1189 3812 1328 3880 μετὰ
1355 3813 1609 3876 σεαυτοῦ,
1642 3813 1793 3883 ἤνοι-

210 3903 316 3964 ξας
363 3901 454 3953 τὸν
511 3902 872 3972 παράδεισον,
927 3903 1021 3955 καὶ
1078 3904 1316 3972 ἠξίωσας
1382 3904 1792 3974 ἀπολαμϐάνειν

205 3993 408 4048 αὑτοῦ.
439 3995 561 4047 Ἔτι
593 3995 942 4058 Ἀναστάσιος
974 3998 1000 4048 ὸ
1031 3996 1289 4065 θεοφόρος
1341 3997 1529 4067 Πατήρ
1560 3999 1737 4067 ἡμῶν,
1763 4000 1790 4049 ὁ

210 4090 378 4155 ἁγίου
409 4089 564 4158 ὄρους
591 4089 721 4142 Σινᾶ
749 4088 1063 4158 λεγόμενος,
1099 4092 1154 4141 ὲν
1177 4093 1300 4152 ταῖς
1327 4091 1792 4161 ἁποκρίσεοιν,3ις

210 4181 456 4231 ποιεῖται
497 4177 576 4241 εἷς
606 4195 756 4241 τινας
803 4179 1125 4248 ἐρωτήσεις,
1173 4177 1414 4240 εὐλαϐῶς
1443 4177 1580 4248 πρὸς
1632 4177 1792 4231 αὑτὸν

212 4271 580 4339 ποιουμένας,
637 4270 996 4342 φανερώτατα
1058 4271 1118 4322 τὸ
1176 4269 1508 4339 ζητούμενον
1564 4269 1792 4322 διαλύει.

213 4364 349 4417 Τῶν
379 4365 476 4430 μὲν
531 4363 638 4432 γάρ
671 4363 843 4430 ἁγίων
891 4363 986 4424 τὰς
1021 4361 1200 4430 ψυχάς
1245 4363 1303 4414 ὲν
1331 4359 1408 4430 τῷ
1454 4359 1789 4430 παραδείσῳ,

210 4457 326 4518 τὰς
359 4456 416 4506 δὲ
443 4453 551 4506 τῶν
589 4453 931 4524 ἁμαρτωλῶν
975 4455 1032 4506 ὲν
1062 4451 1139 4521 τῷ
1169 4451 1268 4522 ᾄδῃ
1315 4446 1455 4503 εῖναι
1494 4449 1794 4520 άποεραένε⁶

1816 3247 1858 3270 ἾΑ

1485 3264 1787 3326 σκυλεύσας

1884 1967 2142 2012 extraneo
2180 1957 2432 2013 videlicet
2481 1957 2638 2013 hoste
2677 1969 2733 2014 et
2782 1959 3062 2027 bellatore,
3116 1975 3208 2014 eos
3249 1963 3341 2030 qui
3389 1962 3459 2014 ibi

1883 2063 2038 2106 tuum
2085 2051 2375 2106 adventum
2421 2052 2852 2119 exspectabant;
2883 2063 2935 2106 et
2967 2067 3065 2123 pro
3113 2054 3458 2108 tenebrarum

1886 2145 2240 2211 habitatione,
2284 2155 2338 2198 et
2370 2145 2490 2199 loco
2536 2146 2776 2199 obscuro
2833 2147 2942 2212 illo,
2997 2147 3084 2201 ubi
3127 2146 3460 2210 incolebant,

1884 2253 1979 2294 eos
2037 2237 2275 2307 paradisi
2334 2237 2667 2294 habitatione
2725 2239 2988 2294 donasti?
3047 2257 3065 2292 ι
3138 2240 3463 2294 Consolatur

1885 2332 2193 2388 Christum.
2226 2333 2306 2386 An
2339 2341 2401 2387 ut
2430 2345 2618 2387 verum
2651 2331 2782 2387 dicit
2821 2332 2999 2387 hocet
3029 2332 3308 2388 sentit?Si
3337 2335 3461 2402 quis

1887 2423 2132 2494 profecto
2157 2425 2539 2494 responsiones
2579 2435 2786 2478 vestras
2818 2424 3036 2491 viderit,
3060 2425 3166 2489 vel,
3188 2433 3248 2479 ut
3281 2427 3461 2479 verius

1888 2517 2084 2579 dicam,
2125 2518 2465 2588 importunas
2503 2515 2907 2580 contentiones,
2935 2517 2990 2570 in
3044 2527 3324 2586 stuporem
3363 2517 3463 2570 ad-

1888 2611 2116 2665 ducetur
2147 2619 2199 2664 et
2226 2619 2404 2662 mente
2434 2608 2814 2663 dimovebitur.
2853 2608 2967 2677 Ego
3000 2609 3243 2677 profecto
3275 2610 3464 2663 audire

1887 2720 1996 2759 non
2027 2717 2252 2773 possum
2286 2703 2446 2756 verba
2482 2701 2554 2756 ita
2607 2701 2796 2771 putida
2827 2716 2890 2756 ac
2916 2702 3056 2755 male
3107 2702 3459 2766 cohaerentia,

1887 2797 2234 2865 arbitrorque
2282 2809 2402 2849 eam
2435 2810 2559 2850 esse
2600 2791 2893 2848 infantium
2949 2793 3269 2848 balbutiem.
3321 2793 3463 2858 Quid

1886 2888 2109 2959 quando
2139 2888 2227 2942 hic
2259 2887 2399 2942 idem
2437 2887 2592 2942 dicit:
2633 2905 2650 2937 «
2672 2885 3023 2939 Adznirabiiis
3057 2897 3148 2940 tua
3183 2887 3462 2942 cruciﬁxit)

1885 2992 1940 3037 et
1980 2983 2034 3036 in
2083 2981 2359 3038 infernum
2409 2981 2726 3046 descensus,
2783 2996 2817 3034 ο
2881 2981 3158 3036 hominum
3203 2991 3462 3037 amator:

1890 3090 2012 3128 nam
2043 3073 2234 3144 spoliis
2270 3073 2319 3128 ei
2372 3073 2649 3137 detractis,
2687 3082 2740 3130 et
2787 3075 2856 3128 iis
2888 3075 2977 3143 qui
3019 3081 3132 3127 tam
3171 3075 3374 3143 pridem
3413 3075 3464 3129 in

1892 3164 2126 3219 vinculis
2184 3164 2566 3218 detinebantur
2596 3180 2704 3218 una
2741 3174 2915 3220 tecum
2959 3166 3194 3235 gloriose
3219 3167 3469 3221 exsusci-

1895 3258 2039 3320 Iatis,
2083 3259 2157 3311 uti
2207 3257 2415 3312 scilicet
2452 3259 2592 3311 Deus
2632 3256 2942 3326 paradisum
2999 3256 3288 3325 aperuisti,
3324 3265 3468 3311 etut

1891 3365 2015 3404 eum
2041 3360 2509 3419 consequerentur
2536 3349 2733 3418 dignos
2769 3350 2887 3403 illos
2909 3350 3156 3405 effecisti.
3180 3370 3197 3400 ι
3231 3349 3464 3416 Audisti,

1893 3451 1947 3496 ct
1999 3442 2078 3496 sic
2107 3442 2460 3506 descendisti,
2498 3441 2695 3512 inquit,
2728 3442 2781 3496 in
2812 3443 3108 3508 infernum,
3163 3439 3340 3511 ipsum
3372 3459 3467 3498 eam

1895 3535 2160 3605 spoliasti,
2195 3545 2249 3588 et
2303 3535 2511 3589 vinctos
2563 3536 2676 3589 sive
2706 3540 2926 3590 sanctos
2959 3536 3028 3588 ibi
3061 3537 3468 3592 obdormientes

1898 3642 2002 3680 una
2035 3636 2211 3682 tecum
2248 3627 2621 3690 easnscitasti,
2663 3626 2975 3696 paradisum
3012 3627 3296 3696 aperuisti,
3331 3639 3384 3681 ct
3409 3637 3468 3681 ut

1894 3735 2018 3773 eum
2052 3726 2518 3788 consequerentur
2569 3718 2762 3787 dignos
2815 3717 3037 3772 eﬂ'ecisti
3121 3716 3264 3784 Quin
3297 3720 3463 3773 etiam

1897 3811 2218 3865 Anastasius
2266 3811 2483 3865 divinus
2539 3819 2723 3865 noster
2772 3811 2929 3863 Pater
2975 3826 3004 3863 a
3052 3821 3236 3866 monte
3284 3821 3472 3865 sancto

1899 3901 2047 3957 Sinai
2080 3901 2401 3970 appellatus,
2446 3900 2498 3953 in
2533 3901 3054 3970 interrogationibus
3101 3916 3236 3971 quas
3287 3905 3352 3956 ad
3386 3918 3474 3957 re-

1896 3993 2214 4062 sponsiones
2263 3992 2523 4061 quasdam
2557 3993 2641 4061 pie
2663 3993 2727 4046 ad
2784 4008 2905 4047 eum
2943 3991 3114 4048 iactas
3144 3993 3294 4058 facit,
3317 4009 3474 4064 aper-

1899 4083 2107 4138 tissime
2148 4084 2499 4152 quaestionem
2531 4083 2823 4150 dissolvit;
2857 4099 2984 4137 nam
3008 4095 3321 4139 sanctorum
3355 4088 3471 4140 ani-

1901 4193 2015 4230 mas
2043 4177 2097 4229 in
2131 4176 2402 4246 paradiso,
2463 4185 2809 4245 peccatorum
2843 4193 2970 4231 vero
3005 4177 3057 4231 in
3113 4177 3326 4232 inferno
3353 4195 3474 4234 esse

1900 4269 2110 4338 liquido
2182 4278 2235 4322 et
2287 4269 2633 4338 apertissime
2694 4270 3057 4323 demonstrat.
3117 4270 3473 4329 interroaatio

1901 4360 2067 4428 igitur
2099 4367 2152 4413 et
2191 4359 2476 4429 responsio
2526 4361 2638 4412 ha-c
2699 4368 2780 4414 est
2818 4375 2832 4412 :
2863 4361 3220 4429 interrogatio
3271 4377 3283 4412 :
3320 4380 3342 4410 «
3374 4361 3472 4415 Ubl

1901 4451 2127 4504 omnino
2160 4465 2308 4504 nunc
2336 4449 2544 4505 animas
2574 4464 2696 4505 esse
2736 4450 3019 4503 dicemus?
3051 4465 3176 4503 num
3197 4450 3250 4503 in
3276 4451 3468 4506 eodem

211 4565 316 4601 ται
349 4546 643 4617 διαρρήδην
688 4562 746 4596 τε
779 4546 872 4597 καὶ
905 4543 1239 4613 σαφέστατα.
1287 4543 1351 4593 Ἥ
1386 4539 1653 4610 ἐρώτησις
1684 4555 1789 4590 τοι·

1901 4542 2021 4596 loco
2082 4542 2351 4596 omncs‘h
2399 4539 2721 4611 RcSponsio:
2764 4541 3138 4611 «Quanquam
3200 4558 3356 4596 nemo
3406 4546 3470 4598 de

211 4638 430 4706 γαροῦν
466 4637 558 4688 καὶ
602 4635 975 4705 ήάπόκρισις,
1017 4634 1130 4702 ἥδε.
1172 4631 1488 4702 Ἐρώτησις.
1527 4649 1545 4679 «
1589 4627 1697 4681 Ποῦ
1735 4629 1792 4681 δὲ

207 4733 364 4794 ὅλως
390 4730 618 4800 θέλομεν
668 4728 848 4794 λέγειν
884 4725 977 4778 νῦν
1019 4726 1290 4795 ὑπάρχειν
1325 4724 1422 4786 τὰς
1465 4722 1663 4792 ψυχας,
1702 4722 1795 4774 καὶ

214 4828 275 4881 εί
317 4826 425 4894 ἄρα
460 4824 516 4874 ιν
547 4821 624 4892 τῷ
652 4820 766 4889 ἁμα
786 4817 1164 4880 πᾶσαίείσινςι
1196 4817 1538 4887 ’Λπόκρισις.
1575 4814 1797 4875 (Οὐδεὶς

221 4919 336 4989 μὲν
358 4919 385 4969 δ
416 4914 546 4984 περὶ
572 4913 766 4966 τούτου
800 4911 990 4979 σαφῶς
1020 4909 1362 4977 ἀπαγγείλας
1386 4926 1400 4940 ο
1431 4910 1580 4975 ὅμως
1605 4909 1668 4960 ὲκ
1691 4906 1799 4957 τῶν

212 5006 324 5062 τοῦ
351 5004 589 5075 Χριστοῦ
627 5005 802 5070 λόγων
835 5000 1205 5071 μανθάνομεν,
1235 4999 1317 5052 ὅτι
1363 4999 1422 5051 αί
1460 4999 1559 5066 μὲν
1582 4998 1692 5050 τῶν
1723 4996 1802 5049 διο

214 5099 398 5154 καίων
438 5097 605 5168 ψυχαὶ
672 5095 809 5166 μετά
856 5095 955 5164 τῆς
981 5093 1159 5162 ψυχῆς
1185 5091 1280 5145 τοῦ
1314 5092 1471 5159 ἁγίου
1511 5090 1711 5160 λῃστοῦ
1744 5092 1802 5143 ἐν

215 5193 308 5262 τῷ
359 5190 675 5261 παραδείσῳ
726 5189 1082 5258 ὑπάρχουσιν.
1141 5185 1252 5240 Καὶ
1299 5187 1409 5255 γὰρ
1462 5186 1557 5238 καὶ
1603 5185 1630 5237 ὁ
1661 5183 1802 5247 Gelo;

231 5283 530 5344 Ἀ-ντώνιος
568 5279 819 5350 περὶτοῦ
855 5281 1019 5332 τόπου
1047 5279 1157 5332 τῶν
1186 5278 1370 5349 ψυχῶν
1431 5277 1602 5339 οὑτως
1638 5276 1806 5345 ἐώρας

217 5394 350 5438 κεν,
406 5375 464 5428 ὲν
500 5373 577 5443 τῷ
611 5374 922 5444 παραδείσῳ
974 5374 1242 5443 ὑπάρχειν
1273 5373 1369 5435 τὰς
1416 5372 1573 5439 ἁγίας
1605 5370 1800 5439 ψυχάς.

233 5463 521 5526 Ὡσαύτως
558 5465 709 5516 καὶὸ
750 5463 1007 5532 θεοφόρος
1055 5461 1287 5531 Παμϐὼ,
1317 5463 1411 5514 καὶ
1455 5461 1632 5531 ἕτεροί
1661 5478 1804 5524 τινες

221 5557 345 5610 τῶν
379 5555 658 5625 Πατὲρων.
699 5555 971 5616 Ὡσαύτως
1005 5557 1096 5607 καὶ
1139 5552 1390 5620 Ἰωάννης
1418 5557 1443 5606 ὁ
1475 5555 1575 5622 τῆς
1611 5555 1805 5622 κλίμα-

225 5668 331 5711 κος
356 5650 499 5703 οὑτω
531 5650 681 5716 λέγει
709 5667 719 5678 ·
756 5648 987 5717 Μνήμην
1032 5648 1199 5716 μόνην
1226 5649 1252 5699 ὁ
1287 5648 1489 5718 λῃστὴς
1522 5650 1725 5708 ἐκεῖνος
1751 5649 1808 5698 ὲν

226 5747 304 5813 τῇ
369 5743 614 5811 βασιλεῖᾳ
668 5742 922 5812 ᾐτήσατο,
986 5743 1077 5793 καὶ
1135 5741 1254 5792 ὅλον
1318 5742 1407 5793 τὸν
1474 5740 1806 5809 παράδεισον

234 5836 702 5905 ἐκληρονόμησεν.
769 5833 933 5886 Πάλιν
1001 5850 1059 5887 τε
1130 5835 1230 5893 τὰς
1297 5832 1402 5884 τῶν
1461 5831 1810 5900 ἁμαρτωλῶν

1905 4633 1987 4686 his
2010 4633 2157 4686 clare
2188 4633 2512 4696 enuntiavit,
2542 4643 2722 4687 tamen
2755 4648 2819 4687 ex
2876 4633 3077 4686 Christi
3138 4635 3318 4688 verbis
3344 4650 3468 4703 per-

1903 4724 2156 4792 cipimus,
2208 4722 2482 4792 justorum
2523 4723 2738 4776 animas
2782 4739 2888 4777 una
2932 4739 3054 4777 cum
3090 4723 3314 4778 latronis
3342 4723 3470 4791 justi

1907 4815 2084 4868 anima
2112 4816 2163 4868 in
2189 4816 2442 4883 paradiso
2473 4831 2614 4878 esse,
2651 4817 2847 4886 quippe
2888 4832 3012 4871 cum
3038 4819 3473 4872 divusAntonins

1906 4910 2208 4962 animarum
2254 4908 2429 4962 locum
2456 4918 2510 4962 et
2538 4919 2754 4967 sanctas
2781 4910 2990 4964 animas
3045 4913 3240 4967 viderit
3277 4929 3393 4968 esse
3419 4915 3472 4968 in

1906 5000 2186 5069 paradiso.
2219 5019 2237 5051 ι
2277 4997 2540 5055 Similiter
2567 5011 2619 5056 et
2646 5002 2864 5056 divinus
2896 4999 3102 5058 Pambo
3131 5015 3185 5058 et
3213 5006 3302 5059 alii
3356 5007 3476 5075 qui-

1910 5091 2033 5145 dam
2062 5108 2125 5146 ex
2158 5089 2432 5156 Patribus,
2469 5093 2657 5147 eodem
2730 5095 2890 5147 modo
2921 5095 3163 5151 Joannes
3203 5098 3478 5152 Cliiiracus

1910 5183 1990 5237 sic
2019 5182 2221 5238 scribit:
2266 5182 2460 5238 «Latro
2482 5185 2572 5240 ille
2601 5196 2661 5241 ut
2690 5197 2896 5240 tantum
2934 5188 3018 5243 sui
3056 5191 3390 5245 meminisset
3424 5193 3476 5245 in

1913 5288 2076 5342 regno
2103 5289 2223 5340 suo,
2250 5275 2562 5345 postulavit,
2610 5286 2888 5348 totumque
2941 5281 3252 5350 paradisum
3278 5283 3332 5335 iu
3367 5263 3479 5336 ha:-

1914 5368 2194 5421 reditatem
2251 5371 2485 5439 accepit.
2516 5389 2533 5421 ι
2605 5369 2833 5435 Rursus,
2877 5384 3225 5441 peccatorum
3272 5377 3482 5430 animas

1914 5476 2074 5514 omne
2099 5459 2268 5514 Vetus
2291 5471 2344 5514 et
2373 5459 2582 5515 Novum
2604 5459 3013 5516 Testamentum
3048 5463 3100 5516 in
3133 5464 3326 5517 inferni
3361 5478 3483 5518 car-

1915 5568 2090 5608 cerem
2124 5553 2384 5624 ablegari,
2436 5555 2598 5608 veluti
2646 5555 2711 5607 ad
2741 5555 2978 5617 vincula,
3033 5564 3284 5621 testatur,
3311 5567 3366 5609 ut
3415 5555 3480 5609 dc

1917 5646 2078 5699 divite
2104 5646 2192 5699 illo
2247 5648 2381 5700 dixit
2453 5647 2734 5701 Dominus.
2787 5649 3052 5701 Similiter
3076 5659 3129 5702 ct
3168 5647 3328 5701 David
3354 5647 3483 5699 Pro-

1918 5736 2077 5805 pheta
2135 5737 2291 5801 dixit,
2339 5747 2776 5792 «convertantur
2837 5748 3150 5808 peccatores
3208 5737 3260 5790 in
3312 5737 3482 5790 infcr-

1921 5845 2081 5886 nunt;
2110 5847 2127 5879 ›
2166 5845 2286 5882 nam
2311 5845 2432 5884 cum
2459 5831 2619 5898 dicat,
2675 5841 3086 5897 convertantur,
3119 5830 3369 5898 designat
3417 5842 3484 5881 eo
