4156 6420
201 312 319 377 ιέθῖ

662 317 814 377 PRO
856 318 1064 380 CONC.
1113 320 1485 382 FLORENT.
1527 321 1683 382 CAP.
1730 319 1802 381 IV
1860 323 1950 380 DE
1994 319 2411 379 FRUITIONE
2449 319 2929 380 SANCTORUM.

3290 314 3422 376 1298

194 432 281 482 καὶ
316 430 591 498 ἀληθινὸς,
622 434 683 484 οὐ
714 435 923 501 κρίνεις
956 436 1048 486 καὶ
1074 435 1309 496 ἐκδικεῖς
1341 434 1400 488 τὸ
1429 431 1571 503 αἷμα
1601 433 1757 503 ἡμῶν

1873 437 2036 490 bitant
2075 436 2127 489 in
2183 437 2376 491 terra?
2416 435 2481 490 Et
2530 436 2671 490 datae
2721 445 2847 489 sunt
2879 434 2985 487 illis
3016 433 3244 501 singulae
3272 431 3425 486 stola

191 522 250 571 ὲκ
275 522 377 571 τῶν
410 522 811 577 κατοικούντων
838 524 929 575 ἐπὶ
950 525 1048 592 τῆς
1080 526 1181 599 γῆς
1204 541 1222 593 ;
1250 526 1359 578 Kal.
1392 526 1545 595 ἐδόθη
1568 526 1750 587 αὐτοῖς

190 610 285 664 ἀνὰ
322 614 448 681 μιᾶς
500 615 688 681 στολῆς
748 614 981 686 λευκῆςο
1035 619 1126 671 καὶ
1176 618 1378 689 ἐρρέθη
1435 620 1618 681 αὐτοῖς
1666 618 1753 671 ἵνα.

190 706 605 760 ἀναπαύσωνται
657 707 737 761 ἔτι
771 709 985 779 χρόνον,
1042 711 1150 772 ἕως
1193 710 1255 763 οῦ
1292 711 1626 779 πληρώσωσι
1656 710 1753 763 καὶ

190 798 235 846 οί
266 797 536 852 σύ·ιδουλοι
589 801 791 865 αὐτῶν,
842 803 936 855 καὶ
965 804 1014 855 οί
1067 804 1285 872 ἀδ;λφοὶ
1332 803 1532 866 αὐτῶν,
1562 804 1654 856 καὶ
1701 802 1752 855 οῑ

195 887 471 955 μέλλοντες
504 892 922 947 ἀποκτείνεσθαι
957 896 1032 959 ὡς
1067 896 1161 948 καὶ
1193 896 1367 949 αὐτοί.
1401 913 1421 947 ι
1458 895 1567 949 Καὶ
1617 894 1755 964 μετά

190 995 324 1041 τινα,
358 999 374 1030 ι
428 982 535 1032 Καὶ
565 983 839 1052 ἀπεκρίθη
868 980 947 1047 εἷς
984 987 1045 1039 ὲκ
1084 985 1191 1039 τῶν
1224 986 1620 1056 πρεσϐυτέρων
1664 984 1751 1037 Mc

194 1087 302 1135 γων
333 1090 421 1139 μοι
448 1089 460 1101 ·
506 1070 667 1126 Οὗτοι
702 1079 751 1127 oi
791 1078 1252 1146 περιϐεϐλημένοι
1291 1081 1389 1141 τὰς
1437 1079 1629 1141 στολάς
1656 1078 1756 1140 τάς

192 1163 407 1225 λευκὰς,
437 1166 576 1229 τίκ-ες
594 1170 725 1229 εἰσὶ,
756 1169 852 1223 καὶ
872 1171 1033 1222 πόθεν
1055 1166 1216 1241 ἦλθον
1236 1187 1251 1237 ;
1278 1172 1382 1223 Καὶ
1404 1165 1559 1224 εἷπον
1582 1171 1754 1240 αὐτῷ,

194 1250 361 1319 Κύριέ
388 1272 510 1321 μου,
545 1259 609 1309 σὺ
658 1255 824 1323 οἶδας.
880 1261 987 1314 Καὶ
1022 1259 1139 1315 εἶπέ
1179 1279 1292 1332 μοι·
1325 1263 1484 1317 Οῦτοί
1535 1267 1673 1317 εἰσιν
1706 1267 1756 1317 οί

195 1341 476 1410 ἐρχόμενοι
510 1346 572 1429 ἐκ
616 1350 714 1417 τῆς
748 1349 979 1418 θλίψεως
1013 1355 1112 1422 τῆς
1142 1354 1387 1425 μεγάλης
1413 1371 1429 1386 ο
1458 1355 1552 1409 καὶ
1596 1355 1760 1409 ἔπλυ-

195 1449 292 1485 ναν
315 1435 413 1497 τὰς
454 1440 645 1504 στολὰς
679 1442 878 1510 αὐτῶν,
908 1445 1001 1499 καὶ
1030 1446 1329 1501 ἐλεύκαναν
1359 1450 1419 1502 ἐν
1450 1449 1528 1518 τῷ
1564 1450 1759 1518 αῖματι

196 1525 288 1576 τοῦ
320 1526 506 1595 ἀρνίου
532 1547 546 1561 ·
580 1531 668 1585 sta
702 1534 858 1589 τοῦτὸ
886 1538 1025 1591 εἰσιν
1055 1540 1286 1593 ἐνώπιον
1315 1541 1411 1594 τοῦ
1445 1541 1637 1611 θρόνου
1664 1538 1759 1595 τοῦ

199 1616 354 1684 Θεοῦ,
388 1620 483 1673 καὶ
528 1622 885 1694 λατρεύουσιν
916 1630 1065 1700 αὐτῷ
1108 1631 1321 1701 ἡμέρας
1353 1632 1454 1686 καὶ
1482 1634 1676 1694 νυκτὸς
1702 1634 1760 1686 ὲν

195 1710 271 1777 τῷ
309 1711 421 1780 ναῷ
464 1714 653 1770 αὑτοῦ.
688 1735 708 1769 ι
759 1719 1057 1776 Ἠκούσατε
1086 1723 1181 1776 τοῦ
1202 1723 1322 1778 υίοῦ
1348 1725 1449 1794 τῆς
1482 1726 1713 1797 βροντῆς
1743 1742 1758 1793 ;

201 1802 296 1864 Τίς
328 1821 461 1874 φησι
490 1808 724 1877 κρείττω
762 1812 857 1866 καὶ
889 1814 1131 1883 βελτίονα
1177 1818 1271 1870 καὶ
1298 1816 1491 1888 ἀληθῆ,
1525 1817 1702 1883 οὗτος,
1729 1819 1761 1888 ἢ
1798 1799 1836 1854 Β

198 1897 225 1948 ὁ
266 1896 513 1963 Ἐφέσου,
548 1900 643 1954 καὶ
670 1904 701 1971 ἡ
736 1907 858 1958 κατ’
883 1908 1045 1961 αὑτὸν
1073 1910 1171 1976 τῆς
1198 1911 1582 1979 οίκουμενικῆς
1614 1912 1766 1964 συνό-

204 1985 293 2038 δου
322 1988 739 2065 ἀποσκίρτησις,
770 2001 866 2053 καὶ
893 2000 1050 2064 ἄλλος
1074 2001 1128 2054 εί
1148 2018 1231 2065 τις
1257 2002 1323 2056 ἀν
1359 2001 1616 2073 βούληται
1642 2004 1766 2056 τοῦ-

204 2081 414 2185 ἶανῖίον
448 2086 657 2185 είέεῖνς
704 2090 825 2158 ιμοὶ
855 2093 1051 2156 δοκεῖν.
1106 2097 1356 2165 Ἰωάννης
1406 2100 1539 2167 φησὶ
1572 2097 1764 2166 μείζω,

204 2174 235 2269 ξ]
271 2174 432 2269 ουτοι.
476 2174 715 2269 ζεκεῖνος
744 2180 853 2249 γάρ
887 2182 983 2251 τὴν
1010 2182 1287 2253 θεολογίαν
1314 2188 1378 2240 ἐκ
1414 2188 1507 2241 τοῦ
1537 2188 1768 2257 στήθους

203 2259 383 2312 lci-5dr!
415 2263 508 2317 τοῦ
540 2268 767 2338 Κυρίου,
806 2276 989 2329 πᾶσαν
1017 2277 1115 2347 τὴν
1158 2281 1336 2333 κτίσιν
1363 2282 1626 2351 ἐνέπλησε
1657 2283 1766 2335 τῶν

197 2351 530 2420 ξωηρῤύτων
560 2363 818 2431 ναμάτων
844 2382 857 2397 °
911 2362 1055 2423 οὗτοι
1083 2370 1138 2424 δὲ
1162 2374 1225 2425 ὲκ
1251 2374 1349 2442 τῆς
1380 2375 1647 2439 ἰδιωτείας
1672 2379 1766 2429 καὶ

196 2442 555 2537 ἀναισθησίας
600 2456 929 2525 κινούμενοι,
966 2460 1220 2533 θορύϐου,
1251 2467 1342 2518 καὶ
1374 2468 1638 2537 ταραχῆς,
1673 2470 1767 2523 καὶ

194 2534 460 2629 αἱρέσεως
486 2541 583 2610 τὴν
609 2547 934 2619 οἰκουμένην
980 2556 1324 2625 ἐπλήρωσαν.
1360 2534 1473 2613 Οὐκ
1513 2534 1765 2629 ἀκούετε;

194 2623 374 2681 διὰτὸ
422 2634 704 2707 πλυθῆναι,
736 2644 888 2709 φησὶ,
908 2647 1008 2715 τὰς
1052 2650 1244 2713 στολάς
1274 2651 1473 2715 αὐτῶν,
1521 2623 1769 2707 τουτέστι

195 2721 285 2773 διὰ
313 2723 372 2773 τὸ
413 2727 711 2799 καθαρίσαι
748 2735 815 2787 τά
844 2737 1072 2807 σώματα
1116 2742 1294 2795 αὐτῶν
1323 2745 1432 2797 ἀπὸ
1464 2745 1766 2813 ἁμαρτιῶν,

197 2817 293 2866 καὶ
322 2818 409 2870 διὶ
437 2821 498 2873 τὸ
530 2824 789 2880 λευκᾶναι
813 2832 951 2885 αὐτὰ
982 2835 1039 2884 ἐν
1065 2834 1141 2903 τῷ
1167 2837 1360 2903 αῖματι
1389 2838 1482 2889 τοῦ
1512 2837 1641 2890 Υίοῦ
1672 2838 1768 2891 τοῦ

194 2912 355 2979 Θεοῦ,
394 2917 482 2971 διά
514 2921 672 2974 τοῦτὸ
699 2926 835 2977 είσιν
862 2929 1091 2982 ὲνώπιιν
1134 2929 1224 2982 τοῦ
1256 2930 1448 2998 θρόνου
1483 2932 1575 2983 τοῦ
1610 2931 1766 2992 Θεοῦ.

197 3006 296 3057 καὶ
342 3010 693 3079 λατρεύουσιν
723 3018 871 3087 αὐτῷ
901 3021 1111 3090 ἡμέρας
1162 3025 1254 3075 καὶ
1290 3024 1500 3086 νυκτός.
1540 3025 1605 3075 Τί
1636 3024 1768 3088 πρὸς

1855 531 2011 594 albae,
2049 539 2103 582 et
2148 529 2354 584 dictum
2408 536 2494 582 est
2546 528 2651 582 illis
2687 537 2745 581 ut
2803 526 3205 594 requiescerent
3246 518 3424 575 adhuc

1862 632 2076 691 tempus
2117 621 2410 683 modicum,
2438 619 2611 673 donec
2644 620 3021 687 compleantur
3051 614 3297 669 conservi
3330 629 3425 665 co-

1858 730 1977 768 rum
2009 722 2063 767 et
2114 714 2313 768 fratres
2343 726 2536 768 eorum
2581 710 2673 780 qui
2710 708 3071 764 interficiendi
3131 704 3427 761 suntsicut

1856 815 1910 861 et
1950 806 2026 860 illi
2059 806 2185 860 ⁸³⁸..
2212 804 2277 859 Ει
2307 815 2429 874 post
2450 804 2695 873 quatdam
2724 818 2738 855 :
2773 822 2790 853 ι
2814 801 2880 856 Et
2906 799 3178 870 respondit
3202 812 3344 852 unus
3360 812 3428 857 ex

1858 900 2193 967 senioribus,
2223 909 2277 954 et
2302 900 2438 953 dixit
2470 897 2627 952 mihi:
2663 894 2729 949 Hi
2764 896 2853 964 qui
2890 893 3072 948 amicti
3110 901 3238 946 sunt
3266 892 3427 946 stolis

1858 993 2015 1057 albis,
2040 992 2133 1061 qui
2155 999 2286 1047 sunt
2299 1000 2353 1046 et
2373 990 2515 1046 unde
2538 983 2843 1044 venerunt?
2863 987 2926 1041 Et
2946 986 3080 1039 dixit
3110 984 3209 1048 illi,
3242 983 3427 1037 Domi-

1862 1102 1930 1141 ne
1958 1088 2051 1146 mi.
2084 1096 2141 1139 ιιι
2170 1086 2300 1141 scis.
2333 1084 2397 1147 Et
2429 1085 2565 1140 dixit
2590 1081 2720 1137 mihi
2747 1098 2762 1135 :
2792 1079 2855 1133 lli
2877 1087 3006 1133 sunt
3027 1081 3120 1147 qui
3166 1086 3429 1131 venerunt

1861 1181 1926 1235 de
1957 1178 2313 1235 trilmlatione
2360 1193 2574 1246 magna,
2605 1186 2660 1230 et
2690 1176 2942 1229 laverunt
2992 1172 3161 1225 stolas
3204 1183 3334 1223 suas
3372 1176 3428 1219 et

1861 1273 2257 1327 dealbaverunt
2296 1286 2389 1326 eas
2419 1271 2471 1323 in
2513 1268 2779 1338 sanguine
2798 1265 2959 1335 Agni.
2984 1264 3111 1318 Ideo
3134 1272 3265 1317 sunt
3303 1269 3431 1312 ante

1863 1366 2122 1419 thronum
2155 1365 2247 1419 Dei
2282 1373 2335 1418 et
2367 1364 2612 1418 serviunt
2641 1364 2688 1416 ci
2744 1362 2833 1415 die
2857 1370 2912 1414 et
2952 1366 3111 1412 nocte
3138 1356 3191 1410 in
3230 1352 3430 1420 templo

1862 1457 1981 1525 ejus
2011 1459 2137 1510 ⁸⁸⁶.»
2179 1457 2423 1511 Audistis
2488 1454 2715 1531 tonitru]
2770 1448 3143 1512 ﬁlium?Quis
3192 1444 3428 1515 potiora,

1863 1548 2089 1604 meliora
2151 1556 2205 1602 et
2240 1563 2367 1602 vera
2422 1547 2602 1601 dicit?
2652 1546 2773 1608 ffic,
2802 1560 2870 1598 an
2902 1540 3192 1612 Ephesius,
3222 1546 3276 1591 ct
3319 1546 3429 1588 tota

1864 1640 2060 1694 cohors
2084 1654 2271 1693 eorum
2302 1638 2396 1708 qui
2422 1638 2491 1691 ab
2508 1636 2843 1691 mcumenica
2872 1632 3081 1704 s'ynodo
3098 1629 3432 1691 resilicrunt,

1864 1740 1960 1785 aut
1990 1730 2302 1800 quicunque
2337 1745 2404 1784 ex
2458 1728 2581 1783 aliis
2610 1726 2739 1781 velit
2772 1723 3178 1780 contradicere?
3226 1720 3293 1775 Ut
3333 1731 3433 1786 ego

1867 1826 2067 1889 sentio,
2099 1823 2339 1878 Joannes
2368 1822 2590 1876 meliora
2613 1820 2745 1875 dicit
2764 1833 2926 1887 quam
2950 1816 3061 1871 hic.
3085 1813 3175 1868 flle
3198 1825 3436 1880 namque

1869 1935 1933 1974 ex
1963 1918 2173 1971 Domini
2217 1924 2435 1985 pectore
2494 1912 2822 1979 theologiam
2860 1909 3156 1976 accipiens,
3217 1920 3432 1960 omnem

1869 2022 2179 2068 creaturam
2210 2009 2330 2078 cjus
2360 2007 2764 2063 vivificantibus
2790 2004 2947 2073 aquis
2976 2001 3230 2063 refersit;
3263 1999 3311 2051 hi
3350 2015 3439 2051 vc-

1870 2122 1951 2167 ro,
1984 2121 2080 2159 sua
2134 2104 2346 2158 inscitia
2382 2111 2435 2155 et
2497 2099 2813 2168 stupiditate
2866 2094 3121 2166 permoti,
3176 2091 3433 2150 tumultu.

1869 2197 2189 2252 confusione
2220 2203 2274 2249 et
2330 2193 2522 2248 haeresi
2581 2192 2767 2245 orbem
2819 2188 3187 2258 repleverunt.
3249 2182 3438 2236 Nonne

1868 2290 2073 2344 auditis
2110 2303 2176 2342 eo
2205 2288 2344 2353 quod
2393 2285 2569 2340 stolas
2624 2285 2877 2338 laverunt
2926 2295 3078 2343 suas,
3108 2278 3305 2346 inquit,
3335 2277 3437 2329 hoc

1869 2392 1954 2438 est
1986 2397 2085 2435 sua
2113 2394 2344 2449 corpora
2406 2380 2656 2432 laverunt
2687 2392 2714 2431 ο
2736 2373 3001 2445 peccatis,
3024 2386 3200 2441 eaque
3233 2372 3287 2423 in
3318 2368 3437 2422 Filii

1869 2477 1962 2531 Dei
1989 2474 2254 2543 sanguine
2306 2473 2723 2536 dealbaverunt,
2798 2469 3005 2523 idcirco
3039 2474 3167 2520 sunt
3199 2472 3323 2517 ante
3346 2461 3437 2515 Dei

1871 2571 2153 2633 tln-mium,
2178 2576 2232 2621 et
2259 2568 2344 2621 die
2363 2575 2415 2619 et
2451 2574 2611 2619 nocte
2639 2561 2942 2618 inserviunt
2966 2560 3051 2614 ei?
3077 2558 3214 2623 Quid
3241 2557 3322 2609 his
3353 2569 3439 2608 re-

1871 2661 2141 2729 spondere
2178 2658 2446 2728 potestis?
2476 2655 2621 2709 Nihil
2650 2654 2914 2724 profecto.
2945 2648 3165 2705 Credite
3194 2650 3438 2709 tandem,

1870 2752 2271 2814 convertimini,
2328 2748 2651 2817 resipiscite,
2695 2743 2981 2813 rcsurgite,
3007 2738 3223 2794 veritati
3247 2750 3441 2804 quem-

1869 2845 2159 2899 admolum
2219 2851 2272 2896 et
2321 2856 2423 2895 nos
2480 2837 2837 2908 subjicimini,
2880 2848 3057 2903 neque
3117 2831 3193 2884 ita
3251 2835 3440 2895 aperte

1878 2934 2137 2988 Ecclesiae
2215 2932 2533 2987 doctoribus
2559 2928 2953 2991 contradicere,
2982 2939 3157 2995 neque
3204 2922 3256 2974 in
3299 2919 3439 2973 veri-

1873 3034 2037 3079 tatem
2060 3024 2358 3092 impingere
2384 3022 2591 3085 velitis;
2633 3034 2732 3074 nos
2762 3017 2908 3072 enim
2942 3030 3068 3068 cum
3104 3022 3326 3065 sanctos
3354 3024 3446 3061 as-

194 3097 358 3149 τοῦτο
383 3100 536 3169 ἔχετε
562 3108 738 3158 εἰπεῖν
763 3124 777 3173 ;
814 3110 1018 3173 Ὄντως
1045 3113 1214 3166 οὐδέν.
1248 3116 1450 3167 Λοιπὸν
1477 3115 1730 3185 πείσθητε
1753 3132 1766 3147 ⁶

1876 3117 2070 3171 sistere
2107 3116 2213 3169 Deo
2240 3102 2472 3168 dicimus
2503 3126 2740 3178 eumque
2760 3124 2892 3179 pure
2925 3108 3215 3174 inspicere,
3238 3097 3441 3170 perfrui

196 3191 573 3266 ἐπιστράφητε
593 3216 609 3230 ·
644 3200 953 3271 ἐκνήψατε·
987 3204 1256 3275 ἀνάστητε
1286 3224 1300 3237 ο
1355 3206 1665 3276 ὑποτάγητε
1698 3210 1763 3276 τῇ

198 3284 435 3358 ἀληθείᾳ
480 3289 557 3352 ὡς
592 3293 687 3344 καὶ
740 3295 940 3365 ἡμεῖς·
978 3300 1071 3351 καὶ
1118 3298 1193 3368 μὴ
1243 3299 1428 3353 θέλετε
1480 3302 1773 3370 προφανῶς

194 3375 345 3430 οὕτω
371 3380 674 3453 διαρρήδην
698 3388 998 3454 ἀντιλέγειν
1029 3393 1139 3454 τοῖς
1158 3392 1497 3456 διδασκάλοις
1523 3395 1623 3463 τῆς
1654 3396 1775 3447 Ἐκ·-

197 3468 453 3537 κληστας,
486 3476 581 3528 καὶ
626 3481 992 3545 προσκόπτειν
1023 3484 1089 3552 τῇ
1147 3483 1393 3555 ἀληθείᾳ.
1443 3485 1634 3554 Ἡμεῖς
1666 3489 1774 3557 γὰρ

198 3560 458 3626 λέγοντες
499 3566 625 3629 τοὺς
652 3568 842 3635 ἀγίους
874 3572 1240 3641 παρίστασθαι
1272 3574 1349 3643 τῷ
1380 3577 1518 3645 Θεῷ,
1555 3582 1647 3630 καὶ
1679 3597 1776 3630 κα-

199 3653 387 3721 θαρῶς
415 3658 577 3709 αύτὶν
606 3658 852 3730 θεωρεῖν,
878 3664 1284 3733 ἀπολαμϐάνειν
1310 3667 1560 3736 λέγομεν,
1593 3670 1683 3722 καὶ
1712 3672 1773 3723 οὐ

198 3748 437 3817 νοοῦμεν
470 3752 599 3804 ἄλλο
624 3749 763 3805 εἶναι
805 3756 904 3823 τὴν
934 3757 1070 3823 πρὸς
1117 3759 1409 3827 πρόσωπον)
1444 3763 1607 3815 αὐτοῦ
1643 3763 1776 3816 Osto-

198 3840 349 3907 ρίαν,
385 3844 478 3894 καὶ
525 3844 655 3897 ἄλλο
683 3846 781 3915 τὴν
823 3847 1146 3904 ἀπόλαυσιν.
1191 3852 1254 3903 El
1286 3852 1340 3904 δὲ
1387 3852 1616 3906 δύνασθε
1650 3855 1775 3907 τοὺ-

194 3934 415 3985 ναιιτίον
451 3937 663 3999 τούτοις
707 3940 842 4007 ἡμῖν
872 3942 1134 4005 ἐπιδεῖξαι
1160 3960 1173 3973 ’
1222 3944 1302 3995 ὅτι
1340 3944 1389 3995 οἱ
1420 3945 1564 4011 ἅγιοι
1610 3963 1777 4014 παρι-

196 4022 465 4090 σιάμενοι
497 4029 562 4096 τῇ
602 4028 816 4096 Τρεάδι,
846 4034 938 4084 καὶ
973 4034 1070 4101 τῆς
1108 4034 1243 4101 πρὸς
1279 4036 1570 4104 πρόσωπον
1606 4037 1775 4105 αὐτῆς

194 4114 439 4180 θεωρίας
465 4117 793 4184 ἀξιούμενοι,
824 4123 925 4174 οὐκ
966 4125 1327 4178 ἀπολαύουσιν
1356 4127 1456 4190 ἔτι,
1485 4129 1601 4180 ἀλλ’
1630 4130 1776 4182 ὲκδὲ-

192 4223 391 4281 χονται
426 4210 650 4275 μείζονα
688 4213 990 4266 ἀπόλαυσιν
1025 4219 1121 4286 τῆς
1149 4218 1314 4270 αὑτοῦ
1344 4219 1437 4271 τοῦ
1470 4218 1606 4272 Θεοῦ
1642 4225 1772 4274 θεω-

195 4300 354 4363 ρίας,
413 4300 737 4367 ἀποδείξατε
790 4306 882 4359 καὶ
915 4308 1088 4372 αὐτοὶ,
1139 4310 1231 4361 καὶ
1263 4312 1422 4379 ἡμεῖς
1454 4314 1772 4382 σιγήσομεν.

205 4386 359 4436 Ἀλλ’
383 4388 481 4440 οὐκ
511 4390 662 4458 ἔχετέ
694 4410 746 4443 τι
785 4393 947 4445 πλέον
974 4396 1163 4459 δεῖξαι,
1207 4400 1255 4450 εἰ
1292 4399 1365 4467 μὴ
1409 4401 1508 4467 τὴν
1538 4402 1773 4471 θεωρίαν

1876 3208 2144 3272 dicimus;
2193 3221 2293 3261 nec
2317 3204 2463 3259 aliud
2490 3218 2612 3258 esse
2630 3200 2982 3270 intelligimus
3005 3196 3124 3265 ejus
3145 3193 3210 3246 ad
3247 3191 3441 3245 facient

1879 3302 2163 3364 visionem,
2195 3310 2248 3353 et
2273 3298 2421 3351 aliud
2451 3296 2791 3350 fruitionem.
2820 3290 2971 3357 Quod
3004 3289 3052 3344 si
3104 3285 3439 3341 contrarium

1879 3389 2034 3445 nobis
2067 3390 2292 3458 potestis
2324 3387 2635 3446 ostendere,
2670 3384 2880 3437 scilicet
2927 3388 3148 3434 sanctos
3190 3372 3439 3429 Trinitati

1876 3485 2217 3545 assistentes,
2272 3479 2500 3548 ejusque
2523 3478 2588 3529 ad
2611 3474 2785 3529 facem
2845 3472 3054 3525 visione
3097 3468 3293 3534 dignos
3313 3464 3447 3516 cfl‘e-

1877 3587 2015 3641 ctos,
2047 3591 2155 3628 non
2209 3573 2413 3642 perfrui
2439 3570 2643 3630 adhuc,
2688 3556 2783 3621 sed
2827 3564 3088 3632 majorem
3131 3558 3440 3613 fruitionem

1878 3668 1970 3721 Dei
2001 3667 2210 3719 visione
2238 3661 2573 3731 exspectari,
2625 3674 2718 3711 vos
2750 3658 2915 3710 etiam
2962 3653 3350 3711 demenstrate,
3392 3653 3444 3698 ct

1880 3778 1982 3816 nos
2009 3760 2311 3815 silebimus.
2352 3755 2457 3810 Sed
2488 3754 2622 3808 nihil
2647 3752 2882 3820 amplius
2911 3750 3195 3803 ostendere
3225 3741 3446 3812 potestis

1880 3864 2073 3925 prmter
2103 3854 2243 3905 hanc
2268 3849 2363 3903 Dei
2396 3847 2461 3902 ad
2489 3846 2682 3900 faciem
2740 3844 3026 3897 visionem.
3053 3838 3239 3892 Nonne
3268 3833 3447 3903 perci-

1880 3948 2007 4017 pitis
2042 3961 2139 4000 vos
2162 3954 2383 3998 sanctos
2425 3942 2643 3995 irritare
2664 3949 2717 3991 et
2742 3939 3006 3990 adversus
3029 3928 3448 4001 ipsosblaSplnu

1879 4052 1997 4089 mos
2051 4050 2192 4099 esse,
2227 4048 2347 4087 cum
2409 4047 2504 4086 eos
2530 4029 2715 4084 dicitis
2767 4043 2873 4080 non
2934 4040 3055 4077 esse
3084 4023 3263 4075 adhuc
3322 4035 3445 4071 eum

1877 4128 2121 4191 Christo,
2154 4140 2330 4194 neque
2360 4124 2571 4177 visione
2602 4121 2723 4189 ejus
2774 4118 3024 4187 perfrui?
3072 4114 3205 4167 Nam
3257 4115 3290 4165 ii
3322 4128 3444 4165 cum

1879 4215 2099 4270 Christo
2138 4229 2262 4269 cum
2291 4213 2426 4279 sint,
2458 4211 2771 4265 immediate
2806 4208 2943 4275 apud
2996 4206 3322 4259 Trinitatem
3354 4221 3451 4273 pro

1880 4308 2035 4361 vobis
2068 4304 2433 4368 intercedunt,
2466 4314 2520 4357 et
2570 4302 2777 4355 lumine
2814 4301 2936 4367 ejus
2996 4300 3360 4362 illustrantur,
3398 4308 3452 4350 et

1884 4408 2147 4468 perpetuo
2184 4413 2311 4451 cum
2338 4411 2404 4450 es
2463 4409 2587 4448 €838
2647 4401 2905 4457 exstant;
2962 4402 3017 4443 at
3062 4405 3157 4444 VOS
3186 4404 3284 4443 COS
3341 4403 3449 4441 "Oli

187 4477 411 4549 ταύτην
439 4481 539 4549 τὴν
587 4484 731 4551 πρὸς
767 4486 1059 4552 πρόσωπον
1101 4488 1194 4540 τοῦ
1228 4489 1386 4545 Θεοῦ.
1423 4493 1494 4543 Ἦ
1526 4494 1627 4546 οὐκ
1655 4496 1769 4546 ἐπει

1884 4490 2063 4542 mlhuc
2115 4502 2237 4541 esse
2286 4502 2411 4539 cum
2451 4486 2556 4538 Dee
2584 4486 2938 4551 abnegarttes.
2998 4497 3099 4536 nce
3157 4494 3333 4549 usque
3386 4481 3452 4530 ad

190 4572 408 4623 στασοε
454 4573 534 4623 ὅτι
590 4576 953 4644 παροργίζετε
994 4579 1118 4639 τοὺς
1159 4581 1370 4646 ἁγίους,
1407 4585 1494 4635 καὶ
1538 4584 1778 4656 βλασφη-

193 4663 357 4726 μεῖτε
395 4664 476 4723 είς
528 4665 747 4729 αὐτοὺς,
790 4669 850 4720 ἐν
879 4669 959 4736 τῷ
989 4670 1167 4738 λέγειν
1214 4674 1357 4741 ὑμᾶς
1401 4676 1482 4728 ὄτι
1512 4678 1610 4729 οὐκ
1638 4680 1778 4730 εἰσὶν

187 4752 284 4804 ἔτι
322 4755 461 4819 μετά
488 4754 582 4807 τοῦ
613 4755 874 4824 Χριστοῦ,
907 4759 1015 4811 οὐδ’
1045 4764 1492 4832 ἀπολαμϐάνουσι
1521 4770 1619 4837 τῆς
1650 4771 1779 4823 ἑαυ-

186 4844 297 4903 τοῦ
331 4845 606 4917 θεωρίαςς
643 4848 870 4904 Ἐκεῖνοι
922 4853 1029 4921 μὲν
1071 4855 1178 4924 γὰρ
1230 4858 1367 4923 μετά
1414 4858 1507 4911 τοῦ
1542 4862 1781 4930 Χριστοῦ

186 4940 381 5000 ὅντες,
409 4940 804 5008 πρεσϐεύουσιν
854 4944 995 5014 ὑπὲρ
1025 4946 1184 5014 ἡμῶν
1216 4948 1436 5014 ἀμέσως
1468 4954 1534 5021 τῇ
1566 4952 1775 5022 Τριὰδι,

188 5028 301 5081 καὶ
336 5030 707 5097 ὲλλάμπονται
734 5032 812 5100 τῷ
844 5036 984 5101 φωτὶ
1022 5036 1219 5106 αὐτῆς⁶
1250 5041 1341 5095 καὶ
1376 5040 1662 5110 ὀρέγονται
1694 5046 1781 5098 ἀεὶ

191 5119 328 5187 μετ’
360 5120 533 5189 αὐτῆς
558 5116 697 5173 εἶναι
718 5135 736 5152 ·
766 5122 924 5190 ὑμεῖς
952 5122 997 5176 δ’
1026 5125 1351 5195 ἀρνούμενοι
1378 5129 1464 5182 ὅτι
1502 5130 1605 5183 οὐκ
1636 5134 1781 5186 εἰσὶν

185 5212 285 5265 ἔτι
319 5210 457 5278 μετά
488 5210 583 5262 τοῦ
613 5210 772 5277 Θεοῦ,
801 5212 916 5265 ἀλλ’
937 5214 1054 5267 οὐδὲ
1093 5217 1255 5287 μέχρι
1301 5219 1399 5287 τῆς
1433 5225 1779 5292 παγκοσμίου

190 5302 565 5363 ἀναστάσεως
592 5302 643 5353 οῖ
673 5303 822 5370 ἅγιοι
867 5305 1289 5373 ἀπολαύσουσιν,
1336 5310 1453 5364 ίστε
1494 5311 1577 5365 ὅτι
1613 5316 1785 5382 μεγά-

190 5392 317 5453 λως
345 5393 617 5460 ἐνοχλεῖτε
647 5393 851 5455 αὐτοῖς.
879 5396 1010 5449 Ειδι
1035 5399 1368 5469 παροξύνετε
1394 5405 1490 5456 καὶ
1514 5404 1783 5472 ἐνοχλεῖτε

190 5484 418 5546 αὐτοῖς,
449 5487 590 5553 ὅπερ
620 5488 720 5540 οὐκ
748 5488 924 5552 ἄλλως
959 5491 1129 5554 ἔσται,
1168 5494 1286 5554 πῶς
1319 5493 1473 5546 αὐτοὶ
1516 5496 1785 5565 πρεσϐεύ-

192 5594 417 5641 σουσιν,
449 5577 483 5646 ἦ
528 5576 644 5658 πῶς
674 5581 892 5647 μεσῖται
927 5580 1067 5651 ὑπὲρ
1110 5582 1275 5651 ὑμῶν
1291 5584 1632 5654 γενήσονται,
1680 5587 1787 5641 τῶν

277 5749 349 5781 σι’
401 5748 864 5819 Αροε,ιιι,9.ιι,
970 5757 1031 5788 ³⁵³
1085 5754 1252 5823 Apoc.
1302 5772 1394 5824 vn,
1449 5758 1633 5813 f5-15.

1886 4580 2247 4633 universalem
2275 4578 2729 4632 resurrectionem
2756 4592 2852 4632 eos
2891 4578 3156 4630 fruituros
3179 4592 3323 4640 esse,
3347 4577 3454 4630 sci-

1886 4683 1998 4725 tote
2032 4671 2169 4739 ipsis
2194 4672 2346 4723 valde
2372 4669 2631 4723 molestos
2645 4683 2789 4723 esse.
2810 4668 2867 4722 Si
2887 4682 3014 4721 vero
3036 4667 3263 4721 irritatis
3284 4667 3458 4734 iisque

1889 4765 2105 4820 molesti
2128 4763 2286 4827 estis,
2318 4761 2592 4829 quomodo
2628 4776 2725 4829 pro
2758 4760 2913 4814 vobis
2968 4759 3323 4823 inti-rcedenl,
3363 4767 3457 4810 aut

1883 4858 2160 4928 quomodo
2186 4870 2283 4925 pro
2315 4854 2472 4909 vobis
2502 4853 2847 4907 mediatores
2882 4851 3135 4916 evadent,
3187 4848 3457 4915 abnegau-

1884 4951 2030 5004 tibus
2085 4964 2180 5003 eos
2232 4963 2356 5001 eum
2403 4947 2512 5001 Deo
2570 4959 2714 5010 esse,
2776 4947 3169 5013 sedprocula
3201 4946 3312 4999 Deo
3336 4959 3460 4999 esse

1882 5041 2318 5095 afﬁrmantibus?
2375 5040 2575 5103 Dicite,
2609 5041 2978 5109 respondete;
3015 5048 3071 5093 at
3101 5055 3209 5092 non
3243 5037 3454 5090 valetis.

1886 5132 2062 5186 Unum
2090 5139 2302 5183 tantum
2331 5136 2413 5183 est
2448 5128 2597 5196 quod
2655 5128 2857 5183 multos
2916 5129 3202 5198 ambiguos
3258 5125 3457 5187 reddit,

1887 5222 2123 5290 facitque
2148 5229 2207 5273 ut
2246 5220 2587 5274 arbitrentur
2607 5234 2727 5274 esse
2757 5219 3063 5285 discordes,
3095 5220 3224 5288 quia
3256 5219 3457 5287 partim

1884 5313 2102 5380 quidem
2129 5311 2386 5365 doctores
2417 5310 2631 5374 dicunt,
2658 5295 2879 5365 sanetOs
2907 5310 3145 5379 perfecte
3174 5308 3302 5373 frui,
3336 5324 3459 5378 par-

1887 5404 1984 5457 tim
2038 5402 2399 5473 imperfecte:
2434 5418 2558 5456 nam
2607 5417 2735 5457 cum
2781 5403 2849 5458 de
2906 5404 3195 5460 animabus
3250 5412 3455 5457 tantum

1885 5496 2097 5559 dicunt,
2155 5494 2391 5563 perfecte
2448 5493 2558 5549 frui
2594 5496 2789 5561 aiunt;
2819 5496 3041 5565 quando
3076 5511 3203 5551 vero
3241 5496 3307 5549 de
3348 5502 3463 5547 toto

1890 5589 2135 5655 homine,
2169 5602 2278 5643 non
2332 5586 2590 5656 perfecte.
2621 5588 2743 5651 Quo
2777 5597 2937 5658 pacto
2965 5590 3111 5645 enim
3168 5604 3291 5643 cum
3322 5603 3462 5642 non-
