4156 6420
194 340 325 404 1301

672 351 823 414 PRO
857 354 1065 419 CONC.
1106 360 1471 425 FLORENT.
1512 368 1669 432 CAP.
1707 375 1803 436 IV.
1848 380 1941 437 DE
1988 381 2417 443 FRUITIONE
2454 384 2932 453 SANCTORUM.

3301 389 3439 453 1302

181 458 376 563 “6.956.;
404 463 519 525 τοῖς
556 466 831 532 πατράσιν
867 472 924 524 ἐν
952 475 1063 535 τοίς
1100 478 1407 546 προφήταις
1438 483 1751 555 ἀναστήσειν

1867 502 2102 547 laturum
2127 512 2287 569 ;nam
2318 501 2721 568 ca‘pollicitatio
2781 516 2875 557 seu
2902 502 3193 571 promissio
3213 503 3437 560 dicitur:

187 550 402 643 αὐτούς.
438 554 768 624 Ἐπαγγελία
811 564 940 633 γὰρ,
993 567 1113 635 ήτοι
1168 569 1457 639 ὑπόσχεσις
1506 550 1754 643 λέγεται·

188 642 451 715 ὑπέσχετο
480 650 587 719 γὰρ
614 650 645 705 6
680 654 884 725 Κύριος
912 660 1243 732 ἀναστήσειν
1272 666 1372 734 τὴν
1400 668 1507 720 τῶν
1549 670 1761 739 ἀνθρώ-

188 754 305 788 πων
334 738 520 806 φύσιν,
548 743 607 794 ἐν
632 742 709 812 τῷ
736 747 986 801 ἀπιστεῖν
1009 752 1135 814 τοὺς
1178 754 1500 824 ἀνθρώπους
1528 757 1627 828 τὴν
1652 764 1759 815 τῶν

190 830 460 896 σωμάτων
516 833 837 890 ἀνάστασιν.
894 837 1065 894 Τοῦτο
1126 844 1235 914 γὰρ
1302 847 1351 901 εἰ
1402 848 1647 916 ἐγεγόνει
1700 854 1760 907 ἐν

189 922 304 980 τοῖς
371 925 669 993 πατράσιν,
723 928 823 982 οὐκ
870 929 939 983 ἂν
991 934 1154 1002 ήμεῖς
1182 937 1417 1005 ἤλθομεν
1457 943 1539 1005 εἰς
1591 942 1652 993 τὸ
1682 937 1760 995 εἰ-

187 1024 316 1063 ναι·
350 1014 444 1066 καὶ
499 1014 659 1068 τοῦτό
710 1019 859 1072 ἐστιν
913 1023 1051 1093 ὅπερ
1105 1027 1134 1079 6
1169 1027 1376 1092 Παῦλός
1425 1048 1622 1101 φησιν·
1656 1035 1771 1087 οὐκ-

189 1101 513 1168 ἑκομίσαντο
542 1107 592 1157 oi
626 1108 732 1177 πρὸ
765 1110 925 1181 ήμῶν
978 1116 1078 1183 τὴν
1135 1103 1247 1172 ’τῶν
1300 1123 1570 1190 σωμάτων
1620 1124 1756 1180 ἀνά-

188 1209 425 1258 suam,
484 1195 577 1249 τοῦ
624 1199 761 1252 Θεοῦ
812 1204 937 1271 περί
990 1208 1145 1277 ήμῶν
1213 1215 1461 1281 κρεῖττόν
1511 1233 1561 1267 τι
1621 1234 1756 1287 προ-

189 1279 535 1351 ὁλεψαμένου
609 1287 694 1341 ἶνα
770 1292 850 1362 μὴ
911 1297 1081 1364 χωρὶς
1150 1279 1307 1369 ήμῶν
1351 1279 1755 1357 τελειωθῶσίνο

183 1384 465 1431 τουτέστιν
522 1382 607 1436 ἵνα
656 1384 732 1454 μή
766 1388 935 1456 χωρὶς
976 1388 1133 1457 ήμῶν
1171 1392 1370 1447 ἐκεῖνοι
1424 1395 1754 1452 ἀναστῶσιν.

181 1469 246 1521 Εἰ
279 1472 385 1541 γὰρ
428 1474 643 1533 ἐγένετο
673 1478 729 1530 ἐν
777 1478 1001 1542 ἐκείνοις
1036 1482 1067 1551 ή
1105 1482 1461 1548 ἐξανάστασις
1512 1487 1618 1539 τῶν
1652 1505 1757 1542 σω·

186 1562 400 1629 μάτων,
430 1564 522 1617 καὶ
552 1566 822 1622 ἀπέλαϐον
855 1572 948 1625 καὶ
977 1572 1045 1625 τὰ
1086 1573 1313 1643 σώματα
1350 1576 1488 1644 μετά
1518 1577 1624 1633 τῶν
1654 1578 1755 1648 ψυο

178 1654 313 1722 χῶν,
348 1654 470 1710 οὔτε
508 1659 541 1728 ή
589 1660 852 1729 ἒνσαρκος
903 1660 1195 1735 οἰκονομία.
1232 1667 1297 1721 ἂν
1333 1669 1569 1737 ἐγένετο,
1629 1671 1753 1725 οὔτε

179 1743 413 1811 Πέτρος.
445 1745 568 1798 οὔτε
615 1750 847 1817 Παῦλος,
878 1752 1001 1806 οὔτε
1030 1757 1056 1807 6
1086 1755 1269 1820 λοιπὸς
1299 1759 1405 1811 τῶν
1438 1760 1755 1814 ἀποστόλων

175 1835 359 1905 χορὸς,
379 1836 499 1892 οῦτε
518 1841 565 1892 οί
586 1842 822 1912 Πατέρες
840 1845 997 1915 ήμῶν
1017 1850 1111 1899 καὶ
1129 1849 1457 1913 διδάσκαλοι,
1480 1852 1601 1905 οὔτε
1616 1856 1664 1906 οἰ
1684 1855 1750 1907 ia-

176 1928 385 1997 ράρχαι
405 1932 500 1983 καὶ
523 1930 794 2003 θεοφόροι,
812 1935 904 1999 οῦς
932 1939 1169 2009 σήμερον
1194 1940 1533 2014 πλουτοῦμεν
1557 1945 1748 2014 ἀγίους

172 2024 273 2108 καὶ
308 2022 625 2092 θεοφόρους,
657 2029 751 2081 καί⁵
779 2032 1273 2104 χειραγωγούμεθα
1304 2035 1370 2088 δι’
1400 2038 1585 2092 αὐτῶν
1615 2038 1749 2108 πρὸς

170 2107 533 2177 θεογνωσίαν,
588 2116 682 2169 καὶ
728 2119 864 2187 πρὸς
919 2120 1090 2192 αὐτὴν
1136 2122 1235 2194 τὴν
1265 2127 1541 2197 σωτηρίαν
1570 2107 1747 2197 ήμῶν.

180 2200 328 2251 Ἀλλ’
365 2203 487 2256 οὔτε
530 2208 690 2274 ἡμεῖς
719 2209 784 2262 ἂν
817 2213 1139 2283 ἐγενόμεθα,
1167 2217 1289 2269 οὔτε
1332 2219 1454 2289 μεθ’
1480 2220 1625 2289 ἡμᾶς
1654 2221 1748 2276 άλ-

166 2292 252 2345 λοι
283 2310 298 2324 ο
336 2296 431 2348 καὶ
464 2297 620 2352 τοῦτό
651 2301 797 2354 ἐστιν
822 2302 848 2355 ὃ
871 2307 998 2373 περί
1019 2306 1174 2377 ήμῶν
1202 2311 1447 2377 κρεῖττον
1482 2312 1510 2363 6
1541 2311 1749 2375 Παῦλος

163 2386 385 2456 νομίζει
435 2385 623 2444 εἶναι’
677 2392 763 2446 ἵνα
818 2394 895 2466 μὴ
949 2398 1120 2467 χωρὶς
1177 2399 1335 2470 ήμῶν
1384 2401 1747 2457 τελειωθῶσιν

164 2481 413 2535 ἐκεῖνοι·
450 2483 565 2536 ἀλλ’
619 2485 703 2540 ίνα
753 2494 1089 2559 περιμένωσι
1130 2494 1226 2547 καὶ
1254 2495 1402 2565 ἡμᾶς
1453 2497 1629 2551 ἐλθεῖν
1667 2498 1747 2560 εἰς

161 2571 226 2622 τὸ
260 2569 404 2627 εἶναι
428 2590 442 2605 ⁸
491 2579 584 2630 καὶ
625 2578 747 2632 τότε
777 2577 1024 2649 ἅμα¹καὶ
1053 2584 1213 2652 ήμεῐς
1261 2586 1382 2655 μετ’
1430 2588 1612 2641 αὐτῶν
1649 2589 1748 2659 τὴν

160 2664 282 2717 τῶν
309 2667 581 2735 σωμάτων
604 2670 903 2727 ἀνάστασιν
925 2674 1326 2745 ὲπενδυσόμεθα
1351 2694 1363 2708 ·
1392 2680 1487 2733 καὶ
1516 2679 1584 2732 τὰ
1610 2680 1749 2748 γέρα

163 2758 271 2811 σὺν
310 2760 497 2823 αὐτοῖς
529 2762 625 2814 καὶ
657 2764 786 2826 τοὺς
832 2767 1126 2833 στεφάνους
1172 2768 1566 2841 ἀποληψόμεθα
1598 2771 1746 2841 παρά

158 2851 265 2904 τοῦ
304 2852 774 2923 ἐπαγγειλαμένου
806 2858 903 2910 καὶ
944 2858 1190 2929 ἀρχηγοῦ
1233 2860 1333 2931 τῆς
1372 2861 1746 2927 ἀναστάσεως,

160 2948 264 2999 καὶ
296 2946 591 3001 τελειωτοῦ
625 2948 821 3017 Ἰησοῦ.
857 2948 1165 3021 Γενομένης
1193 2954 1299 3025 γὰρ
1323 2954 1424 3025 τῆς
1454 2954 1747 3025 καθολικῆς

156 3039 528 3099 ἀναστάσεως
560 3041 670 3095 τῶν
714 3042 1003 3111 σωμάτιον,
1036 3044 1160 3098 οὔτε
1189 3046 1400 3114 γένεσις
1441 3046 1521 3101 ἔτι
1569 3047 1746 3114 ἔσται,

156 3128 295 3182 οὔτε
331 3129 437 3200 μὴν
466 3132 642 3202 φθορά
665 3148 679 3163 ο
731 3134 867 3187 ἀλλά
915 3136 1206 3208 ἀμφότερα
1245 3137 1499 3205 παύεται,
1531 3140 1627 3194 καὶ
1656 3140 1748 3194 οὗ·-

1868 582 1990 635 ideo
2024 585 2273 650 promisit
2315 586 2578 644 Dominus
2605 606 2665 646 se
2696 590 2987 646 humanam
3039 601 3289 648 naturam
3319 609 3440 650 sus-

1867 675 2188 741 citaturum,
2233 680 2359 748 quia
2422 694 2714 750 corporum
2775 685 3171 740 resurrectioni
3236 685 3437 741 difﬁdi-

1866 784 1984 822 mus
2009 808 2021 821 .
2057 784 2180 821 nam
2233 772 2283 824 si
2312 774 2362 825 id
2394 774 2636 842 patribus
2660 776 2948 838 evenisset.
2984 792 3086 834 nos
3114 781 3301 848 utique
3328 795 3436 834 non

1864 872 2147 925 essemus;
2176 860 2339 928 idque
2360 872 2443 918 est
2472 864 2618 933 quod
2659 865 2791 920 dicit
2812 864 3034 935 Paulus,
3068 883 3175 923 non
3206 884 3435 939 accepe-

1868 958 2018 1014 runt,
2044 949 2138 1019 qui
2170 950 2391 1006 fuerunt
2418 963 2544 1009 ante
2596 970 2719 1023 nos,
2747 972 3039 1027 corporum
3077 961 3438 1017 resurrectio-

1864 1058 2009 1105 nem,
2039 1042 2151 1100 Deo
2198 1061 2298 1116 pro
2354 1047 2512 1101 nobis
2537 1048 2730 1106 melius
2768 1050 2970 1120 aliquid
2999 1052 3339 1120 providente,
3377 1060 3437 1107 ut

1861 1148 1970 1187 non
2000 1133 2119 1188 sine
2176 1135 2335 1191 nobis
2364 1126 2899 1204 consummarentur,
2947 1139 3001 1193 id
3025 1150 3130 1206 est,
3159 1156 3267 1197 non
3298 1143 3437 1198 sine

1862 1226 2020 1281 nobis
2054 1228 2129 1280 illi
2171 1238 2481 1298 resurgant.
2506 1230 2562 1284 Si
2580 1231 2723 1286 enim
2749 1232 2802 1286 in
2832 1234 2899 1288 iis
2923 1248 3214 1303 corporum
3247 1250 3434 1291 resur-

1862 1317 2033 1371 rectio
2068 1318 2411 1386 contigisset,
2444 1335 2647 1390 suaque
2668 1337 2899 1392 corpora
2936 1338 3043 1378 una
3076 1338 3200 1379 cum
3224 1326 3435 1379 anima-

1862 1409 1964 1463 bus
2015 1411 2367 1482 recepissent,
2411 1415 2692 1468 incarnata
2763 1414 3095 1482 dispensatio
3154 1431 3430 1483 nunquam

1861 1499 2080 1563 fuisset,
2111 1516 2287 1572 neque
2300 1502 2517 1569 Petrus,
2540 1520 2716 1574 neque
2735 1507 2967 1571 Paulus,
2988 1522 3163 1575 neque
3186 1508 3433 1578 reliquus

1860 1593 2230 1661 apostolorum
2264 1595 2490 1661 chorus,
2515 1582 2687 1668 neque
2712 1608 2896 1668 patres
2927 1601 3105 1655 nostri
3139 1608 3192 1655 et
3244 1601 3433 1656 docto-

1861 1697 1968 1744 res,
2005 1696 2179 1752 neque
2229 1685 2525 1741 liierarcliae
2553 1688 2796 1743 etdivini
2856 1690 2980 1754 viri,
3012 1691 3213 1760 quibus
3270 1691 3430 1745 hodie

1860 1774 2280 1843 locupletamur,
2322 1777 2497 1832 sancti
2532 1787 2588 1834 et
2636 1779 2835 1847 divini,
2880 1795 2974 1850 per
3016 1797 3154 1851 quos
3220 1782 3288 1837 ad
3338 1780 3429 1836 Dei

1855 1867 2221 1936 cognitionem
2254 1869 2411 1940 quasi
2462 1884 2627 1927 manu
2682 1874 2944 1928 ducimur
2974 1885 3030 1930 ct
3060 1878 3127 1929 ad
3186 1884 3430 1929 nostram

1855 1960 2107 2025 salutem,
2136 1966 2196 2015 at
2225 1974 2405 2031 neque
2426 1962 2594 2032 geniti
2624 1962 2941 2029 fuissemus,
2974 1980 3161 2035 neque
3195 1956 3287 2020 alii
3310 1975 3432 2034 post

1852 2069 1984 2122 nos;
2015 2055 2181 2126 idque
2216 2065 2329 2125 est,
2357 2058 2505 2128 quod
2535 2074 2635 2129 pro
2668 2060 2827 2116 nobis
2855 2061 3052 2116 melius
3077 2061 3273 2116 Paulus
3305 2076 3428 2118 esse

1851 2148 2173 2214 arbitratur,
2207 2157 2266 2204 ut
2292 2165 2399 2205 non
2431 2151 2549 2206 sine
2585 2152 2741 2207 nobis
2773 2152 2850 2206 illi
2882 2163 3423 2219 oonsummarentur,

1852 2238 1947 2292 sed
1971 2254 2259 2310 quousque
2286 2255 2393 2295 nos
2432 2256 2758 2310 generentur
2782 2253 3181 2312 exspectarent,
3205 2253 3259 2295 ct
3296 2252 3425 2298 tunc

1851 2343 1955 2384 nos
1986 2330 2150 2384 etiam
2205 2346 2313 2386 um
2368 2347 2490 2386 cum
2542 2331 2655 2388 illis
2681 2349 2967 2403 corporum
3022 2336 3428 2389 resurrectione

1850 2418 2165 2487 induamur,
2188 2421 2518 2493 praemiaque
2550 2433 2605 2478 et
2656 2438 2890 2479 coronas
2940 2424 3105 2479 simul
3142 2438 3267 2479 cum
3318 2426 3425 2479 illis

1850 2511 2215 2580 percipiemus
2243 2529 2274 2568 a
2307 2515 2731 2572 resurrectionis
2762 2516 3118 2586 promissore,
3147 2525 3207 2572 et
3236 2526 3422 2573 aucto-

1849 2618 1927 2667 re,
1963 2614 2015 2658 et
2038 2605 2348 2673 perfectore
2364 2606 2514 2662 Jesu.
2539 2606 2673 2661 Nam
2698 2623 2821 2664 cum
2885 2624 3175 2681 corporum
3207 2611 3426 2667 univer-

1849 2697 1979 2751 salis
2002 2698 2332 2753 resurrectio
2358 2698 2522 2755 fuerit
2583 2701 2900 2767 subsecuta,
2945 2718 3123 2773 neque
3145 2704 3430 2774 generatio

1851 2788 1957 2842 erit
1986 2788 2243 2857 amplius,
2277 2804 2459 2859 neque
2493 2790 2793 2860 corruptio,
2826 2792 2921 2847 sed
2955 2802 3188 2863 utraque
3240 2807 3422 2848 cessa-

1851 2878 2309 2950 bunt,vnemoque
2342 2882 2577 2952 amplius
2594 2884 2943 2954 generabitur
2956 2898 3130 2954 neque
3159 2886 3421 2940 interibit.

1848 2971 2061 3027 Idcirco
2098 2982 2231 3026 tunc
2263 2988 2373 3027 non
2407 2972 2552 3027 facta
2589 2983 2675 3029 est
2698 2975 3052 3030 resurrectio.
3086 2975 3152 3030 Et
3204 2986 3425 3046 propter

1848 3076 2013 3131 quam
2048 3063 2211 3117 aliam
2238 3063 2309 3118 ob
2360 3064 2623 3120 causam?
2644 3063 2779 3130 Quia
2805 3081 2912 3121 non
2941 3068 3124 3123 adhuc
3190 3069 3428 3138 repletus

1848 3162 1933 3209 est
1961 3152 2115 3209 locus
2176 3154 2327 3209 illius
2374 3155 2587 3211 ordinis
2611 3156 2706 3226 qui
2744 3156 2813 3212 de
2841 3157 2983 3212 cmlo
3015 3159 3254 3226 cecidit;
3298 3174 3422 3213 nam

153 3225 279 3287 δεὶς
336 3224 418 3281 ἔτι
456 3228 733 3293 γεννᾶται,
789 3227 914 3283 οὔτε
972 3230 1081 3301 μὴν
1125 3232 1480 3302 ἀποθνήσκει.
1526 3235 1627 3289 Διά
1661 3251 1744 3289 τοι

1855 3245 2040 3301 scribit
2070 3245 2390 3316 Gregorius,
2420 3257 2784 3317 cognomento
2808 3248 3139 3320 Tlieologus,
3178 3251 3425 3321 superio-

154 3318 357 3381 τοῦτο,
402 3319 438 3387 ή
486 3319 784 3383 ἀνάστασις
832 3323 934 3375 οὐκ
978 3324 1195 3392 ἐγένετο
1243 3327 1389 3380 τότε.
1442 3327 1552 3382 Kal.
1576 3327 1665 3381 διὰ
1696 3329 1748 3381 τε

152 3412 297 3465 ἄλλο
321 3429 338 3479 ;
378 3416 521 3466 Διότι
560 3415 661 3467 οὐκ
685 3415 977 3486 ἐπληρώθη
1006 3421 1034 3471 ὁ
1057 3419 1439 3489 καταλειφθεὶς
1462 3421 1626 3483 τόπος
1652 3420 1748 3475 τοῦ

152 3504 687 3567 πεσόντος-ἐκείνου
717 3509 1017 3578 τάγματος.
1048 3511 1214 3578 Λέγει
1244 3512 1351 3581 γὰρ
1384 3514 1412 3566 ό
1441 3513 1580 3577 θεῖος
1613 3514 1754 3585 Γρη-

147 3597 411 3665 γόριοςό
460 3598 558 3667 τῆς
611 3598 892 3666 θεολογίας
938 3600 1248 3673 ἐπώνυμος,
1305 3622 1325 3655 ι
1388 3604 1751 3673 Πληρωθῆναι

145 3687 234 3739 δεῖ
283 3690 386 3740 τὸν
421 3690 533 3742 ἀνω
568 3689 793 3756 κόσμον.
838 3691 1073 3761 Χριστὸς
1120 3692 1353 3759 κελεύει,
1405 3693 1481 3763 μή
1518 3694 1750 3747 ἀντιτεί-

1854 3352 1967 3392 rem
1996 3337 2259 3391 mundum
2323 3338 2520 3407 repleri
2551 3349 2827 3408 oportere.
2865 3339 3121 3398 Christus
3145 3342 3320 3411 jubet,
3355 3358 3424 3397 ne

1852 3429 2213 3484 obsistamus.
2246 3426 2312 3481 Et
2347 3428 2599 3484 minister
2632 3430 2700 3484 ad
2724 3430 3039 3495 Dominum,
3065 3431 3310 3496 Domine,
3347 3432 3424 3486 fa-

1852 3535 2001 3577 ctum
2029 3532 2113 3578 est
2147 3530 2205 3575 ut
2250 3522 2556 3591 imperasti,
2608 3532 2661 3577 et
2716 3524 2868 3577 locus
2901 3523 3086 3578 adhuc
3141 3531 3242 3580 est.
3286 3525 3422 3579 Cum

1854 3614 2017 3684 igitur
2044 3614 2198 3669 locus
2224 3614 2272 3669 is
2296 3622 2427 3668 tunc
2457 3614 2696 3683 repletus
2719 3628 2823 3669 non
2854 3612 3071 3677 fuisset,
3092 3616 3427 3670 resurrectio

1851 3716 2196 3763 mortuorum
2227 3720 2334 3759 non
2380 3714 2466 3761 est
2502 3709 2825 3773 subsecuta,
2859 3707 3083 3776 haecque
3130 3708 3423 3776 promissio

140 3795 349 3848 νωμεν
379 3796 394 3809 ο
424 3779 518 3833 καὶ
540 3782 567 3832 6
603 3781 881 3852 ὑπηρέτης
914 3783 1051 3852 πρὸς
1091 3784 1183 3837 τὸν
1235 3785 1457 3852 Κύριον⁸
1497 3803 1516 3837 ε
1556 3785 1747 3855 Κύριε,

137 3873 391 3937 γέγονεν
422 3871 497 3935 ὡς
526 3872 816 3940 ἐπέταξας,
846 3875 940 3928 καὶ
977 3874 1057 3928 ἔτι
1092 3876 1252 3937 τόπος
1287 3877 1426 3931 ἐστί.
1460 3894 1478 3927 ι
1523 3877 1629 3929 Τοῦ
1663 3878 1752 3930 τό-

138 3981 255 4017 που
296 3961 402 4018 οὖν
457 3965 647 4019 τούτου
706 3967 781 4038 μή
832 3968 986 4032 ὄντος
1040 3968 1164 4021 τότε
1217 3969 1671 4040 πεπληρωμένον,
1713 3970 1746 4040 ή

1855 3983 2028 4037 adhuc
2060 3997 2169 4036 non
2193 3982 2512 4049 intelligere.
2536 3981 2603 4037 At
2632 3961 2733 4037 nos
2758 3983 2809 4037 id
2834 3983 3037 4037 dictum
3060 3961 3421 4043 resumenles,

135 4058 530 4121 ἐξανάσῑασις
568 4059 678 4111 τῶν
734 4062 946 4130 νεκρῶν
998 4063 1098 4113 οἰκ
1143 4063 1363 4130 ἐγένετο
1415 4078 1428 4091 °
1461 4062 1556 4115 καὶ
1609 4061 1747 4132 αῦτη

1855 4074 2123 4143 quomodo
2176 4074 2470 4141 promissio
2526 4074 2597 4129 sit
2656 4075 3029 4139 ostendemus,
3090 4084 3144 4128 et
3204 4080 3424 4143 quando

132 4150 308 4202 ἐστὶν
368 4152 407 4217 ή
456 4151 779 4217 ἐπαγγελία,
836 4153 904 4222 ἢν
940 4158 968 4206 6
1018 4154 1229 4217 Παῦλος
1280 4156 1416 4224 πρὸς
1460 4156 1748 4228 Ἐϐραίους

1855 4165 2269 4236 promissionem
2308 4166 2449 4223 banc
2498 4165 2774 4235 pollicitus
2812 4166 2879 4219 sit
2933 4165 3199 4220 Dominus
3255 4166 3418 4231 Deus,

133 4241 354 4308 φησὶν,
404 4241 481 4303 ὠς
520 4243 618 4294 οὐκ
665 4245 991 4312 ἐκομίσαντο
1031 4246 1080 4298 οἰ
1135 4246 1239 4316 πρὸ
1280 4246 1437 4315 ήμῶν
1521 4246 1626 4313 ἔτι,
1680 4251 1747 4320 ῆν

1855 4258 2163 4327 quibusque
2189 4273 2311 4313 eam
2336 4266 2392 4311 et
2428 4257 2498 4313 ob
2527 4272 2691 4326 quam
2723 4272 2945 4312 causam
2996 4257 3274 4325 pollicitus
3315 4266 3420 4321 est,

128 4331 260 4398 ἐγὼ
296 4326 471 4399 οἶμαι
504 4334 566 4383 οὐ
606 4334 899 4399 γινώσκειν
926 4335 1069 4404 ὑμᾶς
1103 4335 1207 4390 In.
1243 4337 1436 4403 Ἡμεῖς
1469 4338 1525 4391 δὲ
1557 4340 1750 4391 ἀναλε-

1855 4326 2110 4420 deinceps
2140 4350 2408 4405 dicemus.
2434 4346 2569 4403 Cum
2599 4346 2764 4404 Israel
2792 4349 3016 4403 salutem
3043 4363 3198 4403 suam
3224 4348 3420 4417 despe-

128 4424 395 4493 ξάμενοι
440 4424 534 4475 καὶ
565 4419 725 4488 αὖθις
772 4427 834 4478 τὸ
865 4428 1177 4496 εἰρημένον,
1230 4430 1571 4498 ἐπιδείξομεν
1617 4431 1747 4500 ὑμῖν

1855 4453 2046 4507 rasset,
2093 4456 2194 4495 nec
2241 4452 2581 4496 mortuorum
2640 4441 2890 4495 crederet
2938 4440 3419 4505 resurrectionem,

127 4517 262 4578 πῶς
298 4515 622 4582 ἐπαγγελία
648 4530 666 4547 ’
714 4518 810 4570 καὶ
860 4519 990 4571 πότε
1030 4520 1130 4589 τήν
1178 4521 1514 4590 ἐπαγγελίαν
1541 4522 1745 4592 ταύτην

1855 4547 1973 4585 cum
2009 4531 2279 4597 dicerent,
2332 4531 2575 4587 Abscissi
2604 4546 2814 4597 sumus,
2856 4532 3018 4600 periit.
3047 4547 3172 4601 spes
3206 4544 3418 4596 nostra,

123 4609 437 4676 ὑπέσχετο
489 4607 691 4677 Κύριος
725 4610 752 4661 ὀ
784 4609 917 4673 Θεός
943 4627 959 4641 ο
990 4614 1085 4665 καὶ
1113 4612 1258 4665 τίσιν
1301 4613 1492 4683 αὐτὴν,
1525 4614 1620 4667 καὶ
1651 4614 1740 4669 διὰ

1855 4624 2249 4679 manducemus
2272 4632 2327 4678 et
2354 4623 2630 4689 bibamus,
2653 4636 2778 4678 cras
2803 4622 3120 4687 moriemur,
3167 4632 3298 4677 tunc
3338 4623 3418 4676 in-

119 4702 308 4755 ποίαν
346 4700 541 4752 αἰτίαν
592 4702 881 4771 ὑπέσχετο,
925 4704 1078 4758 ἔνθεν
1124 4708 1398 4777 ἐροῦμεν·
1431 4710 1487 4760 ἐν
1534 4707 1614 4778 τῷ
1646 4710 1739 4762 τὸν

1855 4715 2074 4785 spiravit
2102 4712 2369 4769 Dominus
2407 4714 2747 4783 prophetam,
2773 4723 2827 4768 ut
2884 4714 3079 4783 p0pulo
3112 4713 3317 4767 diceret
3355 4731 3421 4769 ne

131 4795 389 4865 Ἰσραὴλ
441 4794 757 4862 ἀπογνῶναι
786 4799 886 4869 τῆς
933 4799 1205 4869 σωτηρίας
1240 4800 1430 4867 αὐτοῦ,
1469 4802 1528 4855 ἐν
1555 4800 1632 4869 τῷ
1666 4801 1739 4871 μή

1855 4821 2132 4874 :orporum
2190 4806 2609 4874 resurrectioni]
2636 4805 2922 4873 difﬁderet,
2955 4806 3416 4875 pollicereturqu'e

117 4889 411 4955 νομίζειν
441 4887 540 4956 τὴν
566 4888 679 4940 τῶν
700 4890 910 4958 νεκρῶν
936 4890 1316 4956 ἐξανάστασιν,
1344 4896 1401 4945 ἐν
1428 4893 1507 4963 τῷ
1533 4894 1737 4961 λέγειν,

1862 4898 1907 4953 is
1924 4913 1983 4953 se
1999 4914 2223 4969 corpora
2241 4913 2429 4954 eorum
2442 4898 2595 4954 arida
2612 4898 3098 4963 exsuscitaturum,
3114 4911 3283 4967 seque
3298 4912 3420 4951 car-

120 4998 141 5033 ε
182 4979 764 5048 Διαπεφωνήκαμεν,
809 4980 1088 5036 ἀπόλωλεν
1127 4986 1159 5054 ἡ
1210 4986 1362 5049 ἐλπὶς
1396 4985 1587 5054 ὴμῶνο
1633 4986 1738 5052 φάο

1855 4990 2022 5055 iibus,
2047 4990 2233 5049 nervis
2249 5004 2313 5045 ac
2339 4998 2464 5045 cute
2495 4989 2838 5055 induturum,
2879 4990 3245 5060 spiritumque
3264 4988 3421 5042 datu-

114 5090 382 5144 γωμεν,
449 5072 706 5142 πίωμενο
769 5072 965 5143 αὔριον
1020 5075 1466 5143 ἀποθνήσκομεν.
1524 5096 1543 5127 ι
1602 5077 1738 5129 Τότε

1855 5101 1961 5139 rum
2001 5095 2056 5140 et
2098 5087 2158 5140 iu
2192 5085 2491 5141 Jerusalem
2540 5086 2920 5140 restituturum
2948 5098 3067 5151 qua:
3114 5084 3249 5138 visio
3270 5083 3418 5151 pacis

111 5166 387 5237 ἐμπνέει
425 5165 636 5234 Κύριος
666 5168 757 5219 τὸν
786 5167 1077 5237 προφήτην
1110 5169 1287 5222 εἰπεῖν
1317 5170 1456 5239 πρὸς
1480 5170 1573 5223 τὸν
1615 5169 1739 5222 λαὸν

1855 5188 1996 5235 :stet
2032 5180 2251 5233 dicitur.
2277 5177 2512 5235 Ubinam
2538 5176 2844 5234 sunthaec?
2888 5176 3045 5244 Apud
3079 5174 3413 5230 Ezecliiclem

112 5262 206 5330 μὴ
223 5258 520 5312 ἀπιστεῖν
546 5258 644 5326 τὴν
661 5258 769 5311 τῶν
795 5260 1065 5328 σωμάτων
1087 5262 1412 5323 ἀνάστασιν,
1441 5264 1537 5316 καὶ
1562 5265 1734 5329 ἐπαγε-

1855 5271 2163 5339 prophetam
2197 5271 2377 5341 capite
2430 5269 2709 5324 tricesimo
2762 5269 3036 5337 septimo;
3076 5268 3211 5322 dicit
3269 5268 3414 5321 enim

108 5346 456 5419 γείλασθαι
486 5347 668 5409 αὐτοῖς
703 5347 785 5401 ὅτι
814 5351 1107 5421 ἀναστήσει
1138 5352 1343 5421 Κύριος
1368 5353 1433 5405 τὰ
1465 5352 1604 5409 ὀστᾶ
1643 5353 1739 5403 αὺ-

1855 5361 2059 5415 iivinus
2088 5361 2176 5413 hic
2208 5362 2471 5430 propheta
2495 5376 2505 5409 τ
2547 5376 2566 5410 ι
2592 5356 2759 5411 Facta
2787 5366 2874 5412 est
2916 5372 3076 5426 super
3106 5372 3193 5412 me
3220 5371 3417 5412 manus

105 5444 238 5495 τῶν
264 5440 350 5493 τὰ
396 5437 569 5508 ξηρὰ,
617 5439 709 5491 καὶ
748 5440 954 5494 suum
1004 5444 1144 5496 αὐτὰ
1195 5444 1406 5514 σάρκας
1448 5446 1542 5498 καὶ
1572 5445 1741 5515 νεῦρα

1855 5452 2078 5515 Domini,
2105 5461 2158 5507 et
2179 5452 2369 5507 eduxit
2392 5466 2480 5506 me
2511 5449 2569 5505 in
2601 5449 2804 5520 spiritu
2859 5446 3094 5515 Domini,
3126 5457 3179 5504 et
3212 5448 3416 5503 dimisit

108 5536 218 5588 καὶ
250 5532 505 5602 δέρμ’
542 5530 636 5583 καὶ
669 5530 888 5601 πνεῦμα
918 5533 1101 5589 δώσει.
1143 5536 1253 5591 Καὶ
1292 5539 1741 5608 ἀποκαταστήσει

1855 5562 1926 5599 ne
1950 5544 2003 5598 in
2032 5545 2209 5600 medio
2231 5545 2409 5611 campi
2428 5544 2520 5613 qui
2541 5554 2660 5599 erat
2683 5543 2876 5612 plenus
2896 5542 3135 5598 ossibus.
3165 5540 3414 5595 Circum-

110 5627 344 5689 αὐτοὺς
386 5624 482 5685 εἰς
505 5621 602 5693 τήν
636 5625 1019 5697 Ἰερουσαλήμ.
1058 5632 1128 5681 Ἥ
1158 5631 1349 5699 ὅρασις
1378 5634 1600 5702 εἰρήνης
1624 5636 1739 5685 ἐστί

1855 5638 1995 5690 .tuxit
2026 5652 2110 5692 me
2133 5653 2225 5707 per
2246 5652 2310 5692 ea
2351 5637 2405 5690 in
2430 5651 2585 5707 gyro.
2611 5636 2777 5690 Erant
2808 5645 2986 5689 autem
3049 5636 3220 5687 multa
3260 5634 3413 5687 valde

108 5739 177 5773 τε
226 5720 341 5773 καὶ
376 5714 635 5782 λέγεται.
664 5718 776 5771 Ποῦ
798 5721 972 5774 ταῦτα
1000 5724 1175 5774 κεῖται
1202 5742 1217 5789 ;
1253 5726 1341 5779 Ἐν
1370 5727 1449 5795 τῷ
1480 5725 1739 5793 Ίεζεκιὴλ

1855 5744 2005 5797 super
2066 5730 2259 5784 faciem
2282 5730 2483 5799 campi,
2545 5729 2799 5798 siccaque
2861 5728 3233 5781 vehementer.
3269 5745 3287 5778 ι
3348 5725 3412 5777 Et

110 5816 197 5889 τῷ
232 5808 533 5884 προφήτῃ
558 5823 572 5838 ⁸
623 5810 679 5864 ἐν
698 5813 975 5884 κεςραλαίῳ
1002 5819 1317 5888 τριακοστῴ
1345 5818 1575 5890 ἑϐδόμῳ.
1602 5824 1739 5891 Φησὶ

1855 5820 1980 5876 .lixit
2013 5822 2078 5877 ad
2126 5836 2254 5876 me:
2300 5821 2437 5876 «Fili
2486 5821 2742 5877 hominis.
2784 5830 3009 5887 putasne
3046 5822 3226 5874 vivent
3287 5837 3409 5874 ossa

1848 3809 1936 3856 est
1975 3814 2139 3869 quam
2188 3798 2391 3853 Paulus
2421 3799 2489 3852 ad
2537 3799 2791 3854 Hebraeos
2819 3798 2973 3867 dicit,
3002 3798 3150 3869 quod
3167 3802 3259 3870 qui
3299 3811 3424 3855 ante

1850 3907 1953 3947 nos
1980 3891 2202 3946 fuerunt
2226 3890 2406 3945 adhuc
2442 3905 2549 3944 non
2579 3902 2931 3962 acceperunt,
2962 3907 3123 3961 quam
3160 3902 3294 3962 puto
3326 3908 3422 3947 vos
