4156 6420
704 383 842 449 i303

1902 388 1986 448 J0
2002 389 2221 446 SEPIII
2272 389 2320 446 M
2336 389 2820 452 E'l‘110NENSlS

3811 387 3950 451 130$

690 501 816 555 ista.
884 495 947 552 Et
973 496 1084 551 dixi
1111 513 1125 550 :
1155 496 1386 553 Domine
1411 498 1578 562 Deus,
1610 504 1668 551 tu
1703 499 1872 554 nosti.
1935 500 2005 554 Et
2033 501 2172 553 dixit
2206 499 2271 554 ad

2379 499 2488 568 γὰρ
2523 502 2551 553 ὀ
2600 501 2743 562 θεῖος
2780 494 2934 562 οὗτος
2987 501 3268 571 προφήτης
3297 516 3309 530 ·
3363 520 3377 550 i
3417 498 3663 563 Ἐγένετο
3715 497 3804 550 ἐπ’
3855 491 3956 564 ἒμὲ

691 609 776 646 me
806 606 823 644 :
907 591 1218 646 Vaticinare
1241 592 1309 646 de
1333 592 1550 646 ossibus
1583 592 1725 659 istis,
1759 600 1812 648 et
1829 593 1977 647 dices
2008 596 2091 648 eis
2125 609 2138 649 :
2171 592 2274 646 Os-

687 700 749 738 sa
783 684 956 746 arida,
989 683 1177 737 audite
1207 684 1432 738 verbum
1467 683 1706 738 Domini.
1778 684 1902 738 Haec
1935 685 2069 740 dicit
2097 685 2276 739 Domi-

687 794 793 832 nus
836 777 975 831 Deus
1033 776 1247 832 ossibus
1309 777 1448 831 his:
1503 775 1643 831 Ecce
1689 791 1788 844 ego
1847 777 2275 832 inlromittamiu

690 884 789 922 vos
824 869 1099 938 spiritum,
1134 876 1188 922 et
1220 866 1442 930 vivetis,
1481 878 1534 922 et
1561 869 1702 922 dabo
1726 875 1894 938 super
1928 883 2026 925 vos
2051 875 2275 935 nervos,

684 968 737 1010 et
768 960 1135 1012 succrescere
1188 957 1383 1010 faciam
1418 972 1583 1026 super
1630 973 1727 1012 vos
1757 973 1970 1021 carnes,
2002 967 2056 1012 et
2080 973 2275 1027 super-

694 1049 985 1101 exlendam
1023 1048 1176 1101 vobis
1208 1058 1413 1108 cutem,
1447 1057 1501 1101 οι
1535 1048 1679 1102 dabo
1721 1049 1872 1102 vobis
1908 1051 2186 1118 Spiritum,
2219 1058 2275 1105 et

687 1140 900 1201 vivclis.
930 1149 982 1194 et
1016 1141 1208 1194 scietis
1234 1139 1358 1208 quia
1397 1153 1496 1208 ego
1541 1139 1824 1194 Dominus.
1853 1140 1918 1194 Et
1952 1141 2271 1211 proplictavi

691 1233 837 1284 sicut
899 1241 1223 1300 pr:£(3(~p.!r:ll
1265 1231 1422 1284 mihi.
1460 1232 1660 1287 Factus
1691 1241 1773 1286 est
1803 1241 1986 1287 autem
2057 1234 2272 1290 sonitus

689 1323 1044 1391 prophetautc
1077 1337 1184 1386 me,
1218 1329 1272 1375 et
1308 1337 1436 1377 ecce
1467 1324 1790 1376 commotio.
1825 1321 1890 1376 Et
1923 1334 2274 1379 accesserunt

686 1430 811 1468 ossa
843 1414 909 1466 ad
937 1429 1081 1478 ossa,
1147 1415 1577 1484 unumquodque
1621 1415 1687 1467 ad
1716 1415 2030 1481 juncturam
2093 1430 2270 1470 suam.

686 1507 753 1560 Et
784 1507 912 1572 vidi,
932 1515 984 1560 et
1013 1521 1140 1561 ecce
1167 1517 1330 1574 super
1359 1521 1476 1558 eam
1512 1507 1661 1559 nervi
1713 1514 1767 1559 ct
1799 1521 1991 1559 carnes
2015 1508 2273 1562 ascende-

690 1606 837 1659 runt,
867 1606 921 1651 et
951 1606 1160 1651 extenta
1192 1606 1276 1651 est
1297 1596 1353 1650 in
1373 1596 1451 1651 eis
1480 1596 1624 1649 culis
1646 1595 1902 1664 desuper,
1928 1603 1980 1648 et
2007 1595 2267 1664 Spiritum

688 1702 798 1741 non
833 1685 1123 1741 habebant.
1181 1686 1244 1740 Et
1298 1686 1433 1739 dixit
1463 1685 1529 1738 ad
1580 1702 1665 1739 me
1718 1703 1730 1738 :
1817 1685 2124 1739 Vaticinarc
2200 1688 2265 1739 ad

689 1782 967 1848 spiritum.
1005 1779 1324 1842 vaticizzare,
1354 1777 1428 1833 ﬁli
1463 1777 1722 1844 hominis,
1750 1787 1798 1831 et
1824 1778 1971 1833 dices
1997 1778 2063 1832 ad
2107 1780 2268 1848 spiri-

2381 592 2504 658 χείρ
2540 592 2765 660 Κυρίου,
2801 595 2891 644 καὶ
2939 591 3170 658 ἐξήγαγέ
3205 609 3270 658 με
3310 591 3368 643 ὲν
3400 590 3677 656 "vatiuati
3726 589 3952 656 Kupio-J.

2381 682 2474 734 καὶ
2507 681 2670 750 ἐθηκέ
2699 700 2764 751 με
2799 685 2856 734 ἐν
2884 684 3033 752 μέσῳ
3066 683 3154 735 τοῦ
3191 682 3395 744 πεδίου,
3432 680 3526 733 καὶ
3571 679 3730 732 τοῦτο
3761 676 3830 749 ἦν
3863 697 3957 746 με·

2381 773 2505 826 στόν
2536 775 2712 826 ὀστῶν
2749 774 3054 843 ἀνθρώπων
3078 791 3089 804 ’
3119 777 3216 828 καὶ
3259 772 3567 842 περιήγαγὲ
3601 790 3667 840 με
3693 771 3787 823 ἐπὶ
3815 771 3956 822 αὐτὰ

2381 863 2660 918 κύκλωοεν
2689 867 2874 935 κύκλῳ
2902 882 2913 894 ο
2949 867 3042 916 καὶ
3082 865 3192 917 ἰδοῦ
3224 863 3392 915 πολλὰ
3421 862 3628 932 σφόδρα
3659 862 3753 913 ἐπὶ
3787 860 3927 928 προσ
3957 891 3960 894 ~

2380 972 2529 1009 ωπον
2560 955 2656 1009 τοῦ
2699 956 2922 1009 πεδίου·
2955 959 3050 1011 καὶ
3083 957 3191 1009 ίόοὺ
3242 955 3380 1027 ξηρὰ
3422 955 3650 1024 σφόδρα.
3687 951 3799 1004 Καὶ
3835 946 3956 1003 εἷπε

2382 1049 2517 1118 πρός
2553 1048 2642 1115 με,
2674 1047 2769 1101 Υἱὲ
2799 1048 3110 1116 ἀνθρώπου,
3148 1047 3196 1099 ει
3224 1045 3446 1116 ζήσεται
3478 1045 3544 1097 τὰ
3575 1044 3710 1096 ὀστᾶ
3744 1043 3955 1107 ταῦτας

2379 1141 2485 1193 Kal
2534 1136 2687 1200 εἶπα,
2741 1139 2933 1208 Κύριε,
2968 1139 3160 1205 Κύριε,
3192 1138 3256 1192 οὺ
3307 1139 3592 1190 ἐπίστασαι
3646 1135 3786 1189 αῦτά
3813 1152 3827 1164 ⁸
3865 1135 3958 1186 καὶ

2380 1227 2499 1286 εἷπε
2542 1234 2680 1302 πρός
2729 1251 2818 1302 με,
2853 1234 2948 1290 Υίὲ
2994 1232 3304 1302 ἀνθρώπου,
3341 1235 3716 1300 προσρήτευσον
3749 1230 3842 1280 ἐπὶ
3889 1229 3958 1286 τᾷ

2375 1324 2509 1381 ὀστᾶ
2556 1323 2770 1378 ταῦτα·
2805 1325 2900 1378 καὶ
2945 1327 3089 1392 ὲρείς
3138 1325 3341 1386 αὐτοῖς,
3391 1324 3472 1374 Τὰ
3525 1322 3658 1375 ὀστᾶ
3704 1321 3773 1373 τὰ
3814 1319 3957 1386 ξηρᾱ

2375 1414 2572 1480 ταῦτα,
2598 1417 2867 1468 ἀκούσατε
2908 1416 3062 1480 λόγον
3111 1417 3314 1484 Κυρίου
3343 1431 3356 1442 ·
3391 1415 3518 1467 τάδε
3567 1413 3717 1480 λέγει
3750 1412 3954 1478 Κύριος

2373 1507 2488 1564 τοῖς
2536 1507 2747 1568 ὀστέοις
2804 1506 3052 1562 τούτοις·
3113 1507 3246 1559 Ἰδοὺ
3303 1507 3414 1572 ἐγὼ
3469 1507 3622 1578 φέρω
3677 1507 3756 1565 είς
3809 1503 3955 1569 ὑμᾶς

2379 1595 2592 1665 πνεῦμα
2615 1596 2758 1664 ζωῆς
2782 1613 2795 1627 ·
2823 1597 2916 1649 καὶ
2936 1597 3093 1650 δώσω
3122 1593 3222 1664 ἐφ’
3248 1597 3391 1666 ὑμᾶς
3418 1596 3585 1666 νεῦρα
3613 1613 3624 1624 ·
3650 1596 3741 1649 καί
3770 1593 3912 1656 ἅναξ
3933 1612 3957 1641 ξ)

2373 1687 2459 1753 ἐφ’
2519 1689 2664 1754 ὑμᾶς
2717 1687 2924 1754 σάρκας
2955 1704 2968 1718 ο
3015 1689 3108 1740 καὶ
3168 1690 3372 1741 ἐκτενῶ
3406 1688 3491 1756 ἐφ’
3549 1688 3691 1754 ὑμᾶς
3731 1684 3953 1753 δέρμα*

2375 1779 2469 1830 καὶ
2499 1778 2655 1831 δώσω
2687 1780 2769 1841 είς
2813 1779 2956 1847 ὑμᾶς
2988 1780 3213 1848 Πνεῦμᾶ
3247 1798 3372 1848 μου,
3422 1783 3515 1833 καὶ
3543 1779 3771 1849 ζήσεσθε
3796 1793 3810 1808 ο
3856 1777 3956 1827 καὶ

695 1881 815 1925 tum
849 1891 862 1926 :
895 1871 1016 1925 Ha:c
1041 1871 1176 1925 dicit
1207 1871 1469 1926 Dominus
1500 1871 1642 1924 Deus
1676 1886 1689 1923 ε
1746 1886 1775 1923 a
1807 1881 2044 1940 quatuor
2089 1871 2268 1925 ventis

2378 1869 2650 1936 γνώσεσθε
2686 1870 2767 1922 ὅτι
2817 1871 2924 1935 ἐγώ
2985 1872 3099 1939 εἰμι
3151 1871 3373 1939 Κύριος.
3412 1871 3520 1923 Καὶ
3563 1871 3956 1940 προεφήτευσε.

687 1966 812 2019 veni
839 1963 1086 2032 spiritus,
1111 1972 1162 2018 et
1189 1962 1399 2017 insulila
1437 1977 1606 2031 super
1661 1962 1978 2019 interfeclos
2029 1963 2184 2028 istos,
2215 1975 2269 2018 et

689 2053 1042 2107 reviviscant.
1072 2054 1134 2106 Et
1157 2054 1475 2121 prephetavi
1536 2053 1679 2106 sicut
1724 2061 2057 2122 preccperat
2104 2055 2260 2120 mihi,

687 2153 742 2198 et
774 2145 1058 2212 ingressus
1079 2153 1164 2198 est
1192 2144 1245 2197 in
1270 2159 1332 2198 ea
1351 2143 1581 2214 spiritus
1604 2155 1654 2198 el
1675 2144 1948 2211 vixerunt,
1967 2153 2268 2199 steterunt-

688 2253 796 2307 que
827 2253 992 2306 super
1023 2237 1190 2307 pedes
1213 2251 1344 2292 suos
1364 2237 1637 2292 exercitus
1653 2237 1872 2306 grandis
1896 2237 2060 2292 nimis
2084 2236 2266 2292 valde.

686 2329 753 2382 Et
779 2328 916 2382 dixit
947 2328 1014 2382 ad
1043 2343 1127 2382 me
1161 2344 1174 2380 :
1213 2327 1313 2381 Fili
1343 2327 1618 2392 hominis,
1670 2341 1792 2383 ossa
1844 2328 1957 2382 haec
2014 2330 2268 2385 universa

687 2422 883 2476 domus
916 2421 1078 2477 Israel
1111 2428 1214 2477 est.
1273 2421 1378 2488 [psi
1425 2420 1636 2486 dicunt,
1699 2421 1978 2475 Aruerunt
2007 2436 2131 2476 ossa
2167 2437 2268 2475 no-

687 2515 848 2583 ειη]
881 2523 934 2567 et
961 2514 1260 2583 perlitspes
1291 2522 1498 2576 nostra,
1532 2523 1585 2568 et
1619 2513 1848 2569 abscissi
1883 2529 2093 2571 sumus.
2125 2513 2271 2569 Vati-

688 2608 894 2673 cinare,
925 2605 1152 2661 etdices
1184 2605 1252 2658 ad
1279 2621 1395 2660 eos:
1437 2606 1564 2660 Haec
1610 2607 1742 2661 dicit
1796 2607 2057 2662 Dominus
2103 2609 2268 2670 Deus,

688 2700 833 2754 Ecce
863 2714 965 2768 ego
998 2699 1237 2767 aperiam
1285 2698 1526 2752 tumulos
1562 2707 1798 2762 vestros,
1842 2710 1894 2752 et
1919 2699 2149 2753 educam
2176 2715 2269 2755 vos

689 2793 759 2846 de
791 2792 1056 2860 sepulcris
1090 2791 1309 2853 vestris,
1338 2791 1570 2858 populus
1602 2805 1775 2852 meus.
1813 2805 1868 2846 et
1900 2792 2151 2845 inducam
2178 2809 2272 2848 vos

692 2883 746 2936 in
790 2893 987 2936 terram
1026 2881 1212 2944 lsraei,
1233 2895 1286 2936 et
1312 2881 1498 2935 scietis
1528 2881 1655 2950 quia
1688 2895 1788 2950 ego
1823 2882 2112 2946 Dominus,
2144 2899 2267 2937 cum

689 2990 956 3045 aperuere
978 2975 1224 3044 sepulcra
1262 2983 1462 3036 vestra,
1497 2981 1550 3028 et
1597 2973 1838 3027 eduxcro
1870 2989 1964 3030 vos
1992 2976 2058 3030 de
2086 2984 2272 3030 tumn-

691 3066 759 3119 ils
784 3066 1003 3129 vestris,
1037 3075 1089 3118 et
1147 3066 1347 3118 dedero
1401 3061 1650 3132 spiritum
1701 3079 1882 3118 meum
1915 3065 1970 3118 in
2015 3067 2191 3130 vobis,
2220 3076 2273 3121 et

688 3157 957 3220 vixcritis,
987 3165 1041 3210 et
1094 3157 1441 3225 requiescere
1468 3170 1565 3209 vos
1595 3153 1789 3208 faciam
1841 3172 2006 3224 super
2039 3159 2265 3212 humum

2373 1959 2558 2021 καθὼς
2604 1961 2909 2014 ἐνετείλατέ
2945 1979 3054 2030 μοι,
3098 1965 3188 2014 καὶ
3235 1965 3454 2029 ἐγένετο
3499 1964 3648 2032 φωνὴ
3678 1965 3732 2014 ὲν
3759 1961 3838 2029 τῷ
3885 1978 3954 2029 με

2374 2052 2751 2122 προφητεῦσαι
2779 2071 2793 2084 ·
2835 2055 2928 2108 καὶ
2961 2055 3071 2107 ίόοϋ
3111 2053 3335 2124 σεισμὸς
3365 2055 3581 2119 ἐγένετο
3611 2055 3780 2121 μέγας
3807 2070 3821 2084 ν
3855 2054 3955 2104 καὶ

2373 2146 2688 2214 προσήγαγε
2729 2148 2796 2199 τὰ
2829 2149 2982 2210 ὀστᾶ,
3011 2148 3197 2200 ὀστέον
3225 2149 3361 2217 πρ“)ς
3412 2149 3511 2216 τὴν
3545 2148 3822 2216 ἁρμονίαν
3855 2146 3956 2198 ab-

2373 2234 2488 2288 τοῦ.
2521 2235 2632 2288 Καὶ
2655 2231 2815 2302 εἶδον,
2850 2237 2945 2289 καὶ
2991 2238 3099 2291 ἰδοῦ
3143 2237 3231 2289 ἐπ’
3261 2239 3399 2292 αὖτᾶ
3427 2239 3592 2308 νεῦρα
3622 2240 3714 2293 καὶ
3748 2240 3956 2309 σάρκες

2375 2326 2621 2394 ἐφύοντο.
2656 2329 2765 2382 Καὶ
2793 2328 3076 2382 ἀνέϐαινεν
3107 2331 3192 2382 ἐπ’
3227 2331 3364 2384 αὑτὰ
3394 2331 3574 2401 δέρμα
3603 2332 3791 2385 ἐπάνω
3813 2349 3828 2363 ο
3857 2333 3956 2383 καὶ

2375 2420 2594 2489 πνεῦμα
2625 2421 2727 2476 οὐκ
2753 2418 2820 2492 ἦν
2850 2425 2908 2476 ὲν
2945 2423 3150 2487 αὐτοῖς.
3190 2425 3299 2478 Καὶ
3341 2421 3462 2478 εἷπε
3508 2427 3645 2494 πρός
3683 2441 3769 2492 με,
3807 2427 3956 2493 Προ-

2373 2517 2640 2586 φήτευσον
2677 2519 2768 2570 ἐπὶ
2794 2519 2853 2571 τὸ
2902 2520 3120 2589 πνεῦμα
3145 2535 3160 2549 ο
3201 2519 3607 2587 προφήτευσον,
3630 2517 3712 2570 υἱὲ
3745 2515 3956 2584 ἀνθρὼ-

2377 2625 2503 2661 που.
2563 2610 2674 2662 Καὶ
2703 2605 2858 2662 εἷπον
2905 2610 2982 2680 τῷ
3017 2610 3327 2679 πνεύματι·
3357 2610 3493 2663 Τάδε
3553 2609 3702 2676 λέγει
3752 2607 3956 2677 Κύριος

2377 2700 2576 2770 Κύριος
2602 2717 2617 2731 °
2642 2702 2738 2754 Ἐκ
2763 2703 2871 2756 τῶν
2895 2703 3174 2772 τεσσάρων
3197 2704 3517 2771 πνευμάτων
3543 2701 3744 2754 ἐλθέτω
3791 2699 3957 2753 πνεῖ-

2378 2811 2476 2860 μα,
2509 2795 2602 2845 καὶ
2657 2793 2976 2864 ὲμφύσησον
3011 2797 3092 2856 είς
3143 2797 3270 2857 τοὺς
3320 2794 3543 2861 νεκροὺς
3597 2792 3824 2852 τούτους
3860 2789 3957 2842 καὶ

2376 2885 2724 2954 ζησάτωσαν.
2778 2888 2888 2940 Kal
2954 2889 3338 2957 προεφήτευσεν.
3402 2885 3585 2938 καθότι
3651 2879 3960 2935 ἐνετείλατό

2380 2993 2510 3044 μοι·
2562 2978 2655 3029 καὶ
2703 2978 2954 3045 εἰσῆλθεν
3006 2979 3095 3030 ἐπ’
3147 2979 3345 3040 αὐτοὺς
3394 2977 3610 3045 πνεῦμα
3660 2975 3831 3043 ζωῆς,
3861 2975 3959 3026 καὶ

2377 3067 2583 3137 ἔζησαν
2615 3069 2709 3120 καὶ
2741 3068 2976 3132 ἔστησαν
3003 3068 3094 3120 ἐπὶ
3124 3069 3230 3121 τῶν
3258 3066 3433 3120 ποδῶν
3457 3067 3636 3119 αὐτῶν
3663 3064 3959 3131 συναγωγὴ

2381 3161 2554 3230 πολλὴ
2584 3162 2791 3231 σφόδρα
2829 3161 3057 3230 σφόδρα.
3094 3160 3202 3214 Kal
3229 3160 3458 3229 ἐλάλησε
3489 3161 3624 3228 πρὸς
3657 3174 3727 3223 με
3757 3155 3960 3221 λέγων,

687 3254 948 3310 vestram,
984 3253 1036 3299 et
1074 3246 1267 3300 scietis
1302 3246 1426 3310 quia
1457 3259 1559 3311 ego
1580 3245 1842 3300 Dominus
1874 3248 2087 3302 locutus
2118 3263 2263 3315 sum,

2378 3253 2474 3306 Υἱὲ
2524 3252 2836 3322 ἀνθρώπου,
2872 3254 2937 3304 τὰ
2982 3253 3117 3306 ὀστᾶ
3163 3253 3230 3305 τὰ
3264 3252 3400 3320 ξηρᾶ
3441 3247 3637 3311 ταῦτα,
3671 3248 3785 3308 πᾶς
3814 3240 3965 3304 οἶκος

687 3348 744 3392 et
766 3337 888 3399 i'eci,
915 3338 989 3390 ait
1016 3337 1275 3391 Dominus
1303 3336 1444 3391 Deus
1471 3337 1593 3390 ⁶⁰⁶.›

2392 3346 2615 3414 Ἰσραήλ
2659 3347 2825 3397 ἐστιν.
2857 3344 3019 3395 Αὐτοὶ
3061 3344 3302 3411 λέγουσι,
3333 3340 3480 3410 Ξηρὰ
3513 3341 3704 3406 γέγονε
3732 3336 3803 3388 τὰ
3830 3336 3966 3388 ὀστᾶ

689 3434 870 3500 ἡμῶν,
904 3431 1183 3484 ἀπόλωλεν
1215 3431 1422 3501 qam;
1457 3432 1638 3501 ἡμῶν,
1663 3434 2162 3504 διαπεφωνήκαμεν
2184 3451 2198 3465 ο
2219 3437 2309 3489 διὰ
2337 3437 2496 3490 τοῦτο
2521 3439 2916 3508 προφήτευσον,
2941 3437 3030 3490 καὶ
3057 3437 3176 3489 εἰπὲ
3209 3435 3342 3505 πρὸς
3376 3433 3569 3496 αὐτούς
3598 3450 3612 3462 ⁸
3643 3431 3787 3485 Τάδε
3809 3427 3964 3520 λέγιξ

689 3523 1118 3593 ΚύριοςΚύριοςο
1149 3524 1257 3575 ἰδοῦ
1290 3524 1400 3591 ἐγὼ
1431 3525 1632 3592 ἁνοίγω
1657 3525 1722 3578 τὰ
1743 3528 2001 3596 μνήματα
2021 3528 2176 3595 ὑμῶν
2199 3527 2325 3590 λαός
2349 3545 2471 3594 μου·
2507 3530 2602 3582 καὶ
2625 3529 2780 3580 δώσω
2800 3529 2858 3579 τὸ
2881 3527 3106 3596 Πνεῦμά
3135 3543 3236 3596 μου
3255 3529 3335 3589 τίς
3366 3526 3528 3593 ὑμᾶς,
3556 3523 3655 3575 καὶ
3686 3522 3926 3591 ζήσεσθε

690 3615 784 3671 καὶ
819 3619 1055 3686 θήσομαι
1079 3618 1221 3686 ὑμᾶς
1245 3620 1324 3678 είς
1342 3619 1441 3687 τὴν
1470 3619 1574 3688 γῆν
1600 3620 1776 3687 ὑμῶν,
1798 3619 1896 3671 καὶ
1911 3620 2182 3686 γνώσεσθε
2202 3621 2281 3672 ὅτι
2301 3621 2410 3689 ἐγώ
2431 3625 2545 3689 εἰμι
2565 3623 2788 3690 Κύριος.
2816 3621 3108 3688 Ἐλάλησα,
3131 3619 3225 3671 καὶ
3246 3619 3476 3685 ποιήσω,
3511 3617 3660 3682 λέγει
3691 3615 3957 3684 Κύριος.»

761 3710 897 3766 Num
925 3713 1264 3768 intellexistis
1285 3714 1430 3783 quod
1453 3729 1482 3768 a
1504 3715 1659 3769 vobis
1683 3715 2062 3769 dubitabatur?
2078 3726 2128 3771 el
2156 3717 2284 3783 quid

2461 3713 2531 3770 Ἀ
2543 3717 2588 3785 ρ’
2608 3718 2865 3785 ἐνοήσατε
2896 3715 2954 3767 τὸ
2976 3712 3450 3785 ἀμφιδαλλόμενον
3479 3710 3610 3778 παρ’
3640 3709 3838 3777 ὑμῶνς
3871 3693 3965 3760 κειὶ

691 3805 996 3870 signiﬁcant
1012 3819 1074 3859 ea
1098 3806 1280 3869 verba,
1304 3807 1508 3874 optime
1520 3815 1574 3860 et
1599 3807 1918 3862 verissimea
1942 3808 2097 3861 beato
2118 3806 2271 3861 Panic

2385 3810 2438 3860 τί
2469 3807 2663 3877 δηλοῦν
2699 3807 2948 3875 βούλεται
2975 3807 3036 3856 τὸ
3069 3805 3378 3874 λεγόμενον,
3418 3801 3688 3869 ὀρθότατα
3734 3801 3840 3868 μιν
3873 3801 3966 3851 καὶ

695 3897 931 3965 prolata,
974 3911 1003 3949 a
1033 3896 1187 3950 vobis
1239 3911 1370 3950 vero
1423 3898 1692 3966 ignorata,
1734 3915 1752 3950 ι
1801 3912 1908 3952 non
1952 3909 2280 3968 acceperunt

693 3987 905 4041 scilicet
955 3986 1396 4057 promissionem,
1428 4007 1445 4038 ι
1479 3989 1568 4056 qui
1596 3999 1994 4057 przecesserunt
2053 4007 2262 4056 omnes,

695 4079 808 4133 Deo
850 4094 944 4147 pro
971 4080 1126 4132 nobis
1173 4080 1370 4132 melius
1404 4079 1608 4150 aliquid
1660 4081 1997 4148 providente,
2047 4093 2104 4136 ut
2160 4099 2265 4137 non

694 4172 812 4225 sine
839 4171 994 4224 nobis
1040 4182 1571 4224 consummarentnr.
1611 4170 1794 4226 Nostis
1833 4184 1941 4241 quo
1969 4185 2123 4240 pacto
2155 4173 2268 4229 haec

694 4271 779 4318 est
815 4263 1100 4330 promissio
1130 4274 1183 4316 et
1209 4262 1437 4330 quando
1493 4277 1612 4316 eam
1644 4264 1893 4335 promisit
1926 4265 2107 4318 Deus?
2129 4265 2264 4320 Cum

694 4361 1034 4406 mortuorum
1064 4354 1514 4407 resurrectionem
1541 4368 1646 4408 nou
1666 4354 1912 4409 crederet
1933 4356 2123 4417 lsrael,
2145 4358 2272 4423 quia

697 4458 889 4495 eorum
929 4457 1154 4508 corpora
1185 4445 1462 4512 corrumpi
1493 4443 1715 4500 videbat
1753 4453 1807 4498 et
1832 4460 1957 4500 ossa
1985 4448 2187 4516 perire,
2210 4447 2277 4502 de

705 4537 882 4587 salute
908 4548 1005 4587 sua
1039 4534 1367 4601 desperavit,
1413 4544 1466 4589 et
1492 4537 1654 4602 periit
1715 4551 1840 4604 Spes
1884 4549 2068 4591 nostra
2093 4547 2146 4591 ct
2181 4539 2275 4592 ab-

707 4627 867 4682 scissi
901 4641 1109 4680 sumus.
1135 4627 1297 4680 Arida
1327 4626 1463 4680 facta
1495 4638 1624 4682 sunt
1682 4643 1809 4683 ossa
1850 4638 2056 4692 nostra,
2085 4630 2135 4683 id
2193 4639 2276 4687 cst

2373 4260 2532 4327 ὴμῶν
2563 4258 2938 4312 τελειωθῶσιν.
2998 4257 3237 4324 Ἔγνωτε
3280 4257 3395 4318 πῶς

2383 3899 2725 3964 ἀληθέστατα
2760 3898 2911 3963 παρὰ
2939 3895 3033 3949 τοῦ
3069 3894 3340 3964 μακαρίου
3376 3892 3610 3952 Παύλου,
3647 3890 3786 3960 παρ’
3809 3891 3964 3958 ὑμῶν

2377 3992 2433 4045 δὲ
2459 3989 2841 4058 ἀγνοούμενον,
2869 3989 2961 4050 si),
3005 4005 3023 4037 ι
3062 3988 3175 4038 υὺκ
3204 3989 3534 4054 ἐκομίσαντο
3582 3984 3834 4051 δηλονότι
3867 3983 3965 4042 τὴν

2378 4080 2767 4148 ἐπαγγελίαν,›
2819 4080 2867 4130 οἱ
2900 4078 3006 4147 πρὸ
3057 4076 3214 4145 ἡμῶν
3243 4076 3461 4137 πάντες,
3512 4074 3606 4126 τοῦ
3645 4073 3789 4126 θεοῦ
3840 4078 3962 4142 περὶ

2374 4172 2530 4240 ἡμῶν
2578 4171 2824 4239 κρεῖττόν
2871 4186 2924 4221 τι
2989 4167 3459 4236 προϐλεψαμένοῦ,
3515 4166 3600 4218 ἳνα
3656 4166 3734 4234 μὴ
3796 4171 3966 4234 χωρὶς

3471 4256 3785 4324 ἐπαγγελία
3811 4273 3828 4323 ;
3858 4257 3966 4308 Καὶ

2385 4351 2514 4404 πότε
2537 4351 2740 4421 ταύτην
2769 4349 3138 4418 ἐπηγγείλατο
3164 4349 3192 4400 ὀ
3218 4346 3348 4407 Θεός
3373 4365 3388 4414 ;
3418 4346 3509 4398 Ἑν
3543 4347 3619 4415 τῷ
3650 4348 3965 4415 ἀπιστῆσαι

2382 4445 2475 4496 τὸν
2523 4442 2740 4512 Ἰσραὴλ
2791 4444 2890 4511 τὴν
2941 4443 3048 4494 τῶν
3103 4441 3312 4511 νεκρῶν
3359 4440 3768 4506 ἐξανάστασιν·
3832 4441 3967 4493 ὀιότι

2383 4536 2529 4604 ἑώρα
2557 4536 2624 4587 τὰ
2651 4533 2876 4602 σώματα
2903 4534 2982 4585 ὅτι
3022 4533 3361 4603 φθείρονται,
3391 4533 3456 4584 τὰ
3487 4532 3622 4584 ὀστᾶ
3667 4531 3793 4593 πῶς
3834 4533 3967 4584 ἁπό-

2380 4629 2583 4689 λονται,
2639 4627 2864 4694 ἀπέγνω
2916 4623 3016 4700 τῆς
3068 4626 3344 4695 σωτηρίας
3394 4625 3558 4676 αὐτοῦ
3610 4624 3710 4676 καί
3772 4643 3963 4693 φησιν,

705 4719 1129 4784 corrumpimur.
1175 4714 1275 4769 Ubi
1331 4725 1670 4771 mortuorum
1731 4721 2099 4773 resurrectio?
2148 4722 2271 4789 quia

2396 4718 2757 4787 ’Δπόλωλενή
2808 4716 2962 4778 ἐλπὶς
2997 4718 3154 4786 ἡμῶν
3180 4731 3194 4746 '
3241 4717 3746 4785 διαπεφωνήκαμεν
3772 4736 3787 4747 ·
3826 4711 3964 4786 ξηρὰ

705 4818 937 4872 corpora
972 4815 1158 4859 nostra
1190 4817 1619 4876 corrumpuntur
1645 4809 1787 4876 el,in
1821 4811 2098 4877 pulverem
2135 4811 2280 4865 redi-

701 4912 726 4956 ι’
741 4903 931 4958 untur,
962 4911 1085 4947 nam
1115 4895 1171 4948 in
1201 4896 1303 4950 hoc
1336 4898 1536 4951 saeculo
1552 4899 1944 4953 beatitudinem
1970 4916 2090 4955 esse
2123 4914 2280 4969 puia-

702 4993 928 5038 verunt.
993 4983 1168 5044 Tunc.
1234 4987 1432 5055 inquit,
1487 4987 1622 5043 dixit
1656 4988 1801 5044 Deus
1847 4991 1913 5044 ad
1963 4994 2277 5060 prophetam

699 5084 918 5142 propter
949 5077 1020 5128 id.
1069 5076 1122 5129 In
1149 5094 1256 5145 quo
1286 5079 1538 5134 iocOYCu
1558 5097 1605 5133 m
1643 5082 1910 5147 dicerent,
1942 5085 2107 5138 Arida
2137 5085 2278 5139 facta

700 5178 828 5218 sunt
853 5182 973 5221 ossa
997 5180 1179 5222 nostra
1209 5187 1252 5222 ει
1277 5169 1576 5228 Valiciuare
1598 5187 1762 5241 super
1784 5188 1905 5229 ossa
1929 5176 2030 5229 ista
2054 5185 2105 5229 cl
2129 5177 2277 5231 dices

701 5259 895 5326 ipsimi
933 5268 984 5314 et
1014 5271 1241 5328 caetera;
1307 5272 1493 5330 postea
1551 5266 1734 5320 subdit
1769 5283 1782 5320 :
1839 5266 2184 5323 «Vaticinare
2209 5268 2276 5322 ad

703 5350 990 5419 Spirilnul.
1028 5371 1046 5403 ι
1097 5355 1163 5408 Et
1225 5355 1566 5426 prophetarit
1626 5368 1684 5411 ut
1765 5360 2087 5428 imperatum
2153 5371 2273 5427 est;

701 5441 900 5498 deinde
950 5455 1002 5498 et
1029 5446 1237 5511 scietis,
1270 5450 1396 5518 quia
1428 5465 1528 5520 ego
1545 5451 1830 5516 Dominus,
1856 5466 1977 5506 cum
2010 5467 2275 5522 aperuero

701 5535 951 5603 sepulcra
1005 5549 1184 5594 vostra
1237 5542 1467 5609 populus
1517 5557 1694 5610 meus,
1720 5553 1772 5597 et
1800 5542 2048 5598 inducam
2095 5560 2187 5597 vos
2220 5547 2271 5598 in

703 5636 906 5681 terram
934 5629 1122 5686 Israr‘l.
1151 5632 1272 5687 llzrc
1303 5644 1382 5688 est
1441 5637 1734 5704 promissio
1762 5652 1924 5709 quam
1955 5638 2270 5710 promisitet

775 5812 840 5843 (ε’
884 5814 1075 5866 Excch.
1118 5829 1294 5870 xxxvii
1331 5859 1343 5880 ,
1401 5815 1426 5865 ἀ
1463 5829 1614 5884 seqq.

2378 4811 2567 4878 γέγονε
2617 4811 2686 4862 τὰ
2741 4809 2875 4862 ὀστᾶ
2913 4809 3091 4876 ἡμῶν,
3136 4808 3388 4860 τουτέστι
3441 4806 3828 4876 φθειρόμεθα·
3865 4808 3965 4860 ποῦ

2377 4906 2409 4974 ή
2447 4906 2552 4956 τῶν
2586 4903 2793 4971 νεκρῶν
2829 4902 3220 4965 ἐξανάστασις;
3266 4901 3386 4953 Ὅτι
3418 4901 3486 4952 τὰ
3535 4901 3773 4966 σώματα
3807 4900 3964 4968 ἡμῶν

2379 4997 2712 5066 φθείρονται,
2759 4995 2854 5050 καὶ
2893 4992 3286 5046 ἀποτελοῦνται
3330 4992 3604 5058 κονιορτός
3631 5007 3646 5020 ·
3701 4992 3968 5059 ἐνόμισιν

2377 5090 2486 5157 γὰρ
2539 5090 2596 5139 ὲν
2635 5087 2710 5155 τῷ
2772 5085 2999 5157 παρόντι
3039 5086 3138 5154 τὴν
3195 5083 3576 5153 μακαριότητα
3622 5079 3793 5136 εἶναι.
3831 5082 3965 5136 Τότε

2381 5179 2546 5247 φησὶν
2596 5181 2624 5229 ὀ
2653 5177 2784 5236 Θεὸς
2839 5175 2976 5244 πρὸς
3023 5173 3116 5226 τὸν
3167 5175 3488 5244 προφήτην·
3525 5174 3622 5224 Διὰ
3679 5172 3868 5236 τοῦτο,
3910 5178 3966 5226 ὲν

2380 5269 2554 5338 ποίῳ;
2584 5269 2642 5322 ιν
2688 5267 2765 5336 τῷ
2817 5267 2993 5334 λέγειν
3043 5267 3262 5326 αὐτοὺς,
3294 5267 3446 5335 Ξηρά
3488 5266 3684 5332 γέγονε
3725 5267 3798 5318 τὰ
3834 5267 3963 5316 ὀστὶ

2377 5361 2559 5428 ἡμῶν,
2579 5360 2953 5430 προφήτευσον
2978 5360 3068 5410 ἐπὶ
3096 5361 3210 5420 τοῖς
3235 5357 3442 5418 ὀστέοις
3471 5359 3709 5419 τούτοις,
3740 5360 3840 5409 καί
3872 5359 3962 5410 λα-

2378 5453 2541 5518 λησον
2575 5451 2712 5519 πρὸς
2741 5451 2903 5514 αὐτὰ,
2938 5469 2958 5503 ι
2995 5450 3088 5503 καὶ
3114 5451 3182 5503 τὰ
3214 5449 3363 5516 ἑξῆς.
3387 5445 3520 5502 Εῐτὰ
3548 5465 3686 5518 φησι
3713 5466 3727 5481 ·
3768 5469 3790 5500 r
3825 5451 3954 5516 [1pc-

2379 5545 2653 5615 φήτευσον
2687 5544 2778 5596 ἐπὶ
2807 5544 2867 5594 τὸ
2906 5543 3124 5610 πνεῦμα
3149 5558 3193 5593 ὀ
3235 5545 3328 5594 καὶ
3363 5544 3742 5610 προεφήτευσε
3776 5543 3961 5604 καθὼς

2381 5636 2700 5706 ἐκελεύσθη.
2738 5632 2868 5690 Εἶτα
2892 5636 2985 5688 καὶ
3018 5633 3292 5703 γνώσεσθε
3323 5635 3403 5688 ὅτι
3437 5633 3547 5701 ἐγώ
3578 5636 3696 5702 εἰμι
3731 5635 3957 5702 Κύριος,
