4156 6420
222 366 361 430 1305

709 364 859 424 PRO
885 365 1097 427 CONC.
1124 367 1497 427 FLORENT.
1538 366 1695 425 CAP.
1744 367 1837 425 IV.
1890 366 1987 425 DE
2033 363 2461 427 FilUlTlONE
2496 361 2977 423 S.\NCTORUil.

3319 356 3460 419 1306

216 482 283 533 ἐν
314 479 393 548 τῷ
427 479 631 545 ἀνοῖξαί
672 499 736 547 με
785 482 913 543 τοὺς
943 482 1146 549 τάφους
1176 483 1329 550 ὑμῶν
1378 482 1505 544 λαός
1539 500 1662 551 μου,
1699 483 1788 534 καὶ

1896 486 2170 540 pollicitus
2191 483 2435 538 cstDens
2472 481 2714 548 patribus
2744 476 2936 529 vestris
2986 489 3079 542 per
3138 473 3458 541 prophetam

218 570 412 636 ἀνάξαι
442 572 586 639 ὑμᾶς
627 573 690 625 ἐκ
728 573 841 625 τῶν
888 576 1189 641 μνημάτων
1221 574 1377 642 ὑμῶν
1401 595 1414 605 ·
1450 575 1546 626 καὶ
1586 574 1787 638 εἰσάξω

217 665 297 726 εἰς
316 665 417 732 τήν
452 665 556 732 γῆν
583 663 679 717 τοῦ
704 664 940 734 Ἰσραήλ.
978 682 997 717 1
1042 664 1187 733 Αὕτη
1228 667 1374 719 ἐστὶν
1419 668 1451 736 ἠ
1485 667 1787 734 ἐπαγγελία

216 757 285 824 ἢν
317 756 681 824 ἐπηγγείλατο
710 757 738 808 6
765 758 920 821 Θεὸς,
948 759 1042 812 καὶ
1073 760 1338 827 ὑπέσχετο
1375 763 1486 813 τοῖς
1516 761 1788 826 πατράσιν

215 845 372 914 ὑμῶν
403 848 492 900 διὰ
516 847 610 900 τοῦ
645 850 924 917 προφήτου
954 850 1174 903 τούτουο
1210 853 1537 919 ἀναστήσειν
1566 852 1786 914 αὐτοὺς,

215 940 307 990 καὶ
351 938 532 993 δοῦναι
575 940 778 1003 αὐτοῖς,
819 943 931 1004 τοῖς
963 941 1138 1006 ἀξίοις
1185 943 1447 1012 δηλονότι,
1488 945 1585 998 καὶ
1617 960 1785 997 κεκα-

211 1030 530 1098 θαρμένοις,
560 1033 681 1085 ἀντὶ
709 1033 809 1101 τῆς
849 1034 1094 1101 ἐπιγείου
1140 1035 1518 1103 Ἰερουσαλὴμ,
1564 1036 1665 1101 τὴν
1690 1034 1786 1086 ού-

215 1127 401 1187 ράνιον
446 1126 540 1177 καὶ
569 1127 948 1193 ἀτελεύτητον,
983 1128 1051 1195 ήν
1084 1128 1182 1180 ούκ
1224 1128 1550 1196 ἐκομίσαντο
1578 1127 1679 1190 ἐτι,
1712 1126 1787 1187 ὦς

216 1235 383 1285 φησιν
432 1222 461 1273 ὁ
505 1221 776 1290 μακάριος
830 1222 1060 1285 Παῦλος,
1113 1222 1205 1273 τοῦ
1258 1221 1393 1273 Θεοῦ
1443 1222 1569 1292 περὶ
1628 1223 1786 1291 ήμῶν

215 1312 464 1378 κρεῖττόν
495 1329 546 1363 τι
581 1313 1055 1382 προϐλεψαμένου,
1086 1315 1177 1367 ἵνα
1214 1314 1286 1383 μὴ
1325 1315 1494 1385 χωρὶς
1518 1314 1673 1383 ἡμῶν
1698 1331 1787 1365 τε-

216 1404 504 1470 λειωθῶσι,
563 1406 867 1470 τουτέστιν,
918 1409 1006 1461 ἴνα
1038 1408 1113 1477 μή
1157 1408 1328 1477 χωρὶς
1380 1408 1538 1477 ήμῶν
1587 1407 1785 1459 ἐκεῖνοι

216 1496 490 1548 ἀναστῶσι
528 1498 663 1567 μηδὲ
694 1500 793 1567 τήν
829 1498 1021 1568 στολὴν
1050 1500 1144 1551 καὶ
1176 1498 1275 1568 τήν
1306 1498 1667 1566 λαμπρότητα
1691 1498 1784 1550 τοῦ

217 1588 468 1653 σώματος
498 1588 908 1657 ἀπολήψωνται,
936 1590 1064 1659 πρὶν
1090 1590 1159 1642 ἀν
1190 1590 1284 1642 καὶ
1313 1590 1439 1650 τοὺς
1466 1587 1787 1650 συνδούλους

215 1680 307 1729 καὶ
341 1678 602 1746 ἀδελφοὺς
644 1683 1011 1750 περιμείνειεν
1044 1683 1365 1750 ἀναστῆναι.
1401 1682 1703 1751 Γενομένης
1730 1682 1785 1732 δὲ

214 1770 312 1835 τῆς
357 1771 707 1860 παγκοσμίου
736 1772 1110 1837 ἀναστάσεως,
1146 1773 1265 1825 τότε
1295 1773 1718 1843 πληρωθήσεται
1750 1774 1782 1838 ἡ
1820 1809 1856 1860 Β

220 1858 531 1926 ἐπαγγελία
583 1860 676 1913 τοῦ
707 1862 963 1931 Σωτῆρος
1007 1861 1165 1929 ήμῶν
1196 1862 1330 1914 Θεοῦ
1358 1880 1372 1894 ο
1425 1863 1517 1915 καὶ
1543 1864 1783 1930 ἀναστή-

215 1968 401 2009 σονται
451 1950 630 2006 πάντα
659 1954 727 2005 τά
779 1954 889 2006 τῶν
939 1953 1242 2022 ἀνθρώπων
1274 1955 1543 2025 σώματα·
1598 1957 1786 2011 καὶτὸ

214 2045 646 2115 συναμφότερον,
703 2045 820 2114 ἀμα
846 2045 993 2116 ψυχή
1044 2047 1140 2101 καὶ
1184 2049 1369 2114 σῶμα,
1416 2050 1785 2118 ἀπολήψονται

209 2137 273 2189 τὸ
291 2137 495 2190 τέλειον
516 2152 529 2165 ·
545 2138 792 2190 τουτέστι
811 2139 1033 2203 τελείως
1052 2141 1153 2209 τήν
1183 2143 1581 2210 μακαριότητα.
1599 2143 1785 2210 Τούτῳ

210 2230 288 2295 τῷ
316 2229 460 2298 λόγῳ
492 2232 950 2299 συμμαρτυρήσει
981 2249 1071 2300 μοι
1099 2234 1193 2284 καὶ
1222 2234 1437 2296 Λουκᾶς
1465 2237 1491 2287 6
1512 2236 1785 2298 θειότατος

212 2324 615 2394 εὐαγγελιστής
640 2341 652 2352 ·
680 2324 737 2375 ἐν
759 2318 839 2387 οἷς
864 2328 921 2376 ἐν
946 2328 1065 2386 ταῖς
1088 2326 1195 2378 τῶν
1227 2327 1540 2379 ἀποστόλων
1570 2327 1787 2393 ἐξέθετο

211 2416 475 2486 Πράξεσι,
512 2416 689 2484 λέγων
745 2417 884 2485 πρὸς
930 2417 1219 2481 Ἰουδαίους
1244 2436 1257 2450 ο
1297 2437 1317 2471 ι
1358 2418 1584 2490 Ἀνδρες
1634 2419 1787 2473 ἀδελ-

212 2510 328 2573 φοὶ,
365 2507 493 2575 ὑμῖν
525 2509 552 2559 6
584 2508 746 2576 λόγος
797 2510 894 2577 τῆς
951 2511 1226 2581 σωτηρίας
1277 2513 1557 2585 ἀπεστάλη
1583 2532 1599 2547 ο
1641 2514 1691 2565 οί
1741 2514 1786 2567 δ’

212 2595 475 2666 ἄρχοντες
509 2598 705 2667 ὑμῶν,
731 2602 919 2653 τοῦτον
966 2603 1357 2672 ἀγνοήσαντες,
1387 2605 1663 2674 ᾐτήσαντο
1693 2610 1789 2661 Πι-

211 2687 397 2750 λᾶτον,
450 2688 805 2756 ἀναιρεθῆναι
842 2689 932 2741 τὸν
971 2690 1176 2742 δίκαιον
1221 2689 1431 2760 Ἰησοῦν
1454 2706 1468 2721 ⁸
1503 2693 1599 2745 καὶ
1636 2692 1787 2745 τελέ-

215 2797 410 2842 σαντες
450 2780 627 2835 πάντα
660 2781 728 2833 τά
777 2782 908 2850 περὶ
956 2782 1120 2836 αὐτοῦ
1186 2782 1569 2851 γεγραμμένα,
1625 2785 1791 2837 καθε-

217 2872 406 2934 λόντες
456 2872 561 2924 ἀπὸ
594 2872 686 2924 τοῦ
741 2872 920 2939 ξύλου,
970 2874 1173 2942 ἔθηκαν
1238 2877 1294 2926 ἐν
1351 2876 1641 2946 μνημείῳο
1677 2878 1789 2931 6δέ

213 2965 351 3024 Θεὸς
376 2962 539 3017 αὐτὸν
562 2965 785 3035 ήγειρεν
812 2967 874 3017 ἐκ
903 2968 1113 3034 νεκρῶν
1138 2984 1149 2995 ⁸
1180 2968 1238 3029 6;
1266 2966 1420 3039 ὤφθη
1453 2971 1543 3021 ἐπὶ
1574 2969 1789 3037 ἡμέρας

220 3058 435 3121 πλείους
466 3062 577 3121 τοῖς
633 3060 1001 3112 συναναϐᾶσιν
1033 3060 1180 3130 αύτῷ
1218 3062 1325 3114 ἀπὸ
1360 3063 1458 3131 τῆς
1504 3061 1786 3125 Γαλιλαίας

1894 579 2057 631 hunc.
2094 592 2151 628 se
2190 577 2554 629 excitaturum
2583 586 2697 632 eos,
2735 579 2787 623 et
2824 571 3071 622 daturum
3135 567 3220 627 iis,
3252 565 3464 618 scilicet

1890 670 2067 737 dignis
2102 678 2156 722 et
2188 670 2459 721 mundatis
2493 681 2589 735 pro
2625 676 2833 718 terrena
2900 659 3202 716 Jerusalem
3267 658 3465 724 sempi-

1894 773 2100 816 ternam
2126 770 2178 813 et
2208 762 2326 813 sine
2352 762 2476 823 line,
2516 774 2678 826 quam
2740 756 2979 809 nondum
3019 761 3366 820 acceperunt.
3407 759 3465 801 ut

1891 855 2081 908 beatus
2113 852 2292 919 inquit
2315 851 2536 911 Paulus,
2562 852 2671 903 Deo
2688 864 2783 916 pro
2804 846 2961 900 nobis
2982 845 3178 898 melius
3203 841 3459 910 quiddam

1891 945 2207 1014 providente
2242 953 2345 998 :ut
2370 958 2477 996 non
2534 942 2652 995 sine
2686 940 2842 993 nobis
2870 939 2903 991 ii
2938 946 3244 999 resurgant,
3288 948 3461 990 neque

1890 1037 2086 1092 stolam
2119 1048 2173 1090 et
2205 1034 2549 1104 splendorem
2592 1033 2839 1100 corporis
2877 1029 3138 1096 recipiant
3170 1037 3458 1091 antequam

1890 1148 2280 1187 conservorum
2306 1142 2359 1186 et
2388 1132 2620 1184 fratrum
2654 1127 3115 1181 resurrectionem
3143 1126 3465 1186 exspectent

1888 1227 2204 1280 etvideant.
2233 1226 2365 1279 Cum
2406 1240 2537 1277 vero
2562 1224 2730 1275 totius
2759 1219 2941 1272 mundi
2989 1217 3150 1268 fuerit
3222 1225 3466 1265 resurre-

1890 1320 1998 1372 ctio
2029 1326 2346 1377 consecuta,
2380 1325 2509 1368 tunc
2565 1312 2867 1365 Salvatoris
2895 1307 2992 1362 Dei
3012 1304 3187 1358 nostri
3232 1302 3465 1368 promis.

1891 1413 1974 1465 sio
2014 1408 2420 1473 adimplebitur,
2474 1415 2528 1460 et
2559 1406 2813 1458 universa
2890 1400 3175 1453 hominum
3233 1406 3464 1459 corpora

1889 1508 2207 1565 resurgant;
2235 1508 2289 1552 et
2319 1506 2549 1558 utraque
2587 1493 2771 1558 simul,
2805 1491 2984 1545 anima
3020 1498 3074 1542 et
3095 1500 3311 1551 corpus,
3342 1498 3466 1550 per-

1890 1591 2179 1645 lectionem
2212 1605 2325 1643 una,
2348 1588 2638 1653 recipient,
2675 1585 2727 1638 id
2767 1593 2849 1637 est
2903 1579 3199 1648 perfectam
3235 1575 3467 1630 beatitnv

1889 1687 2092 1738 dinem.
2131 1681 2303 1751 Hujus
2335 1681 2411 1733 rei
2443 1680 2595 1732 testis
2619 1691 2831 1728 mecum
2863 1672 2967 1727 erit
3022 1671 3194 1724 Lucas
3235 1682 3468 1734 evange-

1890 1779 2038 1840 lista,
2068 1777 2121 1829 in
2148 1774 2289 1828 libro
2312 1771 2401 1826 ubi
2432 1768 2806 1836 apostolorum
2831 1775 2949 1821 aeta
3013 1761 3289 1828 exposuit,
3341 1774 3463 1813 cum

1888 1870 2021 1923 dicit
2048 1869 2112 1922 ad
2156 1866 2410 1921 Judaaos:
2475 1862 2628 1916 «Viri
2653 1860 2877 1923 fratres,
2918 1856 3074 1910 vobis
3105 1854 3328 1907 verbum
3374 1867 3466 1905 sa-

1888 1961 2016 2016 Iutis
2066 1959 2229 2027 hujus
2282 1956 2512 2011 missum
2570 1962 2677 2007 est.
2743 1950 3029 2017 Principes
3080 1947 3246 2000 vestri
3315 1945 3464 1997 hunc

1888 2056 2200 2121 ignorantes
2228 2049 2501 2119 petierunt
2531 2062 2559 2100 a
2587 2045 2784 2105 Pilato,
2818 2050 2878 2096 ut
2913 2039 3289 2096 interﬁcerent
3316 2053 3461 2091 etnn.

1885 2147 2132 2213 Cumque
2163 2145 2630 2197 consummasseut
2658 2134 2839 2189 omnia
2870 2147 2989 2202 quae
3034 2147 3064 2185 a
3114 2130 3224 2183 Deo
3264 2130 3464 2195 scripta

1887 2247 2065 2299 erant,
2101 2236 2434 2303 deponenles
2462 2244 2587 2284 eum
2623 2229 2690 2281 de
2714 2228 2860 2295 ligno
2885 2237 3177 2295 posuerunt
3201 2225 3252 2275 iu
3276 2238 3464 2274 monu-

1891 2342 2096 2387 mento.
2131 2331 2273 2383 Deus
2310 2340 2443 2380 vero
2501 2321 2786 2377 suscitavit
2835 2334 2957 2372 cum
2992 2334 3020 2371 a
3055 2318 3306 2371 mortuis.
3359 2314 3461 2379 Qui

1888 2428 2040 2480 visus
2064 2432 2146 2477 est
2170 2436 2266 2491 per
2292 2419 2410 2473 dies
2434 2416 2631 2471 multos
2662 2414 2746 2468 bis
2779 2412 2874 2481 qui
2915 2410 3078 2464 simul
3101 2408 3464 2463 ascenderant

1889 2533 1919 2572 a
1951 2516 2169 2572 Galilaza
2202 2515 2253 2567 in
2289 2508 2617 2568 Jerusalem,
2652 2505 2744 2573 qui
2795 2520 2939 2557 nunc
2971 2510 3095 2556 sunt
3132 2511 3295 2554 testes
3347 2499 3465 2566 ejus

1889 2612 1955 2665 ad
1986 2611 2214 2676 plebem.
2243 2615 2297 2660 et
2346 2620 2442 2657 nos
2477 2600 2626 2654 vobis
2660 2597 3046 2652 annuntiamus
3079 2608 3195 2646 eam
3236 2606 3360 2659 qua:
3396 2590 3461 2642 ad

1891 2714 2107 2757 nostros
2131 2698 2482 2767 repromissio
2518 2694 2657 2747 facta
2688 2699 2793 2754 est,
2825 2688 3089 2757 quaniam
3121 2685 3264 2738 hanc
3320 2683 3465 2737 Deus

1892 2793 2205 2861 adimplevit
2234 2791 2357 2843 [iliis
2386 2788 2589 2842 nostris
2616 2782 2955 2839 resuscitans
2977 2776 3160 2833 Jesum
3201 2776 3267 2832 ⁸¹.
3302 2794 3320 2825 ι
3352 2776 3466 2828 Au-

1891 2884 1975 2937 dis
1997 2885 2018 2936 ?
2039 2881 2459 2934 Promissionem
2494 2876 2648 2937 dicit,
2712 2887 2834 2941 qua:
2864 2871 2928 2925 ad
2963 2876 3144 2938 patres
3196 2866 3333 2919 facta
3360 2874 3463 2918 est.

1892 2974 2065 3039 Quam
2099 2969 2564 3039 promissionem?
2598 2966 2932 3020 Mortuorum
2969 2962 3179 3017 scilicet
3220 2973 3467 3013 resurre-

1892 3066 2152 3126 ctionem,
2191 3076 2352 3130 quam
2401 3056 2744 3113 conlirmavit
2793 3062 2843 3107 et
2876 3050 3172 3107 declaravit
3222 3048 3379 3102 nobis
3405 3046 3469 3098 fi-

210 3152 296 3213 εἰς
331 3150 693 3222 Ἰερουσαλήμ
721 3168 734 3181 ·
759 3153 815 3205 οἴ
835 3153 977 3215 τινές
1007 3155 1113 3206 εἰσι
1143 3157 1419 3224 μάρτυρες
1454 3156 1617 3208 αὑτοῦ
1649 3156 1783 3224 πρὸς

1895 3158 1982 3211 liis
2012 3166 2222 3226 patrum
2257 3154 2497 3215 illorum,
2528 3165 2625 3217 per
2648 3148 3105 3203 resurrectionem
3147 3143 3278 3197 Jesu
3304 3138 3464 3193 Chri-

209 3243 305 3295 τὸν
334 3242 461 3295 λαόν
490 3258 503 3271 ·
543 3245 634 3296 καὶ
665 3246 826 3314 ἡμεῖς
859 3245 1330 3316 εὐαγγελιζόμεθα
1378 3248 1478 3316 τὴν
1506 3248 1639 3317 πρὸς
1663 3249 1785 3310 τοὺς

172 3390 177 3395 ,
211 3336 462 3404 παθεέρας
493 3336 823 3403 ἐπαγγελίαν
856 3338 1161 3406 γενομένην
1187 3356 1201 3369 ·
1250 3339 1332 3392 ὅτι
1366 3339 1570 3408 ταύτην
1603 3344 1630 3391 ὁ
1660 3339 1788 3400 Θεὸς

209 3426 619 3495 ἐκπεπλήρωκε
657 3429 767 3489 τοῖς
823 3429 1035 3491 τέκνοις
1077 3430 1254 3482 αὐτῶν
1290 3431 1443 3499 ἡμῖν,
1478 3432 1788 3501 ἀναστήσας

226 3516 457 3585 Ἰησοῦν.
514 3537 533 3569 ι
570 3518 856 3587 Ἀκούεις;
889 3520 986 3590 τὴν
1038 3521 1371 3589 ἐπαγγελίαν
1415 3524 1548 3591 φησὶ
1573 3524 1672 3592 τὴν
1701 3541 1792 3589 γε-

208 3609 450 3678 νομένην
482 3609 618 3678 πρὸς
636 3611 763 3673 τοὺς
798 3610 1257 3680 πατέρας⁶·ποίαν
1287 3613 1661 3680 ἐπαγγελίαν;
1690 3616 1789 3682 τὴν

205 3700 322 3750 τῶν
364 3699 973 3769 νεκρῶνιέξανάστασιν
1018 3702 1255 3774 δηλαδήο
1292 3724 1309 3755 ι
1350 3703 1449 3756 Ἦν
1490 3704 1787 3759 ἐϐεϐαίωσε

205 3792 309 3844 καὶ
332 3790 599 3861 ἐδήλωσεν
628 3793 657 3845 6
684 3794 819 3857 Θεὸς
847 3795 982 3863 ἡμῖν
1006 3798 1118 3857 τοῖς
1144 3797 1359 3859 τέκνοις
1386 3797 1497 3850 τῶν
1529 3799 1787 3868 πατέρων

204 3880 458 3945 ἐκείνων,
487 3882 560 3933 δι’
592 3883 942 3947 ἀναστάσεως
961 3884 1136 3954 Ἰησοῦ
1171 3886 1410 3953 Χριστοῦ
1443 3890 1506 3940 ἐκ
1535 3888 1748 3959 νεκρῶν
1770 3904 1785 3919 ο

203 3966 277 4025 οὗ
329 3976 491 4042 ἡμεῖς
537 3975 704 4043 ἐσμεν
754 3974 1009 4042 ἀψευδεῖς
1058 3976 1158 4045 τῆς
1210 3977 1562 4041 ἀναστάσεως
1621 3979 1786 4032 αὑτοῦ

205 4065 497 4136 μάρτυρες
522 4080 537 4097 ⁸
572 4066 753 4129 αὐτοῖς
789 4066 895 4136 γάρ
941 4067 1244 4136 ὀφθαλμοῖς
1294 4070 1621 4140 ἑωράκαμεν
1646 4087 1660 4102 ο
1694 4073 1788 4126 καὶ

201 4160 268 4210 αἱ
298 4160 477 4226 λεῖρες
521 4158 682 4227 ἡμῶν
713 4159 1091 4231 ἐψηλάφησαν.
1127 4163 1236 4214 Καὶ
1278 4163 1387 4215 ίδοὺ
1439 4164 1787 4232 εὐαγγελιζό-

205 4251 359 4319 μεθα
401 4252 527 4320 ὑμῖν
568 4250 778 4322 Ἰησοῦν
824 4253 1061 4322 Χριστὸν
1103 4254 1447 4322 πρωτότοκον
1482 4258 1545 4308 ἐκ
1574 4256 1785 4325 νεκρῶν

198 4346 544 4407 ἀναστάντα,
570 4346 651 4408 είς
677 4345 973 4415 βεσαίωσιν
996 4348 1093 4415 τῆς
1120 4348 1387 4415 ἀψευδοῦς
1418 4349 1586 4403 αὐτοῦ
1614 4350 1785 4417 ἐπαγ-

196 4438 420 4507 γελίας.
452 4438 719 4507 Ἐδήλωσε
738 4440 845 4510 γάρ
872 4440 959 4494 διά
982 4441 1077 4510 τῆς
1102 4440 1266 4494 αὑτοῦ
1282 4442 1632 4505 ἀναστάσεως
1659 4461 1784 4497 κατ·
1818 4477 1861 4530 D

200 4531 472 4601 αργήσας
510 4531 599 4583 τὸν
634 4530 887 4597 θάνατον,
908 4532 1006 4602 τήν
1033 4533 1373 4602 παγκόσμιον
1427 4536 1645 4603 ἐκείνην
1692 4538 1784 4589 καὶ

196 4621 447 4691 φοϐερὰν
498 4622 878 4687 ἐξανάστασιν,
924 4624 991 4693 ήν
1032 4623 1300 4692 ὑπέσχετο
1351 4629 1460 4687 τοῖς
1501 4627 1781 4695 πατράσιν

196 4714 384 4781 ¹ἡμῶν,
421 4712 495 4776 ὡς
542 4714 889 4784 προείρηται.
929 4715 1039 4767 Καὶ
1073 4715 1237 4777 αὑτός
1268 4718 1416 4769 ἐστιν
1445 4720 1472 4769 6
1520 4720 1784 4787 ἐπαγγει-

194 4806 439 4874 λάμενος
464 4822 477 4834 ·
514 4806 607 4859 καὶ
658 4808 717 4857 ἐν
764 4806 913 4877 αὐτῷ
945 4806 1179 4878 πρώτως
1221 4808 1455 4879 θελήσας
1506 4811 1783 4876 ὑπέδειξεν

196 4897 403 4965 αὐτὴν,
440 4898 733 4967 γενόμενος
764 4900 822 4951 ἐν
854 4902 1088 4969 νεκροῖς,
1119 4901 1211 4953 καὶ¹
1241 4902 1479 4964 ἀναστὰς
1514 4903 1572 4965 ἐξ
1607 4904 1783 4957 αὐτῶν

196 4987 590 5058 πρωτότοκος·
632 4989 700 5059 ήν
758 4990 852 5043 καὶ
901 4990 994 5041 ἐπὶ
1058 4991 1342 5063 συντελείᾳ
1383 4993 1494 5045 τῶν
1546 4994 1780 5059 αἰώνων,

195 5079 407 5142 κοινῶς
444 5080 577 5131 πᾶσι
610 5080 926 5147 παρέξεται.
968 5082 1067 5134 Διά
1100 5083 1257 5135 τοῦτο
1296 5086 1390 5136 καὶ
1442 5086 1781 5155 πρωτότοκος

192 5171 306 5238 τῆς
337 5171 725 5244 οἱκουμενικῆς
759 5173 972 5243 ἐκείνης
1006 5174 1355 5237 ἀναστάσεως
1377 5179 1404 5229 6
1432 5178 1666 5247 Χριστὸς
1694 5181 1784 5232 λέ-

194 5278 391 5327 γεται,
439 5262 621 5325 καθὼς
670 5263 881 5327 Παῦλος
928 5265 1027 5335 βοᾷ
1075 5267 1103 5318 ὁ
1138 5268 1434 5338 μακάριος.
1494 5270 1579 5323 ἵνα
1632 5271 1782 5343 δείξῃ

194 5352 341 5422 ἡμῖν
370 5352 451 5404 ὅτι
482 5354 646 5417 αὑτός
674 5356 825 5409 ἐστιν
860 5358 887 5409 6
921 5358 1167 5428 ἀρχηγὸς
1199 5363 1293 5413 καὶ
1342 5362 1547 5433 Κύριος
1576 5364 1668 5414 καὶ
1692 5380 1781 5414 τεο

194 5446 437 5514 λειωτὴς
472 5446 701 5517 ταύτης.
735 5449 874 5517 Φησὶ
915 5451 1060 5519 γάρ·
1098 5470 1115 5503 ι
1160 5453 1398 5521 Χριστὸς
1447 5453 1694 5523 ἐγερθεὶς
1721 5457 1784 5507 ἐκ

196 5535 439 5603 νεκρῶν,
498 5537 725 5610 ἀπαρχὴ
775 5541 882 5594 τῶν
917 5544 1338 5613 κεκοιμημένων
1391 5544 1646 5614 ἐγένετοο
1695 5546 1781 5597 ἵνα

194 5624 233 5699 ᾗ
266 5625 430 5690 αὐτὸς
459 5630 528 5681 τὰ
570 5630 746 5684 πάντα
790 5634 849 5687 ἐν
881 5638 1018 5690 πᾶσι
1049 5638 1369 5707 πρωτεύων,
1401 5639 1494 5691 καὶ
1538 5639 1622 5691 ἵνα
1656 5639 1784 5691 ὑπο·

197 5738 473 5874 w,“i%ct.
498 5760 613 5811 sm,
639 5744 707 5802 26
732 5762 884 5819 seqq.

967 5751 1010 5782 ⁶¹
1030 5750 1264 5819 (101055.,
1294 5767 1334 5817 t,
1364 5751 1450 5808 l3.
1530 5752 1575 5783 "
1604 5753 1621 5805 Ι
1648 5753 1771 5807 Cur.
1802 5766 1888 5810 xv,
1916 5749 2005 5802 28.

1894 3251 1962 3304 sti
1993 3267 2019 3301 a
2057 3247 2324 3312 mortuis;
2374 3244 2531 3313 cujus
2562 3240 2984 3296 resurrectiOnis
3008 3252 3109 3291 nos
3147 3235 3261 3290 veri
3299 3241 3464 3286 testes

1893 3354 2121 3397 sumus:
2154 3341 2355 3393 nostris
2376 3338 2518 3392 enim
2552 3335 2729 3389 oculis
2772 3332 3134 3401 inspeximus,
3184 3336 3236 3382 et
3266 3341 3462 3379 manus

1892 3443 2090 3489 nostrae
2120 3433 2425 3501 palparunt.
2456 3429 2515 3483 Et
2540 3442 2668 3483 ecce
2696 3426 2847 3480 vobis
2867 3422 3257 3478 annuntiamus
3274 3417 3458 3473 .lcsnm

1892 3526 2166 3580 Christum
2201 3520 2649 3592 primogenitum,
2707 3518 2798 3586 qui
2832 3530 2861 3568 a
2892 3514 3121 3569 mortuis
3164 3507 3467 3565 resurrexit

1892 3618 1958 3671 ad
2000 3630 2139 3670 verae
2178 3629 2291 3669 suae
2326 3611 2708 3681 promissionis
2767 3605 3281 3667 conﬁrmationem;
3339 3615 3463 3653 nam

1891 3726 1990 3778 per
2018 3707 2475 3762 resurrectionem
2526 3718 2681 3758 suam
2728 3709 2958 3754 mortem
3014 3708 3308 3754 evacuans,
3341 3692 3467 3744 nni-

1891 3802 2149 3855 versaleut
2182 3801 2326 3853 illam
2347 3807 2399 3853 et
2422 3796 2755 3851 tremendam
2785 3790 3248 3845 resurrectionem
3279 3792 3467 3838 osten-

1889 3892 1990 3955 dit,
2026 3904 2187 3959 quam
2223 3888 2495 3958 pollicitus
2526 3894 2610 3940 est
2666 3882 2910 3953 patribus
2960 3877 3185 3938 nostris,
3236 3882 3295 3927 ut
3340 3881 3469 3925 ante

1889 3981 2091 4036 dictum
2123 3992 2223 4035 est.
2260 3999 2276 4030 ι
2301 3980 2368 4032 Ει
2390 3979 2505 4045 ipse
2529 3975 2726 4043 estqui
2786 3971 3058 4042 promisit,
3087 3977 3141 4025 et
3174 3968 3225 4021 in
3283 3967 3465 4032 seipse

1888 4078 2121 4146 primum
2146 4074 2333 4126 volens
2354 4069 2591 4124 ostendit
2608 4083 2724 4121 eam
2741 4109 2755 4132 ,
2789 4080 2912 4119 cum
2933 4065 2998 4117 ad
3022 4071 3268 4115 mortuos
3286 4060 3468 4111 venis-

1890 4176 1971 4222 set
2004 4166 2148 4220 etab
2178 4166 2258 4217 eis
2286 4162 2681 4232 primogenitus
2744 4155 3164 4212 resurrexisset.
3206 4164 3365 4217 quam
3408 4148 3460 4199 in

1889 4263 1995 4316 line
2044 4260 2365 4313 saeculorum
2406 4253 2657 4309 omnibus
2713 4250 2764 4303 in
2815 4260 3104 4302 commune
3150 4240 3459 4312 praebebit...

1887 4355 2095 4409 Idcirco
2130 4362 2178 4406 et
2218 4347 2612 4419 primogenitus
2646 4341 2977 4397 universalis
3043 4338 3190 4391 illius
3216 4348 3466 4388 resurre-

1887 4445 2085 4499 ctionis
2106 4444 2356 4496 Christus
2375 4438 2594 4501 dicitur,
2612 4447 2671 4489 ut
2690 4434 2891 4488 Paulus
2907 4434 3098 4486 beatus
3113 4428 3380 4482 exclamat
3397 4425 3466 4492 ⁶²,

1895 4548 1955 4591 ιιι
1979 4536 2140 4589 nobis
2172 4531 2424 4587 ostendat
2453 4544 2577 4582 eum
2617 4539 2895 4580 auctorem
2927 4538 3046 4577 esse
3076 4522 3388 4583 Dominum,
3414 4525 3468 4574 et

1886 4626 2241 4697 pcrleelorem
2267 4622 2407 4691 ejus.
2443 4618 2629 4688 Inquit
2686 4619 2830 4670 enim
2864 4631 2877 4669 :
2924 4633 2941 4666 ι
2966 4613 3219 4668 Christus
3281 4625 3465 4663 resur-

1885 4734 2016 4787 gens
2046 4733 2074 4770 a
2118 4716 2352 4769 mortuis
2419 4711 2675 4781 primitias
2726 4708 3113 4763 dormientium
3162 4704 3337 4756 factus
3360 4710 3465 4763 est,

1886 4823 1945 4867 ut
1977 4812 2092 4879 ipse
2118 4807 2478 4876 undequaque
2502 4806 2554 4857 in
2579 4803 2830 4856 omnibus
2850 4800 3059 4867 primus
3081 4806 3247 4858 esset,
3279 4805 3333 4846 et
3364 4793 3464 4859 ipsi

1886 4904 2070 4957 omnia
2127 4894 2592 4967 subjicercntur“
2632 4912 2680 4947 .›
2723 4892 2790 4945 Ει
2831 4893 3028 4944 iterum
3091 4906 3103 4945 :
3168 4886 3468 4944 erristus

1886 4994 2137 5048 mortuus
2171 5002 2273 5055 est,
2308 4999 2360 5043 et
2412 4987 2738 5048 resurrexit,
2775 4992 2828 5037 et
2861 4982 3014 5045 vixit,
3052 4988 3109 5033 ut
3134 4989 3189 5032 et.
3226 4986 3470 5030 mortuo-

1884 5101 2005 5139 rum
2030 5096 2084 5137 et
2115 5084 2356 5137 vivorum
2377 5079 2686 5134 dominetur
2715 5077 2814 5129 ⁸³.»
2847 5075 3132 5140 Amplius:
3171 5091 3188 5122 ι
3217 5070 3319 5135 Qui
3351 5084 3472 5121 sus—

1884 5178 2068 5232 citavit
2094 5177 2305 5241 Jesum,
2341 5183 2396 5228 et
2423 5190 2523 5227 nos
2557 5188 2679 5226 cum
2702 5170 2828 5226 Jesu
2854 5167 3162 5224 suscitabit,
3192 5173 3244 5217 et
3266 5161 3473 5216 consti-

1884 5281 1996 5327 tuet
2029 5270 2313 5324 nobiscum
2352 5268 2416 5321 ⁸⁸.
2448 5286 2466 5318 ι
2514 5268 2777 5320 Praeterea
2816 5277 2829 5313 :
2868 5280 2886 5312 ι
2914 5260 2977 5312 Ει
3017 5273 3118 5312 nos
3186 5256 3468 5322 rapicmur

1893 5379 2016 5417 cum
2058 5361 2165 5416 illis
2196 5360 2248 5413 in
2273 5358 2512 5413 nubibus
2529 5355 2743 5410 obviam
2777 5351 2997 5406 Christo
3031 5350 3082 5401 in
3115 5362 3239 5401 aera
3270 5362 3283 5399 :
3313 5354 3367 5398 et
3390 5345 3470 5402 sic

1892 5466 2108 5521 semper
2143 5468 2267 5507 cum
2320 5451 2552 5505 Domino
2589 5448 2794 5503 erimus
2820 5444 2885 5499 ⁸⁸.
2910 5463 2927 5495 ι
2987 5443 3135 5497 Idem
3186 5440 3387 5495 Paulus
3415 5438 3469 5498 in

1886 5544 2272 5615 Apostolorum
2329 5542 2498 5607 Actis,
2539 5549 2596 5594 ut
2627 5539 2800 5593 Lucas
2858 5536 3071 5602 scribit,
3121 5532 3465 5601 inquit.cqu

1894 5636 2129 5704 Agrippa
2175 5648 2299 5701 rege
2321 5646 2630 5687 sermonem
2665 5631 2870 5683 habens
2924 5642 2937 5679 :
2982 5645 2999 5675 ι
3030 5625 3203 5679 Vitam
3242 5622 3467 5690 quidem

2088 5746 2131 5779 5"
2168 5747 2325 5800 (inin.
2356 5761 2465 5809 xw,
2506 5746 2555 5797 ί).
2637 5744 2677 5772 εδ
2710 5742 2866 5797 lCor.
2895 5756 2964 5805 γι,
3004 5740 3083 5792 ll.
3162 5734 3462 5791 “lTbess.
