4156 6420
209 354 226 417 1
240 358 341 419 309

800 362 951 422 PRO
1010 360 1224 428 CONC.
1270 363 1824 431 FLORENT.CAP.
1866 372 1934 434 V.
2014 373 2111 433 DE
2157 371 2504 433 PHIMATU
2540 374 2771 437 PAPIE.

3317 379 3456 445 1310

523 672 1094 758 ΑΠΟΛΟΓΙΑ
1173 678 1432 762 ΠΕΡΙ
1510 682 1739 765 ΤΟΥ
1816 682 2391 768 ΠΕΜΠΤΟΥ
2485 686 3142 780 ΚΕΦΑΛΛΙΟΥ

1265 868 1403 920 ΤΩΝ
1447 866 1537 919 ΕΝ
1585 866 1674 934 Tt)
1721 864 1854 938 ΟΡῼ
1888 872 2024 924 ΤΗΣ
2071 873 2388 929 ΣΥΝΟΔΟΥ

268 1027 395 1082 Ὅτι
445 1028 681 1097 δικαίως
699 1026 912 1101 spata"
938 1028 1040 1086 καὶ
1061 1026 1328 1096 άληθῶς,
1351 1028 1431 1094 ὡς
1457 1030 1491 1082 ὀ
1547 1031 1757 1099 πάπας
1781 1030 1912 1083 ἐστὶ
1936 1034 2172 1103 κεφαλὴ
2188 1035 2392 1105 πάσης
2418 1037 2528 1106 τῆς
2554 1036 2659 1092 τοῦ
2688 1037 2949 1105 Χριστοῦ
2994 1038 3380 1108 Ἑκκλησίας.

1775 1206 1845 1217 μ-

824 1391 1768 1483 DEMONSTRATIO
1847 1395 2276 1499 QUINTI
2359 1394 2824 1483 CAPITIS

1730 1602 1910 1644 εοιιωι

995 1757 1175 1828 ΟυᾸΞ
1219 1756 1299 1815 IN
1339 1756 1691 1818 DECRETO
1733 1757 2014 1818 SYNODI
2068 1760 2624 1823 CONTINENTUR

387 1911 565 1989 Quod
621 1915 793 1992 juste
848 1928 1107 1987 vereque
1165 1910 1399 1972 dictum
1487 1913 1594 1987 sit,
1656 1933 1879 1994 papam
1928 1923 2113 1990 caput
2169 1932 2293 1972 esse
2352 1916 2543 1975 totius
2599 1915 2893 1991 Ecclesia:
2956 1916 3219 1983 Christi.

925 2240 1006 2298 A'.

270 2335 398 2388 Ἰδοὺ
428 2337 520 2388 καὶ
554 2335 613 2388 τὸ
646 2336 900 2403 πέμπτον
926 2337 1022 2391 καὶ
1054 2338 1360 2391 τελευταῖον
1382 2337 1474 2391 τοῦ
1502 2338 1631 2404 ὅρου
1665 2353 1763 2389 κε-

185 2432 437 2497 φάλαιον,
492 2424 628 2500 ἧκεν
688 2430 987 2498 ἀπολογίαν
1041 2430 1251 2493 λαϐεῖν,
1302 2432 1484 2494 καθὼς
1538 2433 1631 2484 καὶ
1694 2430 1762 2483 τὰ

185 2523 491 2585 φθάσαντα.
539 2521 692 2574 Ἐπεὶ
728 2516 823 2574 οὖν
866 2522 964 2590 οὐχ
1009 2523 1418 2593 ὑπεστειλάμην
1472 2523 1647 2575 είπεῖν
1695 2522 1762 2574 τὰ

182 2616 445 2668 δοκοῦντα
476 2615 605 2683 περὶ
633 2613 743 2666 τῶν
779 2612 1241 2682 παρεληλυθότων
1283 2616 1560 2682 τεττάρων
1590 2630 1762 2680 κεφα-

183 2704 376 2771 λαίων,
402 2707 520 2759 οὐδὲ
560 2708 690 2775 περὶ
721 2706 915 2758 τούτου
949 2705 1069 2759 δέον
1103 2706 1253 2759 ἐστὶν
1284 2708 1429 2776 ἡμᾶς
1463 2706 1762 2773 σιωπῆσαι,

184 2801 282 2849 καὶ
317 2799 388 2867 μὴ
425 2798 608 2851 δοῦναι
639 2798 737 2868 τὴν
763 2799 1090 2867 πρέπουσαν
1121 2799 1441 2865 ἀπολογίαν.
1481 2799 1640 2856 Εἰκὸς
1669 2792 1763 2849 οὖν

180 2896 302 2943 ἐστι
337 2894 474 2959 μετὰ
502 2892 684 2959 πάσης
718 2891 1031 2959 προθυμίας
1064 2891 1157 2943 καὶ
1193 2894 1326 2959 περὶ
1353 2890 1547 2943 τούτου
1579 2890 1646 2941 τὰ
1674 2889 1762 2942 δυ-

181 2985 324 3036 νατὰ
354 2985 540 3047 φάναι,
574 2983 659 3035 ἵνα
695 2987 768 3051 μὴ
810 2983 1039 3052 ἄμοιρον
1093 2984 1251 3053 μείνῃ
1275 2999 1289 3011 ο
1322 2982 1458 3033 ἀλλά
1495 2983 1589 3035 καὶ
1625 2981 1762 3049 μετά

179 3076 296 3128 τῶν
326 3077 502 3129 ἄλλων
515 3078 646 3128 αὐτὸ
668 3076 1102 3146 ουναριθμηθείη
1126 3076 1494 3146 ὠχυρωμένον
1508 3079 1626 3135 ταῖς
1653 3074 1760 3125 τῶν

182 3170 349 3236 ἱερῶν
379 3168 638 3237 Πατέρων
668 3170 763 3222 καὶ
812 3168 1151 3221 διδασκάλων
1198 3168 1622 3236 ὲκφαντορικαῖς
1666 3166 1761 3219 καὶ

178 3265 520 3329 θεολογικαῖς
558 3263 891 3333 μαρτυρίαις
922 3278 937 3293 '
965 3261 1095 3315 ὥστ’
1125 3254 1269 3315 εἶναι
1314 3260 1762 3329 πεπληρωμένην

177 3356 363 3406 πᾶσαν
394 3354 492 3420 τὴν
523 3353 801 3421 ἡμετέραν
844 3352 1162 3423 ὑπόσχεσιν.
1195 3352 1261 3406 Τί
1291 3354 1344 3405 δὲ
1386 3350 1531 3405 τοῦτ’
1566 3354 1757 3415 tactv;

182 3447 254 3498 Ἦ
279 3446 378 3515 τῆς
412 3446 739 3514 Ἐκκλησῖας
784 3446 949 3515 ἀρχὴ,
997 3446 1057 3497 τὸ
1090 3444 1187 3497 τοῦ
1247 3445 1404 3499 πάπα
1449 3445 1717 3512 πρωτεῖον
1742 3457 1759 3472 ο

154 3544 252 3600 μὼς
276 3542 304 3593 ὁ
339 3540 482 3609 ἱερὸς
511 3540 607 3606 τῆς
640 3539 861 3591 συνόδου
894 3540 1020 3607 ὄρος
1060 3538 1361 3608 διαρρήδην
1413 3537 1535 3607 βοᾷ·
1576 3555 1595 3589 ι
1634 3538 1755 3589 Ἔτι

169 3631 527 3700 διοριζόμεθα
584 3630 684 3699 τὴν
736 3630 1107 3699 ἀποστολικὴν
1168 3629 1459 3697 καθέδραν,
1520 3632 1615 3681 καὶ
1663 3630 1755 3682 τὸν

178 3724 490 3792 Ῥωμαϊκὸν
532 3722 819 3793 ἀρχιερέα,
847 3724 928 3784 είς
969 3724 1151 3774 πᾶσαν
1194 3723 1293 3789 τὴν
1325 3722 1663 3790 οἰκουμένην
1694 3724 1755 3775 τὸ

170 3819 448 3886 πρωτεῖον
477 3817 731 3884 κατέχειν
756 3831 771 3847 ο
808 3814 974 3869 αὐτόν
1002 3832 1060 3866 τε
1084 3815 1175 3867 τὸν
1217 3814 1528 3881 Ῥωμαϊκὸν
1568 3816 1755 3883 ἀρχιε-

168 3914 296 3982 ρέα,
331 3910 572 3977 διάδοχον
598 3904 740 3961 εῖναι
766 3905 862 3960 τοῦ
907 3906 1183 3976 μακαρίου
1215 3906 1424 3975 Πέτρου
1460 3905 1555 3958 τοῦ
1589 3924 1755 3974 κορυ-

164 4003 335 4070 (palan
378 4002 489 4052 τῶν
514 3998 856 4059 ἀποστόλων,
901 3998 997 4050 καὶ
1042 3997 1208 4050 αὑτοῦ
1243 3997 1340 4050 τοῦ
1385 3997 1627 4067 Χριστοῦ
1660 4000 1755 4049 ἐπὶ

165 4097 279 4162 Υῆς
307 4090 706 4161 τοποτηρητὴν,
741 4090 838 4143 καὶ
885 4090 1118 4159 πατέρα,
1165 4091 1259 4141 καὶ
1299 4088 1620 4141 διδάσκαλον
1646 4088 1755 4140 τῶν

164 4184 515 4255 Χριστιανῶν
556 4182 834 4236 ἁπάντων.
870 4200 889 4232 ι
931 4181 1106 4234 Τοῦτο
1138 4181 1355 4249 ἀληθῶς
1387 4181 1489 4233 οὐκ
1529 4176 1645 4232 οἴδα
1670 4178 1756 4241 τίς

166 4286 324 4334 ἐστιν
352 4280 380 4329 ὀ
412 4277 709 4343 δυνάμενος
759 4274 1130 4343 ἀρνήσασθαι,
1168 4272 1457 4341 προδήλως
1493 4272 1588 4324 τοῦ
1620 4272 1754 4340 Χρι-

167 4370 306 4424 στοῦ
331 4372 425 4423 καὶ
449 4368 560 4421 τῶν
592 4368 929 4421 διδασκάλων
960 4366 1212 4435 βοώντων
1246 4365 1480 4436 βροντῆς
1511 4364 1754 4432 γεγωνό-

164 4482 353 4533 τερον.
396 4462 456 4517 Ὀ
511 4462 611 4531 μὲν
642 4457 736 4514 οὖν
773 4460 1012 4530 Χριστὸς
1065 4460 1171 4528 πρὸ
1222 4458 1422 4524 καιροῦ
1480 4457 1575 4511 τοῦ
1622 4458 1753 4510 ἰδίου

166 4558 406 4619 πάθους,
452 4554 554 4624 τὴν
583 4554 723 4623 πρὸς
754 4555 822 4606 τὰ
857 4554 997 4623 μέρη
1051 4551 1392 4617 Καισαρείας
1427 4550 1527 4620 τῆς
1566 4552 1751 4602 Φιλίπ-

167 4668 278 4703 που
308 4647 426 4700 eam
457 4649 802 4714 ποιούμενος,
832 4644 1091 4715 ἠρώτησε
1118 4644 1246 4706 τοὺς
1290 4644 1538 4713 μαθητὰς
1565 4643 1753 4709 αὐτοῦ,

162 4744 379 4811 λέγων’
412 4759 431 4792 ι
472 4741 609 4793 Τίνα
628 4753 712 4807 με
761 4738 1017 4805 λέγουσιν
1047 4738 1099 4789 οἱ
1149 4736 1430 4806 ἄνθρωποι
1480 4731 1623 4789 εἶναι
1663 4738 1754 4789 τὸν

162 4836 287 4887 υἱὸν
321 4832 416 4885 τοῦ
461 4830 752 4899 ἀνθρώπου
777 4846 826 4896 ς»
872 4829 983 4882 Καὶ
1012 4828 1114 4897 δρα
1142 4828 1456 4899 τὸνθὰκριϐἤ
1497 4829 1597 4897 τῆς
1631 4828 1755 4881 θεο-

1797 2242 1845 2300 Α

1941 2341 2079 2394 Eece
2119 2340 2370 2409 quintum
2395 2348 2448 2394 et
2473 2341 2719 2395 ultimum
2747 2343 2948 2398 decreti
3001 2353 3164 2413 caput
3217 2344 3447 2406 accedit,

1868 2442 1925 2485 ιιι
1963 2448 2117 2488 suam
2154 2433 2565 2503 responsionem
2596 2436 2849 2502 accipiat.
2910 2437 3367 2505 quemadmodum
3397 2443 3451 2490 et

1872 2527 2249 2594 praecedentia.
2287 2528 2427 2595 Ergo
2463 2528 2587 2594 quia
2654 2528 2894 2581 laborem
2957 2529 3266 2597 explicandi
3331 2545 3451 2598 qua:

1871 2618 2003 2671 mibi
2034 2618 2101 2671 de
2127 2629 2365 2687 quatuor
2393 2620 2582 2684 primis
2615 2618 2888 2686 capitibus
2958 2620 3287 2683 viderentur,
3341 2637 3447 2674 non

1866 2712 2073 2779 deiugi.
2093 2726 2439 2779 nequaquam
2463 2711 2618 2764 decet
2654 2711 2755 2765 boc
2784 2722 2878 2766 aut
2903 2713 3125 2766 silentio
3148 2712 3448 2775 involvere,

1865 2814 1959 2858 aut
1997 2804 2175 2859 debita
2210 2804 2565 2872 responsione
2596 2803 2868 2860 fraudare.
2897 2804 3133 2873 Equum
3159 2806 3451 2869 estigitur,

1867 2898 2014 2951 omni
2047 2896 2294 2950 adhibito
2324 2895 2533 2958 studio,
2567 2904 2621 2949 et
2653 2893 2721 2949 de
2778 2895 2881 2949 Itoc
2931 2897 3111 2965 capite
3166 2912 3288 2966 quae
3346 2897 3450 2950 dici

1865 2998 2098 3060 possunt
2130 2989 2346 3050 all'erre,
2399 3004 2467 3043 ne
2517 2997 2572 3042 et
2634 2989 2812 3057 ipsum
2886 2991 3067 3045 debita
3116 2991 3218 3045 sibi
3272 3002 3449 3045 careat

1868 3083 2157 3153 portione;
2194 3081 2304 3136 imo
2329 3091 2381 3135 et
2414 3083 2534 3135 aliis
2565 3081 2895 3151 adjungatur
2919 3097 3199 3136 sacrorum
3229 3081 3448 3136 Patrum

1861 3187 1915 3231 et
1943 3178 2231 3230 doctorum
2252 3176 2450 3230 divinis
2481 3185 2535 3229 et
2587 3176 2904 3244 tbeologicis
2940 3175 3269 3230 testimoniis
3302 3192 3452 3229 com-

1863 3273 2244 3335 munitum,ut
2270 3271 2547 3325 cumulate
2580 3270 2723 3334 quod
2774 3270 3004 3340 polliciti
3065 3286 3254 3324 sumus
3318 3285 3454 3339 prm-

1864 3374 2091 3420 stemus.
2118 3365 2387 3429 Quidnam
2418 3379 2546 3417 vero
2606 3364 2708 3417 hoc
2767 3364 2895 3418 est?
2928 3363 3188 3417 Ecclesia:
3243 3373 3407 3431 caput
3435 3379 3450 3417 :

1864 3473 2016 3528 papa:
2048 3458 2334 3527 primatus,
2378 3455 2837 3526 quemadmodum
2885 3472 3055 3510 sacrae
3103 3455 3295 3525 synodi
3360 3455 3455 3508 de-

1862 3558 2076 3603 cretum
2105 3557 2294 3616 aperte
2326 3548 2547 3602 clamat.
2588 3566 2608 3599 ι
2642 3547 2907 3601 Praeterea
2940 3546 3286 3601 decernimus
3322 3562 3453 3614 apo.

1858 3640 2110 3695 stolicam
2147 3639 2329 3693 sedem
2356 3647 2411 3693 et
2434 3637 2743 3692 Romanum
2792 3638 3103 3705 pontiﬁcem
3140 3637 3193 3691 in
3227 3641 3453 3691 univer-

1860 3748 1980 3787 sum
2017 3733 2200 3786 orbem
2242 3730 2537 3799 primatum
2594 3730 2861 3791 obtinere,
2921 3730 3285 3798 cumdemqne
3325 3744 3449 3784 esse

1862 3825 2000 3878 beati
2033 3824 2175 3877 Petri
2202 3822 2463 3890 principis
2516 3823 2887 3891 apostolorum
2958 3837 3361 3886 successorem,
3396 3830 3450 3875 et

1859 3918 2034 3983 ipsius
2059 3914 2262 3970 Christi
2303 3917 2356 3969 in
2395 3915 2556 3968 terris
2601 3915 2891 3978 vicarium,
2972 3914 3209 3979 Patrem,
3278 3915 3449 3981 magi-

1860 4020 2038 4065 strum
2064 4009 2308 4063 omnium
2331 4008 2829 4062 Christianorum.)
2856 4007 2969 4063 Hoc
2999 4008 3242 4077 profecto
3262 4008 3449 4061 nescio

1860 4103 2137 4174 quomodo
2195 4103 2320 4171 quis
2383 4101 2613 4156 iuticiari
2666 4102 2858 4169 possit,
2913 4116 3036 4154 cum
3093 4100 3443 4169 apertissime

1859 4196 2111 4250 Christus
2141 4203 2196 4248 et
2217 4208 2413 4249 omnes
2467 4192 2722 4245 doctores
2782 4190 3128 4245 manifestius
3182 4207 3344 4260 quam
3399 4194 3451 4247 s't

1860 4283 1944 4336 vel
1980 4283 2284 4336 tonitruum
2314 4289 2653 4349 personaret,
2684 4282 2785 4333 boc
2818 4280 2993 4347 ipsum
3056 4279 3444 4337 vocifereotur.

1859 4376 2111 4429 Christus
2143 4386 2278 4450 ergo
2298 4378 2424 4425 ante
2449 4385 2562 4426 suac
2583 4371 2855 4439 passionis
2885 4381 3103 4439 tempus
3125 4373 3190 4425 ad
3206 4371 3459 4439 ΡΙιίΙίιιμὶΔ

1860 4466 2168 4520 Caesaream
2232 4476 2489 4531 pergens,
2547 4461 2905 4530 interrogavit
2961 4462 3258 4532 discipulos
3314 4480 3457 4529 suos!

1859 4559 2050 4613 dicens
2090 4572 2103 4607 :
2148 4574 2166 4608 ι
2206 4555 2376 4621 Quem
2410 4570 2496 4607 me
2526 4553 2717 4607 dicunt
2767 4554 3016 4612 homines
3061 4570 3183 4609 esse
3243 4554 3440 4609 Filium

1860 4650 2093 4705 bominis
2118 4648 2143 4703 ί
2172 4649 2587 4702 «Animadverte
2613 4647 2944 4715 exquisitum
2981 4648 3265 4717 tbeologici
3328 4665 3447 4703 ser-

1863 4745 2040 4797 monis
2066 4756 2313 4796 sensum.
2347 4738 2480 4792 Nam
2517 4740 2735 4807 quando
2758 4739 2825 4793 de
2849 4742 3236 4795 communibus
3260 4740 3442 4794 homi-

1862 4848 1993 4886 num
2061 4832 2351 4888 sententiis
2424 4840 2812 4899 percontatur,
2874 4832 3103 4898 apostoli
3175 4841 3448 4899 occupant

162 4928 359 4992 λογίας
384 4923 530 4978 νοῦν.
559 4924 731 4976 Ὅταν
758 4923 859 4991 μὲν
886 4921 981 4975 οὖν
1007 4923 1136 4992 περὶ
1162 4922 1271 4975 τῶν
1303 4923 1500 4975 κοινῶν
1530 4924 1753 4977 ἐννοιῶν

1862 4924 2301 4994 responsionem,
2335 4923 2579 4978 dicentes
2612 4939 2709 4993 per
2730 4926 2992 4994 singulos,
3030 4925 3248 4993 quidam
3280 4924 3449 4979 Joan-

159 5019 280 5073 τῶν
314 5016 618 5088 ἀνθρώπων
674 5014 986 5084 ἠρώτησεν,
1034 5017 1085 5068 ol
1132 5016 1424 5069 ἀπόστολοι
1485 5017 1751 5084 φθάνουσι

156 5114 266 5182 τὴν
295 5111 612 5180 ἀπολογίαν,
648 5110 897 5179 λέγοντες
920 5110 1023 5163 ἀνὰ
1046 5110 1237 5179 μέρος,
1289 5110 1342 5161 ol
1372 5112 1470 5177 μὲν
1494 5108 1749 5181 Ἰωάννην

154 5207 259 5258 τὸν
299 5204 649 5273 ΒαπτιστήΨ
689 5202 868 5272 ἕτεροι
912 5202 1163 5270 λέγουσιν
1221 5198 1364 5255 εἷναί
1418 5218 1478 5254 σε
1520 5201 1709 5257 Ἠλίαν
1735 5221 1751 5237 ο

154 5298 316 5353 ἄλλοι
357 5295 629 5367 Ἰερεμίαν
654 5311 668 5325 ·
721 5296 901 5366 ἕτεροι
932 5295 988 5349 δὲ
1020 5296 1097 5358 ὡς
1146 5294 1243 5347 ενα
1289 5294 1399 5347 τῶν
1429 5296 1750 5365 προφητῶν.

160 5394 341 5447 Ὅταν
361 5391 426 5446 ,δὲ
455 5390 555 5461 τὴν
588 5388 771 5443 αὐτῶν
795 5389 1022 5459 γνώμην
1051 5387 1239 5457 ἠρώτα
1266 5388 1479 5456 μαθεῖν,
1508 5390 1602 5441 καὶ
1628 5390 1752 5443 τίνα

160 5486 234 5538 ἂν
266 5482 430 5551 ἔχωσι
456 5484 583 5555 περὶ
614 5481 778 5536 αὑτοῦ
804 5479 1099 5551 ὑπόληψιν,
1126 5481 1186 5533 ἐν
1218 5480 1296 5550 τῷ
1321 5483 1520 5545 είπιίν,
1559 5482 1750 5551 Ὑμεῖς

155 5573 243 5636 δὲ,
273 5571 396 5623 τίνα
433 5587 500 5640 με
533 5570 721 5639 λέγετε
763 5566 908 5624 εἶναι
937 5586 950 5636 ;
993 5570 1126 5623 Τότε
1163 5571 1343 5633 οὐδεὶς
1376 5571 1485 5625 τῶν
1516 5573 1748 5625 ἀποστό-

154 5666 273 5715 λων
304 5662 609 5730 ἐφθέγξατο
634 5679 647 5692 ’
675 5662 851 5725 οὐδεὶς
892 5662 1192 5733 ἀπεκρίθη.
1243 5664 1473 5716 Ἐκεῖνοι
1504 5665 1602 5732 μὲν
1639 5666 1749 5735 γάρ

156 5756 425 5825 πρόεδροι
466 5758 577 5819 τοῖς
612 5756 816 5820 ἄλλοις,
850 5760 879 5811 ό
907 5757 965 5810 δὲ
1016 5759 1240 5827 Πέτρος,
1280 5759 1552 5812 κάκείνων
1582 5762 1747 5829 πρόε-

155 5850 315 5917 δρος,
347 5849 435 5901 καὶ
470 5849 565 5915 τῆς
590 5850 919 5919 οἰκουμένης
960 5849 1201 5917 ἁπάσης.
1244 5851 1501 5905 Κὰχεῖνοι
1536 5852 1635 5921 μὲν
1674 5854 1747 5916 ὡς

1861 5039 1983 5076 nem
2018 5022 2339 5090 Baptistam,
2376 5020 2466 5074 alii
2501 5020 2687 5075 dicunt
2722 5020 2917 5086 Eliam,
2948 5020 3038 5073 alii
3088 5019 3441 5085 Hieremiam,

1861 5116 1951 5170 alii
1989 5131 2155 5169 unum
2188 5130 2254 5169 ex
2308 5115 2626 5183 prophetis;
2655 5113 2874 5182 quando
2918 5129 3053 5168 vero
3101 5114 3167 5167 de
3228 5112 3440 5167 illorum

1859 5208 2125 5263 sententia
2158 5207 2480 5276 explicanda
2517 5208 2855 5275 interrogat,
2888 5219 2941 5259 et
2970 5220 3130 5274 quam
3165 5204 3448 5258 existima.

1863 5299 2067 5353 tionem
2100 5297 2167 5353 de
2204 5312 2269 5351 eo
2300 5296 2583 5363 baberent,
2616 5310 2736 5349 cum
2772 5294 2981 5350 diceret
3009 5309 3023 5347 :
3060 5313 3079 5346 ι
3121 5294 3228 5350 Vos
3258 5304 3443 5351 autem

1861 5404 2023 5458 quem
2049 5402 2132 5444 me
2154 5404 2278 5445 esse
2307 5388 2488 5443 dicitis
2515 5388 2566 5441 2»
2602 5394 2733 5441 tunc
2782 5400 2943 5441 nemo
2968 5388 3336 5456 aposmlorum
3367 5387 3446 5440 lo-

1859 5494 2019 5536 cutus
2049 5492 2154 5545 est,
2178 5480 2424 5551 quiaipsi
2457 5478 2687 5534 aliorum
2714 5478 2971 5549 praesides
3002 5490 3158 5534 erant
3187 5494 3205 5546 ;
3248 5477 3444 5534 Petrus

1858 5586 2039 5627 autem
2066 5574 2132 5627 iis
2156 5583 2208 5627 et
2239 5571 2335 5626 toti
2372 5571 2490 5626 orbi
2534 5580 2803 5625 terrarum
2865 5571 3211 5640 praesidebat.
3277 5571 3340 5624 Et
3406 5572 3442 5625 ii

1856 5667 2074 5736 quidem
2108 5672 2364 5733 tanquam
2388 5664 2645 5733 praesides
2676 5664 2933 5729 aliorum,
2963 5664 3196 5717 aliorum
3225 5673 3443 5717 senten~

1856 5760 1985 5814 tiam
2012 5758 2394 5829 cxplicabant;
2431 5767 2486 5812 at
2509 5771 2634 5812 cum
2677 5756 2870 5811 Petrus
2905 5757 3275 5825 apostolorum
3307 5771 3441 5825 pra:-

1862 5868 1951 5913 scs
1977 5862 2142 5923 esset,
2171 5867 2268 5924 pro
2302 5851 2411 5908 illis
2464 5850 2619 5907 aﬂ‘crt
2668 5848 3103 5920 responsionem.
3148 5849 3229 5906 llli
3290 5851 3435 5906 cnim
