4156 6420
162 364 290 431 1313

804 369 956 431 PRO
1010 370 1223 432 CONC.
1267 368 1643 432 FLORENT.
1694 367 1855 427 CAP.
1894 368 1959 427 V.
1999 364 2095 425 DE
2132 366 2487 426 PRIMATU
2524 365 2755 426 PAP/E.

3274 365 3411 430 1314

154 499 255 552 τρᾳ
289 482 628 549 οίκοδομῆσω
654 499 757 553 μου
784 483 883 554 τὴν
911 484 1266 554 Ἐκκλησίαν,
1304 505 1321 538 ι
1354 488 1446 539 καὶ
1470 489 1537 539 τὰ
1562 487 1687 555 ἑξῆς
1707 497 1721 512 ⁸

1833 494 1895 533 ac
1924 482 2282 549 perturbatio.
2313 481 2368 533 Si
2394 495 2523 549 ergo
2549 496 2610 534 ea
2642 494 2765 535 vera
2820 490 2969 545 sunt,
3006 484 3153 553 quod
3193 486 3418 538 munda-

155 573 235 624 ἵνα
284 572 360 641 μὴ
412 572 636 640 γένηται
673 574 731 627 ἐν
791 575 973 637 αὐτοῖς
1015 578 1223 647 σχίσμα
1270 579 1343 639 ὡς
1382 579 1594 645 ἔφημεν
1630 582 1725 631 καὶ

149 665 380 732 ταραχή.
418 662 479 716 Εἰ
503 659 598 716 οὖν
628 666 782 718 ταῦτ’
805 666 1005 736 ἀληθῆ,
1037 669 1111 730 ὡς
1146 672 1201 721 αἱ
1242 670 1507 739 κοσμικαὶ
1530 669 1717 738 ἀρχαὶ,

148 754 273 807 ὅταν
306 755 379 823 μὴ
411 756 685 825 ἡνωμέναι
711 752 867 823 ὦσιν,
898 759 1120 831 ὄλεθρον
1148 763 1241 814 καὶ
1265 763 1572 831 ἀφανισμὸν
1601 764 1724 830 ὑφί-

148 864 391 909 στανται,
427 849 539 911 πῶς
576 852 602 901 6
640 851 874 920 Χριστὸς
903 851 1133 920 ὤφειλεν
1164 856 1326 907 ἐᾶσαι
1354 855 1450 923 τὴν
1494 856 1721 925 Ἐκκλη-

148 936 267 987 σῖαν
291 938 456 990 αὑτοῦ
504 942 677 1009 χωρὶς
719 943 1004 1012 κεφαλῆςς
1044 944 1129 996 τνα
1172 945 1430 1013 σύγχυσιν
1477 945 1595 1015 ἓξῃ,
1628 946 1723 997 καὶ

146 1026 207 1077 ὲκ
242 1027 337 1094 τῆς
394 1030 709 1098 συγχύσεως
742 1033 1035 1103 διαφθαρῇ.
1074 1034 1216 1087 Ἀλλ’
1254 1036 1329 1096 ὡς
1378 1036 1599 1105 ἀπάσης
1629 1036 1725 1087 τά-

147 1115 278 1179 ξῖως
316 1119 764 1189 ὑπεριδρυμένος,
799 1125 893 1175 καὶ
928 1126 1003 1187 ὡς
1037 1124 1134 1195 τὴν
1185 1125 1338 1191 τάξιν
1385 1127 1549 1190 αὐτὸς
1592 1126 1666 1180 ὢν
1697 1130 1723 1180 6

145 1211 574 1278 συστησάμενος,
595 1213 664 1267 ,ὲν
694 1214 847 1279 τάξει
883 1216 974 1267 καὶ
1000 1216 1061 1268 τὸ
1105 1217 1300 1270 ἑαυτοῦ
1345 1222 1623 1286 σύστημα,
1653 1220 1714 1272 τὸ

142 1301 593 1371 ἐκκλησιαστικὸν
616 1305 816 1376 δηλαδὴ
840 1309 1144 1378 κατέστησε
1173 1310 1374 1378 μένειν.
1401 1313 1505 1364 Καὶ
1528 1312 1720 1383 ὥσπερ

142 1396 302 1457 αὐτὸς
334 1398 426 1449 ἐπὶ
455 1398 557 1465 γῆς
578 1395 645 1469 ἦν
677 1401 890 1470 κορυφὴ
914 1401 1008 1453 καὶ
1036 1402 1240 1472 Κύριος
1268 1407 1363 1457 καὶ
1397 1405 1721 1471 διδάσκαλος

144 1484 254 1537 τῶν
289 1487 571 1557 μαθητῶν,
623 1490 719 1543 καὶ
754 1499 939 1563 πατὴρ
971 1494 1066 1547 καὶ
1096 1495 1322 1566 ποιμὴν,
1360 1496 1503 1550 οὕτω
1539 1499 1750 1568 βουλό-ι’

146 1594 309 1644 μενος
360 1580 499 1648 πρὸς
552 1582 645 1635 τὸν
684 1586 952 1655 πατρικὸν
986 1587 1195 1640 ἀνιέναι
1247 1590 1457 1659 θρόνον,
1492 1592 1582 1645 τὸν
1618 1594 1721 1646 [ii-

141 1686 271 1737 τρον
318 1672 505 1736 αὐτοῖς
553 1676 855 1746 ἐπιστάτην
901 1680 1209 1750 κατέστησε
1247 1682 1340 1735 καὶ
1385 1686 1598 1755 πατέρα
1627 1687 1722 1739 καὶ

139 1764 468 1819 διδάσκαλον
490 1780 504 1794 ⁶
539 1766 634 1819 καὶ
663 1769 850 1833 ἁπλῶς
879 1769 1045 1824 αὑτοῦ
1074 1774 1452 1846 τοποτηρητὴν
1478 1779 1573 1829 καὶ
1603 1777 1719 1831 διά-

140 1856 319 1925 δοχον.
356 1856 609 1913 Δείκνυσι
640 1861 696 1914 δὲ
723 1863 816 1915 καὶ
844 1864 1081 1933 ἀλλαχοῦ
1108 1867 1216 1937 πρὸ
1244 1868 1338 1921 τοῦ
1369 1870 1593 1932 πάθους,
1625 1871 1724 1938 τὴν

140 1952 321 2020 ἀρχὴν
369 1953 559 2006 καὶτὸ
592 1958 859 2026 πρωτεῖον
887 1957 1106 2026 δοθῆναι
1158 1960 1234 2029 τῷ
1308 1960 1520 2032 Πέτρῳο
1595 1962 1725 2019 ἔνθα

141 2045 281 2111 φησί
310 2060 325 2074 ⁸
358 2065 375 2097 ι
412 2046 610 2118 Πέτρε,
658 2049 921 2114 πολλάκις
954 2051 1221 2124 ἠθέλησεν
1265 2055 1293 2107 6
1328 2054 1575 2121 Σατανᾶς
1603 2058 1726 2110 ἑπι-

140 2138 387 2192 σινιάσαι
436 2140 582 2209 ὑμᾶς
630 2142 704 2203 ὡς
731 2142 826 2195 τὸν
859 2144 1026 2209 σῖτον,
1059 2145 1170 2213 ἐγὼ
1208 2146 1263 2199 δὲ
1313 2148 1539 2219 ἐδεήθην
1583 2151 1723 2221 ὑπὲρ

139 2229 265 2294 σοῦ,
303 2230 389 2283 ἵνα
429 2229 505 2301 μὴ
558 2232 789 2304 ἐκλείπῃ
822 2236 855 2303 ἡ
905 2235 1087 2300 πίστις
1146 2256 1240 2290 σου
1273 2254 1286 2268 ·
1340 2240 1436 2293 καὶ
1477 2241 1540 2293 σύ
1593 2254 1722 2295 ποτε

136 2323 525 2393 ἐπιστραφεὶς,
550 2326 807 2395 στήριξον
833 2329 955 2390 τοὺς
980 2328 1245 2398 ἀδελφούς
1268 2348 1386 2405 σου.
1418 2352 1436 2385 ι
1471 2331 1722 2399 Ἀκούεις

136 2416 221 2478 τὸ,
256 2415 401 2483 Ἐγὼ
438 2416 666 2488 ἐδεήθην
700 2419 845 2489 ὑπὲρ
895 2420 987 2474 σοῦ
1016 2438 1032 2453 ·
1071 2424 1165 2476 καὶ
1207 2424 1289 2489 τὸ,
1326 2426 1396 2477 Σύ
1433 2442 1561 2479 ποτε
1597 2428 1720 2479 ἐπι-

137 2509 409 2579 στραφεὶς
446 2511 703 2581 στήριξον
734 2513 860 2575 τοὺς
894 2514 1161 2583 ἀδελφούς
1200 2533 1335 2584 eoo;
1365 2517 1432 2572 Τί
1463 2536 1544 2571 σοι
1577 2520 1723 2572 δοκεῖ

132 2602 215 2665 τὸ,
243 2602 763 2673 ἐπιστηρίζεινζτοὺς
790 2605 1077 2673 ἀδελφοὺς.
1110 2607 1141 2676 ἢ
1166 2607 1224 2659 τὸ
1244 2604 1381 2661 εἶναι
1413 2609 1592 2662 αὐτῶν
1628 2613 1725 2680 ἀρ-

129 2697 260 2763 χὴν,
295 2696 387 2748 καὶ
437 2698 711 2767 στηρίζειν
760 2698 1002 2766 αὐτούς
1046 2700 1156 2752 Καὶ
1204 2700 1438 2769 ἀλλαχοῦ
1485 2702 1547 2754 τὸ
1584 2705 1718 2757 αὐτὸ

130 2787 443 2851 δείκνυται,
502 2791 561 2841 ἐν
615 2790 694 2857 τῷ
743 2792 939 2858 εἰπεῖν,
995 2811 1013 2843 ι
1052 2794 1256 2863 Σίμων,
1301 2795 1591 2862 πορευθεὶς
1640 2798 1720 2857 εἰς

130 2878 238 2944 τὴν
270 2879 572 2944 θάλασσαν,
608 2880 768 2949 βάλλε
819 2882 1139 2953 ἄγκιστρον,
1173 2884 1267 2937 καὶ
1311 2888 1403 2937 τὸν
1436 2886 1720 2940 ἀναϐάντα

132 2987 221 3021 σοι
258 2972 474 3039 πρῶτον
516 2972 668 3042 ἰχθὺν
707 2977 866 3045 ἄρας,
918 2977 1136 3040 ἀνοίξας
1185 2978 1246 3029 τὸ
1298 2978 1470 3047 στόμα
1530 2980 1719 3047 αὑτοῦ,

128 3064 398 3131 εὑρήσεις
452 3065 698 3134 στατῆρα
720 3082 736 3098 ο
769 3066 958 3119 τοῦτον
989 3067 1085 3128 δὸς
1128 3068 1251 3120 ἀντὶ
1300 3068 1437 3138 ἐμοῦ
1471 3072 1563 3121 καὶ
1600 3070 1717 3126 σοῦ.

1832 588 1911 626 nae
1936 582 2250 641 potestates,
2280 575 2501 643 quando
2535 575 2825 641 disiunctae
2863 584 3015 640 sunt,
3051 576 3324 630 intereunt
3357 588 3413 630 et

1828 664 2164 728 dilabuntur,
2218 667 2492 736 quomodo
2548 666 2802 721 Christus
2859 668 3046 721 debuit
3118 668 3414 723 Ecclesium

1829 772 1981 811 suam
2008 758 2255 812 omittere
2287 759 2406 812 sine
2439 760 2634 826 capite,
2678 769 2733 812 ut
2764 760 3017 814 confusio
3067 772 3414 825 sequeretur,

1829 857 1881 902 et
1917 864 1981 903 ex
2014 848 2336 903 confusione
2378 851 2795 906 destrueretur?
2825 852 2928 907 Sed
2980 854 3057 906 uti
3096 867 3257 922 supra
3295 868 3416 905 om-

1828 956 1949 994 nem
1982 941 2229 995 ordinem
2279 944 2483 1011 potius,
2517 952 2572 997 et
2598 944 2674 996 uti
2716 944 2988 999 exsistens
3020 946 3062 998 is
3097 946 3186 1013 qui
3255 947 3411 998 ordi-

1829 1049 1949 1087 nem
1988 1035 2297 1098 constituit,
2323 1036 2493 1089 voluit
2522 1046 2576 1090 et
2610 1038 2803 1091 ordine
2860 1052 3011 1090 suam
3071 1040 3412 1097 societatem,

1830 1127 2079 1180 videlicet
2111 1128 2561 1193 ecclesiasticam,
2621 1130 2916 1183 contineri.
2950 1129 3013 1181 Et
3058 1140 3114 1182 ut
3176 1131 3290 1197 ipse
3360 1131 3412 1181 in

1830 1220 1987 1272 terris
2028 1229 2357 1287 eratcaput,
2395 1219 2656 1273 Domintts
2716 1230 2767 1274 ct
2823 1221 3081 1289 magister
3120 1222 3415 1288 discipulo-

1828 1328 1968 1373 rutn,
1998 1320 2051 1365 et
2090 1312 2253 1367 Pater
2280 1323 2333 1368 et
2351 1313 2563 1377 Pastor,
2589 1315 2666 1367 sic
2692 1331 2812 1369 cum
2839 1316 3165 1368 decrevisset
3215 1316 3277 1367 ad
3323 1330 3415 1383 pa—

1830 1411 2047 1457 ternum
2108 1406 2365 1459 thronum
2429 1406 2749 1470 ascendere,
2813 1407 3027 1460 Petrum
3094 1404 3410 1475 ιιι-ευΐειυῑιιιιι

1825 1494 1957 1563 ipsis
1986 1496 2276 1550 constituit
2330 1498 2544 1550 Patrem
2578 1507 2631 1550 ct
2695 1497 3054 1567 magistrum;
3091 1506 3145 1551 et
3205 1508 3259 1550 nt
3306 1513 3415 1549 uno

1824 1588 1993 1641 verbo
2050 1588 2261 1649 dicam,
2324 1605 2482 1641 suum
2563 1589 2823 1642 vicarium
2895 1602 2957 1642 ac
3016 1602 3411 1643 successerem.

1825 1678 2077 1733 Ostendit
2109 1689 2290 1733 autem
2324 1687 2375 1733 et
2410 1679 2537 1732 alibi
2607 1690 2731 1733 ante
2782 1695 2937 1734 suam
2994 1682 3326 1748 passionem,
3357 1695 3415 1733 se

1828 1771 2196 1842 principatum
2259 1781 2313 1825 et
2381 1774 2674 1841 primatum
2736 1770 2898 1825 Petro
2960 1772 3270 1837 tradidisse,
3324 1772 3411 1824 ubi

1828 1864 2005 1918 dicit:
2045 1881 2062 1914 t
2104 1862 2279 1925 Petro,
2338 1864 2537 1931 smpius
2590 1864 2854 1931 expetivit
2916 1862 3150 1917 Satanas
3209 1878 3302 1917 ros
3357 1872 3415 1916 ut

1827 1956 2095 2009 cribraret
2132 1955 2694 2024 sicuttriticntn.Ego
2723 1965 2904 2009 autem
2964 1956 3148 2024 rogavi
3213 1972 3311 2026 pro
3360 1967 3416 2009 te

1828 2057 2014 2103 utnon
2058 2047 2275 2101 deficiat
2308 2048 2438 2103 ﬁdes
2464 2058 2590 2114 tua;
2621 2060 2676 2103 et
2703 2056 2755 2101 tu
2785 2048 3079 2117 aliquando
3109 2064 3413 2104 conversus

1827 2140 2090 2194 confirma
2137 2140 2331 2194 fratres
2382 2152 2522 2195 tuos.
2555 2159 2573 2191 ι
2608 2141 2778 2196 Audis
2840 2140 2966 2205 hoc,
3012 2159 3031 2192 ι
3089 2140 3201 2211 Ego
3231 2141 3413 2210 rogavi

1826 2245 1926 2300 pro
1958 2238 2029 2294 te,
2072 2249 2090 2281 ι
2119 2240 2172 2284 et
2196 2231 2349 2293 illud,
2389 2248 2408 2281 ι
2444 2230 2523 2284 Τιι
2552 2231 2844 2298 aliquando
2877 2246 3171 2286 conversus
3220 2233 3416 2285 confir—

1828 2339 1913 2375 ma
1974 2322 2171 2377 fratres
2239 2332 2360 2375 tuos
2396 2322 2464 2374 οἳ
2500 2341 2517 2374 ι
2556 2324 2694 2389 Quid
2760 2323 2855 2378 tibi
2917 2324 3133 2378 videtur
3182 2325 3410 2390 scilicet,

1826 2416 2155 2469 confirmare
2193 2415 2411 2481 fratres,
2446 2416 2546 2471 nisi
2592 2432 2716 2470 eum
2769 2432 2889 2471 esse
2934 2418 3151 2471 illorum
3202 2416 3410 2487 princi-

1826 2517 2051 2575 pmn,et
2101 2524 2194 2563 eos
2246 2509 2617 2563 confirmare?
2677 2510 2738 2563 Et
2800 2511 2927 2565 alibi
2988 2511 3126 2564 idem
3178 2511 3409 2567 ostendit

1824 2601 2030 2666 dicens,
2064 2619 2082 2652 ι
2121 2600 2334 2666 Simon,
2366 2604 2499 2655 vade
2526 2603 2590 2655 ad
2642 2618 2810 2665 mare,
2839 2611 2892 2656 et
2951 2603 3104 2656 mitte
3162 2604 3407 2665 hamum,

1824 2702 1876 2745 et
1904 2708 2025 2745 eum
2063 2692 2267 2760 piscem
2297 2694 2388 2762 qui
2417 2695 2626 2762 primus
2662 2694 2968 2748 ascenderit
2996 2694 3144 2758 tolle,
3180 2704 3233 2748 et
3277 2708 3410 2762 ape~

1828 2784 1973 2837 riens
2005 2799 2067 2837 os
2099 2785 2235 2851 ejus,
2262 2786 2505 2841 invenies
2549 2794 2834 2849 stateram,
2883 2786 3033 2840 illum
3077 2801 3299 2841 sumens
3337 2786 3406 2839 da

1825 2890 1925 2943 pro
1982 2891 2066 2929 me
2131 2886 2183 2930 et
2252 2887 2303 2930 te
2338 2878 2379 2930 τ.
2421 2896 2438 2926 ι
2475 2877 2552 2930 Ex
2618 2893 2682 2931 eo
2734 2889 3103 2947 cognoverunt
3151 2878 3404 2946 discipuli

1824 2965 2045 3021 Petrum
2080 2966 2213 3037 ipsis
2243 2969 2544 3037 principem
2594 2970 2925 3038 praefecisse.
2979 2970 3103 3025 lltrc
3146 2970 3405 3024 Christus

1826 3060 1940 3129 ipse
1966 3069 2257 3131 antequam
2295 3070 2575 3129 pateretur
2604 3065 2930 3131 emmtiavit,
2970 3075 3029 3118 ut
3058 3065 3261 3118 dicttnn
3298 3074 3404 3119 est.

144 3155 244 3208 Ἑν
277 3154 452 3225 τούτῳ
485 3155 731 3222 ἔγνωσαν
759 3158 808 3210 οἱ
840 3158 1104 3227 μαθηταὶ,
1136 3160 1220 3212 ὅτι
1253 3160 1343 3212 τὸν
1382 3160 1587 3230 Πέτρον
1627 3164 1721 3216 αὐ-

1829 3151 1961 3206 Post
1984 3154 2439 3207 resurrectionem
2473 3161 2652 3208 autem
2685 3155 2769 3224 (ut
2803 3154 3003 3210 Joanni
3038 3157 3262 3209 tonitrui
3293 3156 3405 3209 filio

127 3250 252 3309 τοῖς
290 3248 506 3317 πρῶτον
534 3250 858 3319 κατέστησε.
900 3268 918 3300 ι
959 3249 1147 3303 Ταῦτα
1201 3253 1300 3321 μὲν
1338 3254 1498 3317 αὐτὸς
1527 3257 1555 3308 6
1586 3258 1721 3325 Χρι-

133 3344 273 3406 στὸς
308 3346 411 3414 πρὸ
438 3345 533 3398 τοῦ
568 3347 774 3408 πάθους
804 3348 879 3409 ὡς
911 3348 1125 3417 εἴρηται
1171 3346 1313 3404 εἷπε.
1346 3353 1498 3428 Mssa
1530 3353 1723 3423 δὲτὴν

124 3437 456 3499 ἀνάστασιν,
507 3438 582 3499 ὡς
625 3438 853 3511 Ἰωάννῃ
884 3439 961 3509 τῷ
1006 3441 1105 3508 τῆς
1152 3440 1382 3510 βροντῆς
1416 3443 1520 3512 υἱῷ
1550 3445 1718 3507 δοκεῖ,

126 3532 446 3598 γεγραφότι
480 3532 539 3583 τὸ
586 3533 729 3599 ἱερὸν
790 3534 1146 3601 Εὑαγγέλιον,
1178 3538 1206 3587 6
1240 3537 1441 3604 Πέτρος
1494 3538 1617 3590 ἰδὼν
1660 3540 1723 3591 τδ

128 3620 485 3685 γλυκύτατον
532 3619 625 3672 τοῦ
648 3622 917 3675 Δεσπὸτου
948 3624 1261 3692 πρόσωπον,
1292 3626 1447 3693 φησί·
1476 3646 1494 3678 ι
1528 3628 1719 3696 Κύριε,

124 3712 184 3762 τί
222 3728 311 3763 σοι
362 3711 593 3779 ἀρεστόν
622 3714 775 3765 ἐστιν
821 3715 922 3781 ἐμὲ
954 3715 1177 3782 ποιῆσαι
1204 3734 1218 3779 ;
1250 3718 1279 3769 6
1311 3718 1518 3784 Ἰησοῦς
1553 3719 1717 3789 ἡρετο

118 3802 351 3869 τοῦτον,
373 3804 514 3873 τρὶς,
549 3806 745 3873 Πέτρε,
777 3806 947 3873 φιλεῖς
978 3824 1045 3876 με
1075 3824 1090 3871 ;
1129 3810 1234 3861 Καὶ
1260 3810 1316 3861 ὲν
1350 3811 1553 3881 ἑκάστη
1587 3816 1720 3881 ἐρω-

118 3895 318 3963 τήσει,
363 3895 597 3964 ποιμένα
632 3897 1064 3967 προύχειρίσατο
1108 3898 1289 3961 αὐτὸν,
1329 3901 1386 3952 ἐν
1414 3900 1489 3970 τῷ
1518 3901 1718 3969 λέγειν,

124 3986 404 4055 Ποίμαινε
434 3987 503 4039 τά
539 3987 790 4057 πρόσατά
822 4006 925 4056 μου
953 4004 968 4019 ·
1005 3990 1260 4060 ποίμαινε
1289 3992 1356 4043 τὰ
1384 3993 1544 4061 ἀρνία
1576 4010 1680 4061 μου
1701 4010 1717 4027 ·

118 4076 213 4139 ὃς,
252 4075 544 4145 ἀχθεσθεὶς
572 4080 639 4147 τῇ
681 4082 871 4149 τριττῇ
910 4080 1178 4149 ἐρωτήσει
1230 4082 1364 4151 φησὶ
1416 4084 1555 4152 μετά
1594 4085 1720 4153 θερ-

122 4166 261 4236 μῶν
291 4165 400 4217 τῶν
441 4166 717 4237 δακρύων,
756 4186 775 4220 ι
810 4169 1001 4242 Κύριε,
1054 4172 1118 4224 σὺ
1153 4174 1332 4225 πάντα
1410 4170 1591 4237 οἶδας*
1652 4177 1716 4230 σὺ

118 4256 431 4322 γινώσκεις
463 4258 545 4311 ὅτι
606 4258 747 4327 φιλῶ
798 4276 879 4315 σε.
923 4278 943 4312 ι
980 4253 1056 4312 Οὖ
1099 4262 1127 4313 6
1178 4262 1383 4332 Κύριος
1412 4267 1477 4333 τῇ
1524 4268 1715 4336 τριττῇ

120 4350 433 4417 ἐρωτήσει,
476 4349 537 4401 τὸ
571 4352 788 4419 τριττὸν
816 4350 913 4421 τῆς
944 4352 1230 4423 ἀρνήσεως
1279 4354 1533 4418 ὲξιάσατο
1553 4372 1567 4386 ·
1596 4353 1717 4411 εῐτα

117 4442 233 4510 τῆς
275 4441 608 4511 οἰκουμένης
639 4441 1055 4513 προχειρίζεται
1083 4446 1320 4513 ποιμένα
1342 4448 1436 4499 καὶ
1465 4448 1716 4502 διδάσκα-

1829 3244 2064 3308 videtur,
2093 3244 2185 3313 qui
2237 3245 2458 3313 scripsit
2510 3246 2891 3317 Evangelium)
2929 3247 3123 3302 Petrus
3184 3250 3405 3303 intuens

1826 3337 1881 3390 in
1906 3335 2365 3407 jucundissimum
2404 3337 2613 3393 Domini
2644 3341 2879 3404 vultum,
2913 3340 3130 3408 inquit:
3166 3360 3184 3392 (
3220 3343 3407 3394 Domi-

1824 3443 1913 3494 ne,
1953 3429 2078 3498 quid
2113 3430 2283 3497 placet
2327 3431 2421 3485 tibi
2455 3440 2511 3484 ut
2547 3447 2646 3500 ego
2668 3431 2861 3485 faciam
2894 3434 2942 3485 ἲ»
2976 3431 3132 3489 Jesus
3175 3435 3407 3489 interro.

1822 3519 1972 3586 gavit
2009 3518 2153 3571 hunc
2181 3530 2282 3581 ter,
2312 3537 2332 3570 ς
2367 3528 2546 3584 t'etrc,
2580 3536 2731 3577 amas
2757 3523 2887 3577 me?
2921 3541 2941 3575 ι
2980 3534 3033 3578 οι
3076 3524 3127 3577 in
3158 3541 3404 3593 unaqua-

1822 3623 1927 3677 que
1961 3610 2385 3679 interrogatione
2414 3622 2689 3682 pastorem
2719 3615 2824 3668 illis
2856 3615 3162 3683 designarit
3190 3617 3400 3679 dicens,

1829 3718 1847 3751 (
1896 3700 2061 3755 Pasce
2080 3716 2213 3756 oves
2235 3719 2400 3768 meas,
2437 3719 2599 3772 pasce
2631 3719 2800 3775 agnos
2848 3721 3037 3771 meos;
3075 3726 3095 3759 ›
3122 3710 3215 3776 qui
3252 3721 3401 3762 terna

1823 3795 2249 3862 interrogatione
2273 3798 2635 3851 contristatns
2664 3799 2738 3851 ait
2763 3799 2993 3852 ubertim
3047 3799 3203 3866 ﬂens,
3244 3818 3263 3851 ι
3297 3798 3403 3853 Do-

1825 3884 1990 3950 mine,
2019 3896 2074 3938 tu
2106 3888 2214 3942 scis
2244 3889 2447 3953 omnia,
2487 3898 2541 3941 tu
2573 3891 2680 3944 scis
2723 3892 2852 3960 quia
2886 3906 3007 3945 amo
3032 3902 3081 3946 te
3101 3893 3143 3954 ⁸,
3189 3912 3209 3945 ι
3245 3894 3403 3963 cujus

1825 3977 2091 4033 Dominus
2120 3980 2321 4047 triplici
2378 3981 2806 4051 interrogatione
2850 3984 3020 4037 voluit
3084 3986 3278 4055 triplici
3310 3988 3405 4041 ab—

1823 4069 2100 4136 negationi
2152 4071 2379 4126 mederi.
2438 4072 2628 4127 Postea
2676 4082 2834 4129 terra:
2884 4078 3170 4131 constituit
3221 4080 3397 4149 ipsum

1822 4171 2096 4231 pastorem
2136 4170 2190 4215 et
2222 4164 2568 4230 magistrum,
2604 4165 2767 4234 idque
2797 4168 2986 4222 multis
3049 4172 3401 4225 ostendemus

1822 4255 2129 4311 rationibus
2183 4265 2237 4310 et
2294 4257 2565 4322 testibus;
2622 4261 2895 4327 praecipue
2968 4279 3097 4317 vero
3160 4264 3401 4319 Joannes

1821 4346 2072 4401 Damasci
2100 4349 2292 4401 oculus
2321 4348 2373 4401 in
2410 4348 2529 4402 Vita
2564 4350 2808 4405 Barlaam
2839 4362 2896 4407 et
2946 4352 3208 4421 Josaphat
3242 4357 3399 4408 Indo-

1822 4452 1945 4490 rum
1976 4446 2207 4492 testatur
2232 4438 2304 4491 ita
2332 4438 2522 4495 dicens
2556 4457 2570 4494 :
2607 4459 2626 4492 ι
2674 4442 2898 4510 Aufugit
2931 4445 3102 4499 hostis
3152 4448 3403 4501 diabolus

117 4536 251 4587 λον.
286 4533 397 4585 Καὶ
424 4531 583 4585 τοῦτο
625 4533 843 4597 πολλοῖς
875 4534 974 4604 μὶν
1017 4536 1377 4605 ἀποδείξομεν
1411 4538 1590 4606 λόγοις
1623 4542 1719 4593 καὶ

1825 4533 1892 4586 ob
1922 4530 2067 4585 Petri
2133 4532 2511 4599 paenitentiam
2562 4535 2769 4603 pudore
2820 4537 3079 4593 suffusus.
3132 4557 3148 4589 ι
3187 4542 3254 4593 At
3312 4541 3401 4593 ille

122 4628 440 4696 μάρτυσιν.
475 4624 588 4693 Οὐχ
633 4620 799 4694 ἦττον
833 4626 890 4678 δὲ
937 4626 1034 4678 καὶ
1065 4627 1321 4698 Ἰωάννης
1354 4630 1382 4679 ὁ
1417 4630 1593 4697 μέγας
1621 4633 1722 4698 τῆς

118 4716 440 4786 Δαμασκοῦ
468 4716 770 4784 ὀφθαλμὸς,
799 4718 857 4770 ὲν
883 4717 960 4785 τῷ
987 4718 1088 4788 βίῳ
1117 4718 1384 4789 Βαρλαάμ
1414 4721 1505 4773 κο.)⁵
1533 4722 1720 4781 Ἰωσα-

119 4812 249 4876 φάτ
286 4808 393 4860 τῶν
429 4807 630 4871 Ἰνδῶν,
669 4811 946 4878 μαρτυρεῖ
978 4808 1152 4876 λέγων
1194 4810 1289 4863 ὡδί
1317 4826 1331 4842 ⁸
1362 4829 1379 4863 t
1426 4813 1665 4880 Ἐφυγεν
1696 4817 1723 4867 6

116 4899 409 4967 πολέμιος
438 4898 708 4963 διάϐολος,
743 4899 1059 4968 αἰσχυνθεὶς
1087 4904 1152 4971 τῇ
1192 4904 1451 4972 μετανοίᾳ
1488 4904 1719 4974 Πέτρου.

128 4994 202 5044 '0
240 4990 326 5051 δὲ,
373 4991 672 5058 κορυφαῖος
726 4988 883 5051 αὖθις
917 4984 1005 5058 ἦν,
1035 4989 1223 5060 ὥσπερ
1271 4993 1592 5055 διδάσκαλος
1621 4995 1717 5064 τῆς

108 5084 473 5152 οἰκουμένης
500 5081 928 5152 χειροτονηθείς.
958 5100 977 5133 ι
1004 5082 1174 5135 Τοῦτο
1198 5085 1291 5137 καὶ
1313 5088 1340 5138 ὁ
1374 5090 1538 5154 σοφὸς
1564 5088 1717 5140 Λέων

107 5184 139 5232 ὁ
185 5176 478 5247 βασιλεὺς,
515 5177 574 5227 ὲν
620 5176 732 5237 τοῖς
780 5174 1306 5245 ὲξαποστειλαρίοις,
1351 5178 1434 5245 Πῆ
1477 5178 1597 5245 μὲν,
1633 5178 1717 5230 λέ-

108 5286 248 5337 γει,
293 5262 538 5332 μετάτὴν
572 5262 721 5314 θείαν
744 5263 988 5332 ἔγερσιν,
1020 5265 1140 5332 τρὶς
1168 5264 1250 5329 τὸ,
1284 5267 1515 5334 (Πέτρε,
1546 5268 1717 5333 φιλεῖς

128 5377 213 5430 με
255 5373 312 5425 ς»
352 5354 657 5424 πυθόμενος
685 5356 713 5406 6
741 5354 945 5424 Κύριος
974 5356 1083 5408 τῶν
1111 5356 1253 5408 ἰδίων
1284 5357 1569 5426 προῦάτων
1596 5376 1726 5427 προ-

115 5450 407 5505 ϐαλλεται
462 5447 840 5516 ποιμενάρχην
867 5463 879 5477 ·
912 5448 984 5515 πῆ
1029 5446 1108 5512 δὲ,
1144 5446 1352 5517 Σίμωνι
1394 5448 1594 5500 δέδωκε
1626 5448 1726 5518 τὴν

111 5544 251 5598 τῶν
284 5539 573 5606 προϐάτων
606 5538 777 5606 νομήν
802 5551 817 5566 ο
872 5539 951 5598 εἰς
996 5538 1217 5606 ἀγάπης
1260 5537 1587 5603 ἁντέκτισιν,
1627 5540 1727 5605 τὴν

106 5637 229 5692 τοῦ
272 5632 587 5701 ποιμαίνειν
617 5630 871 5700 φροντίδα
914 5629 1102 5682 αἰτῶν.
1151 5630 1243 5682 Διὸ
1276 5630 1369 5683 καὶ
1402 5629 1585 5697 ἔλεγεν
1611 5647 1623 5661 ·
1661 5630 1725 5683 Ei

202 5820 228 5850 ⁸
268 5814 404 5871 Luc.
469 5830 599 5882 xxu,
649 5815 740 5869 51.
821 5812 838 5841 ⁷
866 5811 1055 5867 Matth.
1086 5827 1216 5877 χιιι,
1250 5811 1341 5866 26.

1440 5810 1460 5839 ⁸
1490 5809 1649 5863 Joan.
1704 5825 1817 5874 ut,
1858 5808 2044 5862 15-17.

1820 4639 2015 4680 rursus
2042 4624 2293 4692 princeps
2320 4625 2529 4679 electus
2551 4636 2689 4693 erat,
2723 4628 2888 4681 veluti
2916 4638 3075 4683 terra:
3113 4632 3396 4699 magister.

1821 4714 1875 4770 Id
1905 4724 1959 4769 et
1985 4717 2208 4783 sapiens
2240 4716 2346 4771 Leo
2373 4718 2670 4787 imperator
2693 4720 2744 4772 in
2802 4721 3198 4787 emupostilariis
3218 4723 3349 4775 dicit
3383 4740 3396 4775 :

1818 4807 2022 4861 Partim
2048 4807 2265 4875 quidem
2305 4816 2425 4874 post
2484 4808 2721 4861 divinam
2776 4812 3253 4877 resurrectionem,
3296 4821 3397 4874 ter,

1827 4918 1844 4950 ι
1873 4900 2054 4959 Petre.
2081 4916 2233 4955 amas
2256 4899 2379 4954 me?
2409 4921 2428 4952 ι
2468 4900 2810 4971 interrogans
2841 4901 3117 4966 Dominus,
3174 4919 3396 4958 suarum

1829 4994 2012 5047 ovium
2047 4993 2332 5047 constituit
2370 5000 2647 5058 pastorem
2683 5010 2697 5058 ;
2761 4994 2956 5062 partim
3021 5010 3149 5048 vero
3190 4994 3396 5048 Simoni

1826 5098 1952 5139 oves
1974 5083 2196 5137 tradidit
2225 5082 2290 5135 ad
2323 5083 2676 5149 pascendum,
2707 5096 2765 5137 ut
2801 5083 3120 5139 charitatem
3152 5094 3394 5138 mutuam

1824 5176 2160 5244 rependeret,
2197 5176 2480 5242 requirens
2531 5174 2597 5228 ab
2641 5189 2707 5227 eo
2767 5190 2954 5229 curam
3008 5178 3308 5246 pascendi;
3348 5187 3401 5230 et

1824 5266 1944 5320 ideo
2011 5264 2172 5327 dixit,
2214 5283 2231 5314 ι
2280 5263 2457 5327 Petro,
2527 5266 2572 5318 si
2629 5278 2781 5318 amas
2842 5280 2948 5329 me,
3012 5280 3175 5333 pasce
3229 5280 3399 5334 agnos

1825 5372 1977 5409 meos
2003 5357 2045 5408 ⁸.
2080 5374 2097 5406 ι
2135 5355 2331 5409 Petrus
2388 5370 2538 5420 vero,
2594 5356 2921 5425 intelligens,
2954 5355 3098 5425 quod
3142 5371 3396 5425 magnum

1824 5456 1906 5499 est
1938 5446 2204 5515 primatus
2232 5452 2285 5499 et
2336 5445 2520 5499 multae
2578 5447 2796 5500 virtutis
2853 5461 3041 5516 egens,
3100 5448 3398 5516 vidensque

1823 5536 2113 5603 Joannem,
2138 5551 2298 5607 quem
2335 5537 2492 5593 valde
2533 5537 2787 5593 Christus
2841 5539 3119 5609 diligebat,
3175 5539 3269 5609 qui
3316 5554 3403 5593 se-

1824 5630 2114 5699 quebatur,
2169 5628 2242 5683 ait
2276 5643 2296 5685 :
2359 5646 2376 5679 ι
2408 5622 2507 5684 Hic
2570 5640 2748 5686 autem
2781 5632 2961 5700 quid?
2998 5648 3017 5683 ι
3054 5631 3209 5701 quasi
3272 5644 3401 5688 vero

2154 5808 2174 5840 ’
2207 5810 2344 5867 ibid.
