4156 6420
166 352 297 419 1317

834 356 982 417 PRO
1022 357 1235 420 CONC.
1270 355 1645 420 FLORENT.
1689 360 1850 419 CAP.
1888 362 1949 421 ν.
1993 359 2090 421 DE
2126 359 2472 421 PRIMATU
2533 356 2773 421 PAP/E.

3282 365 3413 429 1318

159 472 338 540 ήμῶν,
375 471 465 523 καὶ
495 471 674 541 πάτης
705 475 800 542 τῆς
836 476 1143 543 συγκλήτου
1176 476 1268 528 καὶ
1299 474 1725 545 τῶνιάρχόντων,

1838 479 2073 546 satrapis
2104 480 2332 543 nostris,
2361 487 2414 532 et
2477 478 2738 533 universo
2798 487 3013 538 senatu,
3068 480 3420 547 optimatilun

155 563 251 612 καὶ
287 561 425 630 μετὰ
460 563 658 625 παντῦς
692 564 784 617 τοῦ
810 564 940 619 λαοῦ
976 568 1069 618 τοῦ
1102 568 1206 620 ὑπὸ
1226 568 1328 637 τὴν
1358 568 1607 631 ἐξουσίαν
1638 569 1734 638 τῆς

166 650 480 720 Ῥωμαῖκῆς
514 654 692 723 δόξης,
738 656 823 707 ἵνα
862 657 938 718 ώς
966 659 989 708 c'
1019 658 1174 724 ἅγιος
1206 660 1409 726 Πέτρος
1477 662 1540 712 ἐκ
1567 677 1735 725 προσ-

150 744 305 796 ώπου
374 747 464 799 τοῦ
500 747 624 799 Υίοῦ
658 748 751 800 τοῦ
788 748 921 801 Θεοῦ
977 753 1127 802 ἐστιν
1172 752 1251 815 είς
1278 752 1376 819 τὴν
1415 753 1541 819 γῆν,
1594 750 1735 804 οὕτω

153 839 248 890 καὶ
292 841 338 890 οί
379 840 666 894 ἐπίσκοποι
715 844 763 895 oi
828 842 1067 914 διάδοχοι
1118 844 1212 897 τοῦ
1270 847 1571 913 κορυφαίου
1624 844 1735 897 τῶν

152 932 470 986 ἀποστόλων
540 935 773 1006 ἀρχικὴν
810 937 1060 1001 ἐξουσίαν
1094 938 1173 1000 είς
1209 938 1309 1009 τὴν
1335 939 1436 1006 γῆν
1468 939 1733 1006 ἐπέχωσι,

153 1028 319 1079 πλέον
358 1028 489 1097 παρ’
518 1028 544 1081 ὃ
583 1028 695 1097 ἔχει
726 1032 757 1101 ἡ
796 1030 1042 1099 βασιλεία
1076 1033 1173 1100 τῆς
1214 1031 1371 1101 δόξης
1399 1032 1583 1102 ἡμῶν.
1621 1033 1731 1084 Καὶ

151 1120 315 1171 τοῦτο
348 1122 719 1191 παρεχωρήθη
760 1123 852 1191 ἀφ’
880 1125 1037 1193 ἡμῶν
1066 1124 1163 1177 καὶ
1188 1126 1296 1176 ἀπὸ
1333 1125 1429 1194 τῆς
1454 1126 1734 1194 βασιλείας

152 1211 316 1277 ἡμῶν
341 1229 353 1241 ·
388 1215 482 1266 καὶ
511 1214 738 1284 θέλομεν
772 1218 933 1285 ἡμεῖς
960 1219 1126 1271 αὑτὸν
1166 1220 1258 1271 τὸν
1292 1220 1589 1289 κορυφαῖον
1624 1218 1733 1270 τῶν

152 1305 473 1358 ἀποστόλων
508 1307 603 1359 καὶ⁵
633 1310 759 1370 τοὺς
793 1309 1073 1376 διαδόχους
1112 1311 1301 1375 αὐτοῦ,
1339 1313 1402 1363 ἐκ
1437 1312 1731 1380 προσώπου

150 1395 340 1462 αὐτοῦ,
395 1394 646 1467 πρώτους
695 1398 831 1464 πρὸς
864 1398 954 1449 τὸν
1005 1398 1138 1451 Θεὸν
1171 1398 1419 1467 Πατέρας
1465 1395 1733 1451 εἶναικαὶ

148 1486 502 1553 δεφένσορας.
563 1488 673 1539 Καὶ
702 1486 889 1557 ὥσπερ
929 1489 961 1556 ή
1013 1488 1267 1557 βασιλικὴ
1327 1487 1539 1553 ἐξουσία
1574 1487 1732 1555 ἡμῶν

148 1582 232 1640 είς
262 1580 359 1647 τὴν
391 1580 496 1648 γῆν
528 1580 745 1633 σέϐεται
788 1582 881 1634 καὶ
914 1584 1165 1651 τιμᾶται,
1218 1582 1363 1635 οὕτω
1396 1581 1730 1649 θεσπίζομεν

150 1671 408 1724 σέϐεσθαι
461 1673 555 1723 καὶ
607 1674 868 1741 τιμᾶσθαι
917 1675 1017 1744 τὴν
1061 1677 1229 1741 ἁγίαν
1270 1675 1379 1726 τῶν
1436 1674 1729 1742 Ῥωμαίων

160 1764 530 1833 Ἐκκλησίαν·
579 1766 672 1818 καὶ
708 1765 870 1819 πλέον
918 1768 1070 1836 παρά
1112 1768 1211 1835 τὴν
1254 1766 1535 1835 βασιλείαν
1568 1766 1726 1836 ἡμῶν

148 1859 247 1908 καὶ
304 1857 395 1908 τὸν
442 1859 631 1927 γήϊνον
687 1857 896 1927 θρόνον,
950 1860 1050 1927 τὴν
1097 1860 1260 1926 ἁγίαν
1324 1859 1596 1927 καθέδραν
1631 1857 1726 1909 τοῦ

144 1950 308 2014 ἁγίου
368 1950 573 2018 Πέτρου
628 1949 949 2014 δοξάζεσθαι
1002 1951 1098 2004 καὶ
1142 1950 1448 2019 ύςςίκοῦσθαι⁶
1493 1950 1728 2011 διδόντες

145 2043 290 2111 αὐτῇ
323 2043 552 2111 δύναμιν
598 2046 690 2098 καὶ
719 2044 877 2112 δόξης
919 2044 1138 2114 ἀξίωμα
1167 2063 1179 2074 ·
1233 2044 1326 2097 καὶ
1359 2044 1726 2113 διακρίνοντες

144 2135 483 2204 θεσπίζομεν
534 2136 619 2188 ἵνα
670 2136 769 2207 ἔχῃ
828 2137 1078 2201 ἐξουσίαν
1122 2138 1399 2207 ἀρχικήνσ
1454 2137 1547 2189 καὶ
1587 2132 1727 2189 εἶναι

142 2230 349 2299 ταύτην
407 2229 652 2300 κεφαλὴν
700 2231 809 2283 τῶν
859 2230 1140 2301 τεσσάρων
1195 2230 1419 2299 θρόνων,
1458 2222 1578 2297 ἦτοι
1629 2225 1724 2280 τοῦ

144 2324 341 2391 θρόνου
397 2324 501 2393 τῆς
552 2324 989 2394 ’Λλεξανδρείας,
1052 2324 1150 2393 τῆς
1203 2322 1559 2392 ’Δντιοχείας,
1618 2320 1725 2373 τῶν

157 2417 580 2488 Ἰεροσολύμων,
608 2420 703 2471 καὶ
733 2418 833 2488 τῆς
867 2418 1078 2481 πόλεως
1106 2416 1216 2469 τῶν
1256 2417 1599 2480 Βυζαντίων·
1631 2415 1728 2469 καὶ

142 2513 337 2575 ἁπλῶς
378 2515 456 2575 είς
487 2511 611 2575 ὅλας
639 2513 736 2572 τὰς
783 2512 1114 2580 Ἐκκλησίας
1152 2511 1330 2582 πάσης
1353 2512 1450 2581 τῆς
1476 2511 1727 2579 οἰκουμέ-

145 2624 268 2669 νης,
299 2607 405 2660 Καὶ
432 2609 461 2659 6
495 2608 794 2668 ἐπίσκοπος
833 2608 860 2659 6
890 2605 1101 2671 μέλλων
1139 2599 1280 2678 εῖναι
1312 2607 1393 2667 είς
1436 2605 1533 2674 τὴν
1565 2604 1728 2672 ἁγίαν

146 2699 257 2750 τῶν
296 2698 587 2767 Ῥωμαίων
608 2698 963 2768 Ἐκκλησίαν,
990 2698 1193 2768 ὀφείλει
1225 2695 1365 2751 εἶναι
1398 2696 1607 2760 ἔνδοξος
1634 2695 1727 2747 καὶ

147 2791 379 2859 ὐζμηλότε
391 2807 480 2860 ρος
503 2793 654 2859 παρὰ
672 2792 878 2853 πάντας
896 2792 1022 2854 τοὺς
1042 2792 1207 2859 ίερεῖς
1227 2791 1321 2843 τοῦ
1342 2789 1571 2858 κόσμου.
1618 2786 1726 2839 Καὶ

146 2882 200 2933 εί
218 2884 270 2934 τί
298 2884 412 2934 ἐστι
430 2881 567 2952 πρὸς
584 2883 882 2952 θεραπείαν
901 2882 994 2935 τοῦ
1015 2882 1148 2934 Θεο]
1169 2884 1261 2933 καὶ
1300 2879 1593 2950 διόρθωσιν
1628 2876 1725 2930 καὶ

148 2974 446 3043 στερέωσιν
500 2974 603 3042 τῆς
662 2975 897 3038 πίστεως
950 2975 1059 3027 τῶν
1092 2972 1457 3044 Χριστιανῶν,
1485 2972 1572 3026 ἵνα
1604 2972 1727 3041 κρί-

146 3082 313 3134 νηται
338 3068 468 3133 παρ’
502 3066 691 3118 αὑτοῦ.
709 3067 925 3119 Δίκαιον
938 3067 1046 3137 γάρ
1061 3069 1209 3119 ἐστιν
1231 3066 1319 3120 ἵνα
1333 3067 1509 3118 ἐκεῖσε
1530 3066 1556 3117 6
1570 3064 1726 3132 ἆγιος

1841 579 1894 622 et
1920 579 2117 624 cuncto
2145 569 2346 640 populo
2376 570 2602 637 imperio
2634 568 2894 622 Romana!
2922 568 3108 636 gloriaa
3137 570 3421 638 subjam-n-

1841 664 1902 725 ti,
1942 674 1999 717 ut
2031 666 2171 719 sicut
2196 676 2418 719 sanctus
2448 663 2640 718 Petrus
2669 666 2903 718 vicarius
2927 680 2987 717 ex
3020 678 3250 733 persona
3298 664 3416 716 Filii

1842 757 1933 811 Dei
1965 767 2050 811 est
2081 758 2416 810 constitutus
2442 757 2496 809 in
2521 756 2707 818 terris,
2747 756 2818 807 ita
2856 764 2906 809 ct
2933 757 3175 825 episcopi
3206 771 3419 809 succes-

1840 862 1997 903 sores
2025 848 2292 917 principis
2322 847 2693 915 apostolorum
2733 847 3051 915 ampliorem
3085 848 3419 915 principatus

1840 948 2185 1009 potestatem,
2233 956 2397 1008 quam
2461 955 2688 1009 regnum
2736 938 2923 1008 gloria:
2983 949 3181 994 nostrae
3233 941 3415 1001 habet,

1839 1034 2140 1087 obtineant.
2170 1034 2279 1087 Hoc
2310 1043 2363 1087 et
2417 1051 2443 1087 a
2490 1036 2671 1098 nobis,
2703 1045 2754 1087 et
2787 1048 2813 1087 a
2864 1044 3051 1087 nostro
3098 1048 3417 1087 concessum

1836 1137 1919 1180 est
1944 1128 2191 1196 imperio.
2227 1127 2289 1180 Et
2319 1128 2574 1181 volumus
2610 1128 2787 1195 ipsum
2826 1127 3132 1194 principem
3194 1135 3418 1192 aposto~

1837 1220 2011 1274 lorum
2035 1230 2087 1274 et
2116 1235 2470 1276 successores
2539 1220 2734 1287 ipsius,
2764 1234 2828 1271 ex
2856 1220 2973 1285 ejus
3022 1234 3275 1285 persona,
3310 1219 3418 1286 pri-

1837 1328 1955 1367 mos
1978 1313 2116 1381 apud
2153 1312 2318 1366 Deum
2356 1327 2479 1366 esse
2515 1312 2697 1365 Patres
2731 1322 2782 1363 ct
2811 1312 3147 1364 defensores.
3194 1313 3253 1362 Et
3278 1312 3419 1363 Sil'lll

1836 1416 2022 1460 nostra
2054 1406 2352 1475 imperialis
2379 1415 2623 1472 potestas
2654 1405 2706 1458 in
2738 1404 2899 1457 terris
2930 1404 3130 1455 colitur
3158 1412 3209 1456 et
3244 1404 3417 1456 hono-

1836 1506 2005 1557 ratur,
2033 1496 2102 1550 ita
2136 1496 2256 1565 ejus
2296 1510 2542 1551 sanetam
2586 1497 2890 1550 Romanam
2928 1497 3224 1549 Ecclesiam
3258 1510 3417 1549 rene.

1836 1597 2022 1643 ranter
2075 1589 2334 1643 honorari
2396 1590 2783 1653 decernimus;
2841 1598 2895 1643 et
2959 1589 3191 1655 amplius
3250 1602 3416 1655 quam

1835 1687 2083 1733 nostrum
2116 1680 2405 1748 imperium
2463 1687 2855 1749 terrenumque
2902 1680 3183 1741 thronum,
3231 1683 3413 1731 sedem

1836 1770 2265 1823 sacratissimam
2312 1770 2455 1824 beati
2501 1770 2643 1824 Petri
2674 1772 2910 1840 gloriose
2970 1769 3218 1822 exaltari.
3280 1770 3417 1821 San-

1831 1862 2005 1916 cimus
2027 1864 2189 1915 etiam
2223 1870 2279 1915 ut
2301 1862 2665 1931 principatum
2698 1871 2878 1915 teneat
2938 1871 3045 1915 tam
3091 1877 3258 1929 super
3285 1878 3415 1930 qua—

1830 1961 1952 2008 tuor
1977 1954 2157 2016 sedes,
2191 1954 2635 2019 Alexandrinam,
2660 1954 3079 2018 Antiochenam,
3107 1954 3416 2024 Hierosoly-

1830 2048 2115 2109 mitanam,
2144 2046 2834 2117 Constantinopolitanam,
2860 2062 3020 2115 quam
3054 2047 3217 2100 etiam
3253 2063 3415 2115 super

1830 2154 2024 2195 omnes
2061 2142 2319 2196 universo
2347 2142 2482 2195 orbe
2540 2150 2814 2195 terrarum
2858 2139 3130 2194 Ecclesias
3185 2138 3276 2193 Dei
3312 2157 3326 2205 ;
3364 2152 3414 2194 ct

1829 2234 2073 2304 pontifex
2103 2234 2197 2304 qui
2229 2249 2328 2303 per
2361 2243 2606 2303 tempora
2667 2233 2840 2302 ipsius
2890 2242 3092 2287 sancta:
3156 2232 3416 2287 Romanae

1833 2325 2091 2381 Ecclesiae
2153 2328 2445 2394 exstiterit,
2517 2327 2717 2383 celsior
2766 2338 2819 2382 et
2887 2329 3141 2396 princeps
3200 2327 3413 2379 cunctis

1828 2418 2206 2474 sacerdotibus
2244 2421 2412 2474 totius
2450 2420 2636 2474 mundi
2674 2422 2927 2485 exsistat,
2956 2431 3010 2475 et
3032 2420 3151 2489 ejus
3208 2420 3413 2490 judicio

1829 2526 1952 2582 quae
1979 2511 2045 2566 ad
2078 2512 2281 2567 cultum
2319 2512 2445 2577 Dei,
2481 2514 2564 2568 vel
2597 2514 2756 2568 iidem
2812 2513 3276 2576 Christianorum,
3330 2514 3411 2565 vel

1829 2605 2183 2659 stabilitatem
2217 2605 2563 2673 procuranda
2620 2605 2849 2671 fuerint,
2903 2606 3287 2675 disponantur.
3319 2605 3412 2659 ᾹΞ-

1829 2709 1997 2767 quum
2032 2706 2116 2753 est
2146 2698 2315 2763 enim,
2349 2704 2408 2751 ut
2441 2696 2512 2751 ibi
2542 2698 2730 2752 divina
2764 2700 2849 2753 lex
2904 2698 3149 2753 obtineat
3202 2699 3410 2767 apicem

1828 2797 1881 2843 et
1915 2789 2232 2858 primatum,
2265 2790 2352 2842 ubi
2384 2798 2607 2844 sanctus
2658 2789 2941 2860 legislator
2971 2789 3225 2845 Christus
3250 2790 3410 2845 Jesus

1830 2880 2079 2935 Salvator
2108 2890 2294 2934 uoster
2320 2882 2489 2937 misso
2514 2882 2675 2936 beato
2706 2882 3047 2951 Petrojussit
3092 2882 3409 2935 cathedram

1828 2981 2033 3037 tenere,
2059 2981 2111 3026 et
2142 2971 2232 3026 ubi
2266 2972 2446 3026 crucis
2471 2973 2775 3041 patibulum
2802 2988 2993 3041 passus
3025 2982 3128 3037 est,
3153 2983 3205 3027 et
3239 2974 3413 3028 beata!

1828 3066 2026 3120 mortis
2088 3065 2316 3120 calicem
2383 3062 2565 3131 bibit;
2638 3066 2885 3135 vestigiis
2956 3066 3277 3120 inhazrendo
3329 3069 3409 3120 sui

146 3159 311 3227 νόμος
382 3159 481 3231 ἔχῃ
526 3160 622 3229 τὴν
666 3160 910 3230 κεφαλὴν
944 3161 1039 3213 καὶ
1054 3160 1398 3230 άρχὴν,ὅπου
1421 3160 1621 3224 όᾶγιος
1639 3175 1724 3210 voc

1829 3158 2113 3227 nostrique
2162 3158 2430 3228 magistri,
2464 3167 2520 3212 et
2565 3158 2637 3212 lbi
2680 3167 2870 3228 gentes
2921 3158 3097 3228 capita
3146 3159 3412 3215 inclinare

149 3253 383 3323 μοθέτης
405 3253 637 3323 Χριστὸς
655 3251 866 3323 Ἰησοῦς
882 3254 910 3305 6
934 3254 1312 3324 Σωτὴρήμῶν,
1342 3253 1432 3306 τὸν
1454 3253 1724 3323 μακάριον

144 3346 450 3399 ἀπόστολον
478 3347 704 3415 Πέτρον,
739 3346 993 3398 ἐκέλευσε
1028 3349 1251 3417 κρατεῖν
1282 3346 1378 3416 τὴν
1411 3346 1679 3415 καθέδραν
1706 3361 1718 3373 ·

148 3440 246 3491 καὶ
274 3441 407 3491 ὅπου
451 3438 511 3490 τὸ
539 3438 709 3501 πάθος
746 3438 843 3491 τοῦ
892 3439 1133 3508 σταυροῦ
1176 3439 1367 3503 ἔπαθε,
1420 3440 1514 3490 καὶ
1544 3456 1724 3506 μακά-

148 3530 269 3600 ρίου
304 3532 537 3583 θανάτου
568 3531 829 3600 ποτήριον
864 3531 1007 3595 ἔπιε,
1047 3532 1141 3583 καὶ
1182 3533 1399 3598 ἐγένετο
1431 3532 1723 3593 ἀκόλουθος

145 3623 246 3675 τοῦ
279 3622 586 3692 μαῖστωρος
620 3624 714 3677 καὶ
761 3622 951 3692 κυρίου
988 3624 1175 3677 αὑτοῦ.
1212 3624 1321 3676 Καὶ
1349 3625 1467 3675 ἐκεῖ
1496 3622 1561 3675 τά
1598 3622 1722 3690 ἔθνη

148 3717 241 3768 ἵνα
273 3715 497 3767 κλίνωσι
530 3716 630 3775 τάς
678 3714 922 3782 κεφαλὰς
969 3714 1168 3775 αὐτῶν,
1204 3712 1291 3765 διὰ
1323 3713 1419 3781 τὴν
1464 3712 1721 3780 ἐξομολό-

147 3821 312 3873 γησιν
340 3804 434 3857 τοῦ
467 3805 728 3872 ὀνόματος
757 3803 852 3857 τοῦ
877 3804 1139 3872 Χριστοῦ,
1182 3805 1314 3855 ὅπου
1341 3807 1367 3857 ό
1400 3804 1723 3866 διδάσκαλος

147 3897 331 3949 αὐτῶν
360 3898 387 3949 6
418 3899 685 3965 μακάριος
727 3895 1025 3957 ἀπόστολος
1060 3895 1297 3959 Παῦλος,
1346 3895 1435 3948 διὰ
1464 3896 1553 3949 τὸν
1587 3898 1718 3965 Χρι⁵

151 3990 277 4041 στὸν
317 3988 557 4046 ἐκτείνας
589 3989 681 4039 τὸν
716 3987 1008 4057 τράχηλον,
1043 3987 1134 4038 τὸν
1167 3988 1427 4053 στέφανον
1454 3984 1548 4037 τοῦ
1587 4005 1724 4055 μαρ-

146 4082 333 4153 τυρίου
363 4081 596 4144 ἐδέξατο.
626 4081 734 4132 Καὶ
763 4080 867 4140 ἕως
917 4079 1011 4131 τοῦ
1048 4078 1231 4140 τέλους
1255 4078 1345 4130 τοῦ
1374 4080 1578 4148 κόσμου
1634 4082 1723 4134 ἵνα

144 4174 458 4241 ἀναζητῶσι
499 4173 589 4225 τον
625 4173 962 4236 διδάσκαλον,
1002 4174 1137 4225 ὅπου
1170 4174 1234 4226 τά
1264 4172 1372 4225 τῶν
1415 4174 1587 4241 ἁγίων
1621 4178 1722 4227 αύο

141 4267 257 4319 τῶν
288 4265 512 4334 λείψανα
556 4264 929 4318 ἀναπαύονται
956 4278 973 4296 ⁶
1006 4265 1102 4316 καὶ
1151 4266 1268 4317 ἐκεῖ
1310 4265 1489 4318 ὕπτιοι
1522 4267 1615 4319 καὶ
1645 4268 1723 4328 είς

142 4359 245 4428 τὴν
273 4358 373 4427 γῆν
396 4358 731 4427 ὴπλωμένοι,
760 4355 854 4408 τοῦ
885 4356 1139 4426 οὐρανίου
1170 4356 1438 4425 βασιλέως
1464 4359 1557 4411 καὶ
1586 4358 1721 4410 Θεοῦ

143 4451 245 4501 καὶ
271 4451 519 4519 Σωτῆρος
546 4448 704 4518 ἡμῶν
732 4448 907 4517 Ἰησοῦ
934 4447 1171 4517 Χριστοῦ
1196 4448 1535 4518 δουλεύωμεν
1561 4450 1721 4518 ὀφφι-

1830 3260 2052 3322 propter
2085 3250 2490 3306 confessionem
2527 3250 2768 3305 nominis
2815 3250 3043 3317 Christi,
3082 3250 3173 3305 ubi
3220 3266 3410 3305 eorum

1828 3344 2091 3411 magister
2126 3344 2317 3398 beatus
2349 3343 2553 3396 Paulus
2611 3352 2872 3412 protensa
2924 3343 3135 3397 cervice
3190 3354 3411 3412 propter

1824 3436 2100 3489 Christum
2138 3450 2397 3489 coronam
2430 3436 2673 3504 martyrii
2706 3434 2945 3502 suscepit
2987 3452 3001 3489 :
3060 3444 3113 3489 et
3151 3444 3207 3489 ut
3236 3452 3411 3503 usque

1826 3526 1890 3578 ad
1923 3527 2106 3579 mundi
2138 3527 2665 3580 consummationem
2686 3526 2759 3579 ibi
2790 3536 3033 3595 quaerant
3062 3528 3407 3595 magistrum.

1827 3617 1917 3671 ubi
1949 3626 2263 3671 sanctorum
2300 3632 2521 3670 suorum
2568 3617 2813 3687 reliquiae
2875 3620 3314 3688 conquiescunt;
3352 3628 3409 3673 et

1826 3710 1897 3763 ibi
1931 3709 2084 3777 proni
2117 3718 2169 3763 et
2202 3709 2253 3761 in
2283 3715 2481 3763 terram
2549 3709 2899 3776 procidentes
2963 3712 3203 3767 caelestis
3265 3716 3409 3782 regis

1826 3802 1995 3855 Deiet
2046 3800 2349 3855 Salvatoris
2412 3801 2582 3854 nostri
2647 3798 2775 3855 Jcsu
2837 3801 3040 3856 Christi
3090 3804 3409 3861 ministeriis

1826 3893 2212 3955 inserviamus.
2282 3892 2370 3946 ubi
2430 3891 2758 3947 servivimus
2824 3893 2903 3947 illi
2960 3897 3223 3962 superbo‘
3268 3898 3403 3967 regi,

1826 3982 2117 4037 Tradimus
2144 3983 2308 4051 igitur
2338 3981 2473 4051 ipsis
2509 3982 2715 4037 sanctis
2746 3984 3009 4051 apostolis
3044 3985 3217 4039 beatis
3246 3986 3405 4043 Petro

1824 4086 1875 4128 et
1902 4074 2068 4128 Paulo
2084 4081 2136 4126 et
2156 4081 2277 4142 post
2303 4072 2402 4129 bos
2432 4074 2592 4128 beato
2618 4074 2895 4145 Sylvestro
2914 4084 2969 4129 et
2994 4078 3252 4133 omnibus
3277 4096 3373 4135 suc
3393 4111 3405 4120 -

1825 4165 2140 4219 cesseribus
2181 4164 2322 4234 ejus,
2372 4165 2464 4233 qui
2520 4180 2691 4233 usque
2749 4165 2815 4219 ad
2875 4170 3401 4225 consummationem

1828 4258 2016 4311 mundi
2055 4260 2339 4311 ascensurl
2364 4264 2490 4311 sunt
2522 4260 2587 4311 ad
2619 4260 2803 4313 sedem
2856 4259 2996 4313 beati
3032 4262 3169 4315 Petri
3207 4266 3274 4317 ab
3302 4266 3403 4319 hoc

1824 4349 1930 4415 die,
1960 4348 2217 4417 palatium
2243 4349 2454 4417 imperii
2486 4350 2655 4402 nostri
2686 4350 3075 4415 Lateranense,
3106 4356 3248 4423 quod
3286 4373 3401 4409 om-

1826 4441 1984 4493 nibus
2042 4439 2226 4492 mundi
2285 4440 2500 4507 palatiis
2561 4441 2844 4509 praefertur
2890 4452 2943 4497 et
2997 4448 3404 4515 supereminet;

143 4541 309 4605 κίοις,
344 4516 478 4592 ὅπου
508 4516 906 4606 ἐδουλεύσαμεν
937 4516 1014 4608 τῷ
1044 4539 1382 4609 ὑπερηφάνῳ
1418 4516 1720 4610 χηῖνῳήβα-

1829 4533 2016 4586 deinde
2042 4532 2290 4585 diadema
2332 4535 2445 4586 sive
2476 4548 2734 4586 coronam
2779 4538 2973 4604 capitis
3004 4540 3175 4591 nostri
3209 4540 3407 4594 simul-

144 4633 307 4685 σιλεῖ.
353 4630 727 4699 Παραδίδομεν
761 4628 853 4681 οῦν
896 4630 1080 4692 αὐτοῖς
1114 4634 1225 4691 τοῖς
1279 4631 1458 4698 ἁγίοις
1489 4633 1721 4684 ἀποστό-

138 4725 280 4785 λοις,
335 4724 445 4783 τοῖς
500 4720 793 4790 μακαρίοις
850 4720 1064 4791 κυρίοις
1099 4738 1202 4791 μου
1250 4722 1329 4792 τῷ
1367 4724 1556 4794 Πέτρῳ
1623 4726 1721 4777 καὶ

143 4813 369 4881 Παύλῳ,
419 4813 512 4865 καὶ
568 4811 686 4880 μετ’
716 4812 912 4872 αὐτοὺς
964 4812 1044 4882 τῷ
1097 4815 1354 4883 μακαρίῳ
1388 4815 1716 4886 Συλὸέστρῳ

140 4907 242 4959 καὶ
279 4904 453 4972 Πατρὶ
487 4905 662 4974 ἡμῶν,
718 4903 797 4970 τῷ
846 4904 1070 4973 μεγάλῳ
1099 4906 1381 4977 ἐπισκόπῳ
1415 4908 1507 4960 καὶ⁸
1559 4907 1723 4961 καθο-

139 4997 285 5067 λικῷ
312 4998 470 5067 πάπᾳ
500 4996 599 5065 τῆς
632 4995 841 5058 πόλεως
879 4995 1121 5065 Ῥώμης,
1158 4998 1253 5050 καὶ
1299 5001 1433 5051 πᾶσι
1465 5003 1576 5063 τοῖς
1604 5002 1723 5055 δια-

136 5092 322 5160 δόχοις
367 5089 554 5153 αὑτοῦ,
599 5089 794 5151 οἵτινες
828 5089 933 5152 ἕως
986 5090 1079 5142 τοῦ
1132 5093 1316 5155 τέλους
1365 5092 1458 5145 τοῦ
1512 5095 1718 5163 κόσμου

147 5184 408 5255 μέλλουσι
438 5182 822 5252 προκαθῆσθαι
854 5185 933 5246 είς
963 5183 1051 5235 τὸν
1083 5183 1269 5252 θρόνον
1307 5183 1401 5237 τοῦ
1444 5188 1720 5255 μακαρίου

144 5276 384 5343 Πέτρου,
419 5274 527 5327 ἀπὸ
576 5275 676 5342 τῆς
717 5277 976 5344 σήμερον,
1012 5275 1072 5326 τὸ
1123 5276 1393 5343 ἡμέτερον
1444 5276 1724 5345 βασιλικὸν

141 5368 413 5421 παλάτιον
441 5366 503 5417 τὸ
534 5367 955 5434 Δατερανέσιον,
988 5366 1049 5418 τὸ
1079 5366 1405 5437 ὑπερϐαίνον
1430 5368 1521 5419 καὶ
1553 5368 1722 5437 ὑπερ-

142 5459 320 5512 νικῶν
352 5453 420 5509 τά
458 5456 554 5509 ὅλα
582 5456 675 5509 τοῦ
702 5457 908 5525 κόσμου
940 5456 1201 5512 παλάτια.
1229 5457 1520 5512 Ἐπέκεινα
1548 5460 1602 5511 δὲ
1628 5462 1725 5512 καὶ

137 5551 207 5602 τὸ
242 5547 505 5615 διάδημα,
530 5548 650 5617 ἦτοι
683 5548 776 5600 τὸν
802 5550 1088 5616 ζστέφανον
1122 5548 1222 5617 τῆς
1263 5549 1503 5620 κεφαλῆς
1543 5551 1722 5619 ἡμῶν,

138 5642 267 5708 ἅμα
298 5640 505 5692 καὶτὸν
526 5641 699 5709 λῶρον
743 5642 835 5693 καὶ
868 5641 928 5691 τὸ
960 5641 1293 5710 ώμοφὸριον,
1323 5642 1457 5709 ὅπερ
1490 5658 1725 5708 περικυ-

139 5736 269 5784 κλοῖ
298 5733 386 5784 τὸν
422 5733 700 5801 βασιλικὸν
730 5736 1003 5804 τράχηλον
1030 5753 1043 5764 '
1080 5738 1195 5804 ἅμα
1230 5736 1286 5787 δὲ
1340 5736 1433 5788 καὶ
1461 5735 1561 5803 τὴν
1592 5753 1725 5805 πορ-

139 5825 329 5893 φυρᾶν
361 5825 629 5896 χλαμύδα,
659 5828 755 5880 καλ⁸
781 5828 982 5897 χιτῶνα
1012 5828 1285 5891 κόκκινον,
1314 5828 1409 5881 καὶ
1444 5827 1573 5881 πάνέ
1658 5827 1726 5880 τά

1824 4639 1930 4693 que
1960 4633 2012 4676 et
2072 4624 2272 4685 locum,
2327 4639 2426 4676 nec
2493 4640 2600 4675 nou
2650 4634 2701 4678 et
2768 4626 3215 4693 superhumcrale
3262 4632 3404 4699 quod

1826 4717 2103 4785 imperiale
2131 4718 2336 4770 assolet
2370 4716 2709 4769 circumdare
2741 4719 2940 4771 collum
2969 4735 2982 4783 ;
3022 4736 3207 4773 verum
3242 4724 3404 4776 etiam

1822 4808 2165 4879 chlamydem
2190 4822 2541 4876 purpuream,
2579 4818 2743 4876 atque
2769 4812 3008 4864 tunicam
3065 4815 3403 4877 coccineam,

1823 4912 1876 4959 et
1899 4902 2079 4957 omnia
2103 4899 2399 4967 imperialia
2426 4900 2759 4968 indumenta,
2788 4919 2883 4959 seu
2908 4904 3068 4957 etiam
3088 4905 3403 4975 dign'tatem

1825 4994 2161 5064 imperialem
2224 4992 2631 5059 prmsidentium
2697 4998 2984 5063 equitum;
3054 5000 3404 5052 conferentes

1822 5088 1870 5142 ei
1905 5088 2068 5141 etiam
2105 5083 2403 5151 imperialia
2436 5093 2673 5153 sceptra,
2699 5089 2970 5156 simulque
2999 5101 3194 5144 cuncta
3224 5093 3401 5159 signa,

1823 5194 1877 5239 et
1898 5183 2098 5249 banda,
2127 5194 2179 5239 et
2218 5186 2425 5255 reliqua
2482 5188 2803 5235 ornamenta
2840 5180 3141 5247 imperialis
3203 5184 3399 5235 culmi-

1824 5274 1928 5336 nis,
1965 5285 2016 5327 et
2036 5274 2262 5343 gloriam
2297 5273 2580 5344 potestatis
2612 5282 2835 5325 nostrae.
2865 5270 3010 5326 Viris
3043 5272 3202 5325 etiam
3227 5273 3405 5326 diver-

1824 5368 1868 5422 si
1893 5367 2101 5421 ordinis
2134 5366 2608 5421 reverendissimis
2639 5364 2876 5429 clericis,
2918 5374 3121 5419 sanctae
3149 5363 3405 5420 Romanae

1827 5460 2084 5515 Ecclesia:
2154 5459 2558 5519 servientibus,
2622 5457 2754 5511 tltud
2823 5457 3038 5511 culmen
3110 5460 3405 5528 singularis

1826 5552 2078 5621 p0tentiaa
2113 5561 2166 5606 et
2203 5551 2583 5619 praecellentia:
2644 5549 2843 5603 habere
2893 5550 3195 5612 sancimus,
3247 5553 3405 5619 cujus

1828 5642 2201 5712 amplissimus
2230 5652 2409 5696 noster
2442 5650 2663 5695 senatus
2696 5641 2907 5694 videtur
2933 5640 3102 5709 gloria
3128 5644 3407 5703 adornari,

1828 5734 1879 5787 id
1913 5742 2016 5795 cst,
2048 5733 2307 5800 patricios
2331 5742 2382 5785 et
2414 5730 2665 5784 consules
2689 5730 2832 5784 effici
2862 5748 2877 5790 ;
2934 5745 3142 5785 necnon
3199 5738 3252 5785 et
3302 5748 3407 5785 cier

1829 5825 1958 5881 teris
1988 5823 2342 5894 dignitatibus
2411 5822 2785 5892 imperialibus
2846 5837 2940 5879 eos
2998 5825 3407 5895 promulgamus
