4156 6420
199 342 319 407 1353

826 339 975 400 PRO
1013 338 1227 400 CONti.
1262 336 1632 398 FLORENT.
1680 334 1838 395 CAP.
1872 334 1931 392 γ.
1972 332 2067 389 DE
2116 330 2462 393 PHIMATU
2490 334 2715 394 PAI’A‘J.

3292 330 3427 395 135%

198 461 381 529 καιρίῳ,
424 457 503 511 ὅτι
530 452 820 525 ὀφείλομεν
851 452 1040 520 ὥσπερ
1077 452 1149 505 τὰ
1199 451 1333 519 μέλη
1383 450 1461 519 τῷ
1513 447 1750 516 σώματι.

1890 444 2012 511 equi
2044 462 2055 496 :
2089 443 2346 513 quodque
2384 448 2450 499 ad
2482 463 2600 500 eam
2636 447 2811 501 solum
2848 445 3080 516 pertinet
3102 447 3339 515 dirigere
3371 459 3426 499 et

195 550 326 603 οὕτω
360 548 453 600 καὶ
484 548 643 615 ἡμεῖς
701 544 963 612 ἐμμένειν
1023 542 1102 609 τῷ
1156 540 1501 608 ἀποστολικῷ
1542 541 1752 608 θρόνῳ·

195 640 280 692 καὶ
308 640 390 691 ὅτι
416 636 582 690 αὐτοῦ
631 636 793 702 μόνου
838 634 954 686 ἐστὶ
983 634 1042 685 τὸ
1069 632 1329 684 διιθύνειν
1366 634 1458 683 καὶ
1486 630 1756 699 κυῦερνᾷν

194 733 284 799 τὴν
336 728 568 782 καθόλου
616 726 723 778 τῶν
773 724 1118 795 Χριστιανῶν
1154 722 1503 793 Ἐκκλησίαν.
1554 720 1615 773 ΕΞ
1661 720 1757 773 οὖν

192 823 327 876 οὕτω
360 821 581 890 γράφει,
621 821 695 881 ὠς
724 817 867 870 οὕτω
894 816 1107 885 φρννῶν
1147 816 1387 885 γράφειο
1424 814 1549 867 είδὲ
1587 812 1759 875 οὕτως

193 911 423 976 ἐφρόνει,
474 908 613 959 οὕτω
648 907 740 958 καὶ
786 906 996 957 ὲποίει’
1040 906 1087 957 εί
1132 905 1187 957 δὲ
1232 906 1438 964 ἐκεῖνος
1483 904 1761 971 ὑποταγὴν

193 1001 283 1051 καὶ
321 999 453 1051 αίδὼ
488 998 737 1051 ἀπεδίδου
777 998 895 1049 τότε
951 997 1027 1065 τῷ
1076 998 1172 1065 τῆς
1217 994 1436 1064 Ῥώμης
1491 996 1757 1066 ἀρχιερεῖ,

192 1092 269 1151 τίς
330 1092 481 1142 ἔσται
519 1094 545 1141 ὀ
578 1091 899 1157 ἀντιλέγων,
949 1089 1064 1140 ἀλλ’
1116 1091 1147 1158 ἢ
1202 1090 1350 1148 τινὲς
1401 1088 1626 1156 ἀμαθεῖς
1672 1087 1762 1138 καὶ

194 1184 447 1252 ἀνόητος
494 1182 711 1235 Τούτων
762 1178 856 1236 οὖν
913 1184 1273 1257 μεμνημένῳ,
1315 1180 1493 1233 ἔπεισί
1526 1195 1615 1249 μοι
1670 1180 1763 1231 καὶ

198 1276 400 1346 σφόδρα
434 1275 600 1347 γελᾷν
621 1291 635 1307 ⁸
672 1275 876 1345 μᾶλλον
918 1274 973 1327 δὲ
1021 1273 1140 1326 κατ’
1173 1273 1454 1343 ἀλήθειαν,
1482 1274 1543 1325 οὐ
1576 1272 1762 1341 γελᾷν,

198 1370 330 1422 ἀλλὰ
358 1370 577 1439 θρηνεῖν
609 1386 668 1422 τε
704 1371 798 1422 καὶ
845 1367 1123 1429 στενάζειν
1156 1367 1281 1428 τοὺς
1319 1365 1491 1427 οὕτως
1527 1364 1766 1417 ἐθελοντὶ

199 1465 557 1531 καμμύοντας
604 1462 728 1523 τοὺς
762 1460 1074 1528 ὀφθαλμοὺς
1111 1460 1243 1527 πρὸς
1272 1459 1331 1511 τὸ
1360 1459 1495 1527 φῶς,
1523 1460 1614 1510 καὶ
1641 1456 1764 1526 μηδ’

198 1554 558 1623 ἀνεχομένους
596 1554 816 1606 ἀκούειν
864 1553 924 1605 τὸ
970 1552 1187 1620 ἀληθές.
1242 1552 1337 1613 Τίς
1394 1553 1501 1620 γάρ
1544 1553 1693 1604 ἐστιν
1740 1551 1767 1602 ὁ

200 1648 577 1716 ἀρνησάμενος
600 1647 698 1715 τὴν
725 1646 825 1697 ὑπὸ
851 1645 948 1710 τῆς
969 1643 1293 1713 Ἐκκλητίας
1322 1644 1767 1713 ὁμολογουμένην

197 1739 454 1809 ὲκφώνως
488 1739 781 1808 ὁμολογίαν
808 1755 823 1802 ;
855 1739 974 1808 ἦτοι
996 1738 1055 1789 τὸ
1075 1739 1172 1806 τῆς
1198 1738 1429 1799 πίστεως
1454 1736 1727 1808 Σύμϐολον
1748 1753 1762 1801 ;

198 1837 256 1886 ἑν
292 1828 334 1901 ᾧ
358 1833 655 1905 διαρρήδην
682 1832 1076 1902 ὁμολογοῦμεν,
1125 1831 1275 1901 μίαν,
1326 1831 1507 1896 ἁγίαν,
1540 1829 1763 1882 καθολι-

200 1927 302 1994 κὴν
350 1926 444 1978 καὶ
492 1924 858 1995 ἀποστολικὴν
898 1924 1245 1992 Ἐκκλησίαν.
1304 1925 1402 1991 τὴν
1452 1923 1530 1983 είς
1592 1922 1769 1974 πάντα

200 2019 342 2088 μέρη
393 2017 492 2086 τῆς
534 2018 861 2087 οἰκουμένης
918 2017 1354 2085 διεσπαρμένην.
1399 2016 1617 2085 Ταύτην
1670 2016 1769 2066 οὐκ

198 2112 266 2164 ἀν
290 2122 418 2162 ποτε
441 2110 569 2177 μίαν
600 2128 681 2171 τις
709 2111 858 2179 εἴπῃ,
897 2110 962 2162 ἂν
989 2109 1063 2179 μὴ
1098 2111 1153 2162 αί
1180 2109 1363 2161 λοιπαὶ
1389 2111 1558 2161 πᾶσαι
1581 2108 1770 2176 ὥσπερ

202 2205 343 2275 μέλη
384 2203 984 2274 συναρμολογούμεναι,
1027 2202 1169 2255 κατὰ
1201 2202 1291 2254 τᾶν
1327 2202 1597 2270 μακάριον
1626 2198 1773 2251 Παῦ-

198 2293 310 2354 λον,
344 2293 654 2362 ἐμμένωσιν
688 2294 825 2363 αὐτῇ
867 2290 943 2356 ὤς
975 2292 1183 2363 κεφαλῇ
1209 2309 1221 2321 ’
1252 2293 1289 2346 ἀ
1338 2291 1773 2362 συναρμολογού-

203 2400 363 2451 μενα,
388 2383 447 2435 ἓν
478 2382 802 2435 ἀποτελοῦσι
830 2383 1010 2453 σῶμα.
1048 2384 1158 2437 Καὶ
1204 2381 1419 2452 ὥσπερ,
1452 2382 1574 2435 κατ’
1610 2383 1772 2434 αὑτὸν

200 2475 295 2526 τὸν
336 2474 682 2538 ’Λπόστολον,
716 2476 776 2527 ού
800 2474 1019 2526 δύνηαι
1046 2474 1077 2526 ὁ
1100 2473 1255 2536 ποῦς,
1282 2475 1313 2544 ἧ
1350 2476 1382 2543 ὴ
1413 2473 1553 2542 χεὶρ,
1583 2475 1614 2543 ἢ
1647 2475 1775 2527 ἄλλο

206 2568 369 2638 μέλος
408 2566 503 2618 τοῦ
550 2566 799 2637 σώματος
854 2569 999 2635 ὲρεῖν
1047 2569 1111 2635 τῇ
1158 2566 1391 2635 κεφαλῇ,
1438 2566 1643 2636 Χρείαν
1681 2583 1774 2616 σου

202 2659 303 2711 οὐκ
333 2659 459 2729 ἔχω,
493 2658 665 2721 οὕτως
698 2659 821 2713 οὐδὲ
851 2659 907 2711 al
930 2658 1115 2711 λοιπαὶ
1157 2657 1476 2727 Ἐκκλησίαι
1522 2656 1777 2709 δύνανται

203 2754 386 2804 εἰπεῖν
418 2754 483 2822 τῇ
523 2751 822 2823 Ἐκκλησία
871 2750 969 2821 τῆς
1018 2749 1258 2817 Ῥώμης,
1292 2750 1497 2820 Χρείαν
1538 2767 1631 2801 σου
1678 2751 1778 2802 οὐκ

205 2843 429 2914 ἔχομεν.
491 2844 668 2896 Πᾶσαι
713 2845 809 2895 ἀπ’
841 2842 1011 2912 αὐτῆς
1072 2844 1133 2895 τὸ
1186 2844 1388 2911 κράτος
1424 2844 1636 2911 ἔχουσι,
1686 2844 1779 2896 καὶ

208 2940 383 2991 πᾶσαι
424 2939 514 2990 ὑπ’
562 2938 732 3006 αὐτῆς
776 2936 1142 3007 στηρίξονται.
1193 2938 1556 3006 Μαρτυρήσει
1622 2936 1780 2988 τοῦτο

210 3033 360 3084 πᾶσα
393 3032 423 3100 ἡ
457 3032 565 3082 τῶν
588 3029 921 3081 διδασκάλων
952 3028 1133 3098 γραφη
1163 3042 1176 3054 ·
1211 3028 1304 3081 καὶ
1347 3030 1531 3099 ἐκείνη
1571 3029 1671 3097 μὲν
1705 3030 1779 3092 ὡς

1860 537 2164 604 gubernare
2196 539 2517 593 catholicam
2553 537 2642 593 Dei
2688 538 3008 595 Ecclesiam.
3064 537 3120 590 Si
3176 554 3303 606 ergo
3352 540 3424 593 ita

1861 630 2073 692 scribit,
2133 640 2193 684 ιιι
2249 632 2412 686 sentit
2449 630 2661 685 scribit.
2695 631 2749 685 Si
2780 633 2859 685 sic
2911 630 3212 692 sentiebat,
3270 630 3342 683 ita
3377 640 3431 682 (-t

1862 721 2077 791 agebat.
2139 722 2194 776 Si
2256 724 2302 776 is
2341 723 2706 776 obedientiam
2761 734 2813 777 et
2879 723 3241 777 reverentiam
3298 733 3427 775 tunc

1862 813 2108 867 Romano
2134 814 2372 883 pontiﬁci
2406 815 2720 879 exhibebat,
2772 818 2896 883 quis
2924 815 3275 878 contradicit,
3323 816 3427 867 nisi

1864 908 2117 963 indoctus
2162 908 2394 963 fortasse
2443 911 2523 964 vel
2560 910 2794 963 stultus?
2849 907 2973 962 ﬂare
3006 910 3167 978 igitur
3215 924 3429 962 mecum

1865 1000 2138 1066 reputanti
2164 1000 2311 1052 subit
2344 1000 2474 1052 mihi
2503 1001 2855 1053 vehementer
2879 1000 3079 1059 ridere,
3110 1014 3204 1053 seu
3231 998 3431 1051 deliere

1866 1089 2071 1154 potius.
2120 1105 2184 1143 ac
2231 1091 2406 1144 vicem
2441 1107 2633 1144 eorum
2670 1092 2857 1146 dolere
2888 1092 2983 1161 qui
3015 1100 3207 1159 sponte
3240 1090 3430 1145 oculos

1866 1182 2233 1249 comprimunt
2262 1184 2525 1236 adversus
2559 1184 2757 1246 lucem,
2790 1198 2889 1237 nec
2936 1185 3221 1238 veritatem
3270 1188 3437 1237 susti-

1867 1284 1998 1325 nent
2035 1273 2241 1328 audire.
2272 1273 2404 1338 Quis
2436 1283 2520 1330 est
2550 1277 2642 1345 qui
2692 1287 2848 1343 neget
2903 1277 3305 1333 confessionem
3345 1293 3435 1329 su-

1870 1365 2020 1418 blimi
2058 1380 2188 1420 voce
2215 1366 2284 1420 ab
2314 1366 2557 1421 Ecclesia
2582 1367 2950 1428 decantatam.
2990 1371 3103 1423 sive
3132 1369 3253 1422 lidei
3282 1368 3440 1436 Sy”;-

1870 1456 2094 1509 bofum?
2129 1457 2180 1510 in
2206 1473 2315 1526 quo
2371 1469 2557 1526 aperte
2602 1462 2924 1514 conlitemur
2964 1476 3125 1513 unam
3178 1470 3427 1515 Sanctam

1870 1545 2191 1600 catholicam
2235 1558 2289 1601 et
2327 1548 2678 1616 apostolicam
2730 1550 3065 1614 Ecclesiam,
3125 1552 3175 1603 in
3242 1566 3433 1603 omnes

1872 1645 2029 1693 terra:
2065 1649 2245 1708 partes
2284 1641 2719 1696 disseminatatn.
2780 1643 2928 1697 llanc
2977 1659 3136 1696 nemo
3188 1659 3427 1711 unquam

1872 1730 2071 1785 dixerit
2103 1747 2290 1797 unam,
2326 1733 2428 1786 nisi
2449 1743 2657 1787 caetera:
2678 1748 2869 1787 omnes
2903 1742 3160 1798 tauquam
3194 1736 3439 1788 membra

1870 1832 2280 1891 coagmentata,
2300 1826 2597 1879 secundum
2618 1827 2832 1879 beatum
2864 1825 3111 1891 Paulum,
3135 1842 3253 1879 eam
3278 1827 3440 1881 νεΙιω

1871 1927 2036 1987 caput
2096 1926 2419 1987 sequantur,
2447 1935 2567 1989 quae
2603 1920 2784 1973 omnia
2833 1921 2996 1974 simul
3050 1922 3235 1988 juncta
3271 1937 3440 1974 unum

1873 2011 2171 2065 caulieiuut
2217 2027 2451 2080 corpus;
2488 2022 2542 2068 et
2589 2023 2646 2067 ut
2678 2014 2977 2069 secundum
3024 2015 3275 2069 eumdem
3307 2031 3443 2085 apo~

1873 2104 2092 2169 stolum,
2127 2121 2233 2159 non
2291 2116 2465 2175 potest
2501 2122 2596 2177 pes
2630 2109 2713 2161 vel
2764 2124 2979 2171 manus,
3014 2110 3110 2164 'vcl
3143 2110 3287 2163 aliud
3321 2126 3445 2164 cov-

1875 2197 2023 2264 poris
2054 2198 2357 2252 membrum
2392 2200 2554 2267 capiti
2585 2200 2804 2255 dicere:
2844 2199 2961 2255 Non
2992 2216 3126 2270 Opus
3160 2203 3335 2257 habeo
3365 2214 3437 2265 te,

1877 2289 1948 2343 ita
1981 2303 2079 2343 nec
2107 2298 2317 2343 caetera:
2345 2290 2603 2346 Ecclesiae
2634 2291 2892 2345 Romamn
2931 2303 3161 2361 possunt
3186 2293 3443 2349 Ecclesia:

1874 2380 2058 2434 dicere
2088 2397 2101 2434 :
2142 2381 2257 2434 Non
2291 2382 2593 2452 indigemus
2627 2394 2696 2437 te.
2730 2382 2934 2438 Omnes
2964 2386 3034 2438 ab
3090 2386 3178 2437 illa
3205 2388 3445 2439 auctori-

1878 2484 2040 2526 tatetn
2098 2475 2339 2541 capiunt,
2398 2483 2451 2527 et
2502 2490 2691 2529 omnes
2757 2477 2824 2531 ab
2876 2477 2963 2530 illa
3020 2477 3419 2533 conﬁrmantur

1880 2563 2250 2619 Testabuutur
2306 2566 2356 2620 id
2414 2583 2603 2620 omnes
2651 2568 2935 2621 doctorum
2980 2570 3286 2639 scripturae.
3346 2569 3447 2624 Illa

1880 2675 2113 2726 namque
2133 2669 2185 2711 ut
2205 2669 2367 2726 caput
2384 2661 2563 2713 omnia
2590 2661 2827 2714 membra
2852 2676 3265 2730 recognosci-n3,
3298 2672 3352 2718 et
3372 2664 3419 2695 "
3437 2667 3455 2684 '

1880 2747 1947 2801 de
1978 2750 2232 2802 onntibus
2280 2765 2431 2816 :equu
2494 2750 2752 2816 sollicita,
2796 2761 2854 2803 ut
2909 2749 3054 2819 quod
3089 2750 3144 2805 in
3196 2766 3451 2821 suprema

1883 2840 2045 2894 situm
2080 2842 2148 2893 sit
2190 2853 2360 2907 parte,
2401 2851 2593 2894 niteret
2625 2842 2669 2895 si
2719 2844 3020 2897 membrum
3058 2845 3281 2913 aliquod
3338 2848 3455 2901 lau-

1884 2944 2041 3002 guvat
2064 2949 2364 3001 curamque
2406 2936 2548 2988 illius
2577 2936 2714 3003 gerit
2741 2946 2792 2989 et
2829 2939 2894 2990 ad
2921 2938 3213 2991 sanitatem
3253 2941 3454 3007 perdu-

1885 3027 1979 3085 cit,
2016 3036 2071 3077 ut
2112 3026 2313 3078 dictum
2350 3036 2450 3079 est.
2506 3027 2687 3095 lnquit
2730 3030 2873 3083 enim
2907 3038 2961 3082 et
2990 3042 3176 3100 aperte
3207 3033 3405 3088 clamat
3440 3052 3454 3089 :

205 3125 421 3194 κεφαλὴ
461 3123 803 3191 γινώσκουσα
834 3124 1013 3174 πάντα
1043 3122 1112 3173 τὰ
1144 3119 1279 3189 μέλη
1322 3122 1418 3172 καὶ
1461 3122 1779 3189 προμηθουη

1891 3136 1908 3167 ι
1950 3116 2084 3182 Quis
2115 3119 2443 3183 infirmatur,
2477 3131 2530 3173 et
2561 3136 2660 3188 ego
2687 3137 2794 3175 non
2827 3122 3111 3177 inﬁrmor?
3147 3125 3279 3191 Quis
3300 3142 3458 3183 scan-

210 3220 351 3288 μένη
407 3215 616 3269 τούτων
673 3218 747 3277 ὡς
808 3214 1325 3284 ὑπερανῳκισμένη,
1371 3213 1531 3281 ἀλγεῖ
1567 3214 1659 3266 ἐπὶ
1712 3218 1777 3283 τῇ

206 3312 468 3379 ἀσθενείᾳ
501 3309 698 3377 μέλους
728 3308 892 3370 τινὸς,
940 3308 1033 3359 καὶ
1074 3307 1434 3375 προμηθείται
1491 3306 1585 3357 καὶ
1619 3306 1782 3375 Θερα-

210 3397 370 3449 πεύει
405 3398 479 3458 ὡς
508 3397 859 3466 προείρηται·
893 3395 1036 3463 λέγει
1068 3396 1175 3465 γὰρ
1199 3398 1292 3447 καὶ
1323 3394 1621 3465 διαρρήδην
1646 3394 1747 3464 βοᾷ
1769 3409 1782 3423 ’

214 3510 235 3541 ι
273 3490 370 3550 Τίς
397 3490 630 3551 ἀσθενεῖ,
658 3491 753 3541 καὶ
781 3490 884 3542 οὐκ
931 3490 1181 3555 ἀσθενὼ;
1215 3490 1297 3552 τίς
1345 3488 1783 3551 σκανδαλίζεται,

208 3584 309 3638 καὶ
334 3586 432 3635 οὐκ
458 3583 569 3651 ἐγὼ
593 3581 933 3652 πυρούμαιμ
962 3583 1024 3635 El
1047 3583 1101 3636 δὲ
1123 3583 1283 3652 μέλος
1314 3583 1666 3653 τιάποτμηῢῇ
1694 3581 1786 3634 ἀπ’

210 3674 384 3727 αὑτοῦ
414 3673 509 3726 τοῦ
540 3673 811 3743 σώματος,
838 3674 1043 3744 σέσηπε
1080 3675 1173 3727 καὶ
1199 3674 1334 3737 ὄζει,
1364 3674 1626 3743 οὕμενουν
1660 3674 1789 3743 βλά-

208 3784 340 3819 πτει
356 3768 451 3836 τὴν
463 3766 726 3835 κεφαλὴν,
742 3767 1020 3834 ἀνωτέραν
1041 3768 1218 3819 πόνων
1238 3768 1331 3819 καὶ
1359 3768 1667 3835 ἀλγηδόνων
1694 3763 1786 3819 οὗ·

213 3878 341 3912 σαν.
375 3862 463 3911 Δεῖ
480 3859 534 3910 δὲ
558 3862 682 3921 τοὺς
706 3858 767 3910 τὸ
791 3857 1069 3927 Σῦμόολον
1094 3845 1514 3926 ὁμολογοῦντας,
1537 3861 1631 3912 καὶ
1662 3862 1789 3930 μίαν

210 3952 545 4021 Ἐκκλησίαν
574 3952 964 4020 κηρύττοντας,
991 3950 1278 4017 γινώσκειν
1306 3955 1383 4012 τίς
1410 3954 1558 4004 ἐστιν
1588 3952 1723 4021 αὓτη
1756 3956 1789 4021 ἡ

214 4044 320 4113 μία⁵
336 4043 463 4109 ἀγία
485 4040 742 4111 καθολικὴ
761 4042 855 4093 καὶ
873 4042 1201 4110 ἀποστολικη
1219 4058 1231 4070 ·
1259 4043 1415 4112 ἡγὰρ
1435 4043 1623 4112 δυτικὴ
1642 4045 1792 4095 ἐστιν

209 4139 247 4207 ἢ
287 4136 605 4204 ἀνατολικὴ,
632 4134 827 4187 ταυτὸν
858 4134 901 4185 δ’
931 4136 1080 4186 ἐστὶν
1104 4136 1296 4185 εἰπεῖν’
1335 4135 1365 4202 ἢ
1397 4137 1428 4202 ὴ
1455 4138 1725 4197 Λατίνων,
1757 4138 1789 4204 ἢ

209 4235 248 4300 ἠ
282 4229 533 4299 Γραικῶν
560 4244 572 4258 ·
607 4228 741 4298 ἀλλη
787 4230 896 4297 γὰρ
930 4226 1081 4296 παρὰ
1132 4226 1334 4291 ταύτας
1371 4233 1470 4281 οὑκ
1520 4230 1666 4281 ἔστιν
1692 4246 1703 4257 ·
1738 4231 1792 4281 αἱ

211 4329 332 4393 γὰρ
359 4323 515 4377 ἄλλαι
558 4322 710 4388 παρά
741 4320 945 4381 ταύτας
994 4321 1277 4390 θρησκεῖαι
1316 4325 1793 4389 παρασυναγωγαί

214 4421 353 4478 εἰσι,
406 4416 498 4466 καὶ
548 4413 777 4481 πλήρεις
832 4412 1119 4479 αἱρέσεων.
1158 4412 1487 4480 Ἀρίομησον
1551 4413 1793 4482 ἀκριϐῶς

209 4512 315 4563 καὶ
336 4512 432 4572 ἴδε,
454 4512 535 4561 ὃτι
558 4510 605 4559 εί
629 4510 725 4574 μὲν
744 4509 839 4577 τὴν
854 4506 960 4557 τῶν
982 4505 1229 4574 Γραικῶν
1249 4510 1445 4567 ἐννοεῖς
1465 4508 1795 4579 Ἐκκλησίαν

208 4601 364 4660 εἶναι
402 4604 629 4672 ταύτην,
669 4603 735 4669 ἣν
787 4600 848 4653 τὸ
892 4598 1168 4667 Σύμϐολον
1200 4599 1360 4664 ἀξιοῖ,
1403 4603 1479 4662 si;
1513 4604 1665 4657 οὐδὲν
1700 4609 1797 4675 τὴν

209 4697 518 4768 ὁμολογίαν
566 4693 660 4747 τοῦ
719 4694 930 4763 Πέτρου
976 4688 1411 4763 συγκλείειςοῆς
1442 4695 1607 4746 πύλαι
1668 4696 1795 4765 ᾅδου

209 4793 284 4843 οὑ
338 4788 689 4856 κατισχύσειν
732 4782 1098 4850 ἐπηγγείλατο
1138 4784 1164 4833 ὁ
1198 4784 1430 4850 Χριστὸς
1456 4800 1469 4813 ·
1508 4788 1655 4837 πᾶσα
1692 4788 1798 4855 γάρ

211 4888 256 4954 ἡ
293 4884 407 4934 τῶν
458 4879 711 4950 Γραικῶν
772 4874 1088 4947 Ἐκκλησία,
1125 4876 1325 4945 μᾶλλον
1368 4877 1424 4929 δὲ
1473 4880 1505 4946 ἠ
1543 4880 1799 4944 ’Δνατολὴ

214 4978 404 5036 στᾶσα,
436 4967 719 5036 κατεπόθη
748 4965 851 5019 ὑπὸ
878 4964 972 5018 τοῦ
1010 4964 1276 5034 Μωαμεθ,
1304 4964 1335 5033 ἢ
1360 4965 1459 5033 οὐχ
1482 4964 1697 5034 ὁρῶμεν
1717 4966 1799 5018 ὃτι

211 5066 431 5126 πάντες
466 5064 557 5117 καὶ
602 5059 960 5127 πατριάρχαι,
999 5060 1091 5109 καὶ
1137 5056 1426 5109 ἐπίσκοποι
1472 5058 1567 5110 καὶ
1612 5059 1799 5124 ἱερεῖς,

209 5160 336 5212 ὑπὸ
361 5156 457 5225 τὴν
497 5154 745 5217 ἐξουσίαν
783 5150 876 5202 τοῦ
927 5148 1165 5216 Μωάιμεθ
1215 5150 1346 5210 εἰσὶ,
1384 5147 1474 5199 καὶ
1508 5147 1596 5199 ὑπ’
1634 5147 1800 5200 αὐτοῦ

208 5250 568 5321 λαμϐάνουσι
619 5243 717 5311 τὴν
765 5242 1013 5307 ἐξουσίαν
1066 5242 1159 5310 τῆς
1212 5240 1670 5310 ἀρχιερωσύνης;
1706 5244 1804 5295 ,αἱ

204 5346 319 5400 τὸν
354 5342 489 5395 ποῦν
524 5337 688 5393 αὑτοῦ
715 5334 1176 5399 κατασπάζονται,
1212 5335 1305 5386 καὶ
1334 5335 1475 5404 ὑπὲρ
1508 5334 1672 5387 αὑτοῦ
1706 5337 1798 5388 καὶ

211 5439 309 5512 μὴ
336 5432 652 5506 βουλόμενοι
678 5429 946 5497 εὔχονται.
980 5425 1087 5477 Ποῦ
1134 5425 1239 5494 ἄρα
1285 5424 1489 5493 θήσεις,
1520 5428 1597 5490 τὸ,
1631 5427 1801 5481 Πύλας

207 5532 381 5604 ᾅδου,
406 5527 685 5579 τουτέστιν
707 5521 995 5589 αἱρετικῶν
1020 5521 1285 5586 στόματα,
1316 5520 1377 5570 ού
1406 5520 1798 5588 κατισχύσουσι

204 5625 326 5694 τῆς
362 5619 456 5674 τοῦ
516 5616 751 5687 Χριστοῦ
780 5613 1141 5681 Ἐκκλησία,;;
1189 5610 1335 5662 Ἑκεί
1376 5609 1499 5662 ἔνθα
1530 5613 1587 5663 οὺ
1640 5614 1799 5681 μὸνον

300 5801 383 5832 ⁸⁸·
416 5798 434 5852 ι
464 5797 590 5852 Cor.
612 5810 707 5855 xu,
750 5790 936 5845 12-22.
1017 5792 1052 5820 τ’
1095 5790 1261 5843 lCor.
1292 5810 1364 5855 xi,
1392 5790 1482 5845 99.

557 5891 826 5951 PATKUL.
865 5890 979 5947 C-n.
1026 5890 1087 5947 L‘i
1121 5888 1227 5946 lii.

1890 3210 2175 3273 daiizatur,
2211 3220 2264 3264 et
2293 3226 2392 3280 ego
2426 3228 2529 3264 non
2568 3228 2693 3265 uror
2717 3215 2806 3265 “1’
2832 3235 2863 3266 φ
2900 3214 2954 3269 Si
2982 3232 3109 3270 vero
3153 3220 3455 3274 membrum

1889 3302 2104 3371 aliquod
2143 3303 2519 3365 abscindatur.
2578 3308 2941 3361 marcescitet
2980 3309 3123 3362 male
3173 3313 3323 3377 olet;
3362 3319 3455 3367 sed

1892 3407 2051 3461 caput
2081 3394 2245 3463 (quod
2305 3396 2507 3461 alioqui
2546 3412 2646 3451 nec
2682 3399 2961 3454 laboribus
2994 3417 3091 3455 nec
3120 3404 3454 3458 cruciatibus

1891 3486 2055 3554 cedit)
2090 3487 2311 3541 minime
2346 3488 2507 3542 laedit.
2546 3488 2771 3557 Oportet
2800 3501 2979 3553 autem
3007 3494 3101 3561 qui
3130 3494 3447 3563 Symbolum

1892 3578 2240 3643 conﬁtentur,
2277 3591 2329 3632 et
2367 3595 2525 3633 unam
2573 3581 2875 3635 Ecclesiam
2941 3586 3259 3652 praedicant,
3298 3604 3461 3642 nosse

1892 3671 2197 3737 qualisnam
2245 3688 2306 3725 ea
2334 3673 2424 3732 sit,
2460 3689 2587 3736 una,
2622 3684 2805 3729 sancta
2845 3685 2898 3730 et
2928 3680 3224 3746 apostolica
3282 3680 3466 3735 Eccle-

1894 3766 1994 3816 sia.
2058 3763 2129 3816 Ea
2162 3775 2245 3818 est
2279 3775 2373 3817 aut
2402 3766 2768 3821 Occidentalis
2811 3780 2905 3822 aut
2940 3770 3257 3835 Orientalis.
3310 3778 3459 3845 ψιυά

1895 3855 2035 3908 idem
2065 3867 2148 3910 est
2180 3872 2242 3911 ac
2275 3858 2320 3911 si
2356 3860 2505 3913 dicas
2534 3859 2725 3913 Latina
2756 3862 2838 3915 vel
2884 3862 3106 3929 Grscei;
3141 3866 3245 3919 alia
3312 3885 3467 3922 nam—

1894 3964 2000 4015 que
2040 3957 2233 4015 praetcr
2269 3949 2364 4003 bas
2408 3966 2517 4004 non
2564 3952 2859 4020 reperietur
2891 3972 2905 4007 :
2932 3956 3051 4008 alia:
3080 3959 3219 4010 enim
3268 3973 3463 4029 prater

1898 4040 1994 4092 has
2022 4042 2435 4105 superstitiones
2472 4055 2620 4108 sunt,
2654 4045 2801 4098 falsae
2832 4062 3117 4115 synagoga;
3143 4061 3195 4103 et
3228 4052 3455 4105 lueresi-

1900 4132 1998 4185 bus
2031 4131 2261 4185 refertae.
2298 4130 2568 4187 Enumera
2607 4135 2896 4203 diligenter
2951 4150 3005 4191 et
3048 4140 3186 4193 vide.
3223 4139 3376 4205 Quod
3418 4146 3463 4196 si

1900 4222 2213 4275 Grmcorum
2264 4224 2547 4278 arbitraris
2601 4223 2899 4280 Ecclesiam
2933 4243 3054 4283 esse
3107 4233 3245 4285 hanc
3303 4251 3466 4299 quam

1902 4311 2224 4381 Symbolum
2254 4314 2535 4380 designat,
2595 4316 2648 4368 itt
2706 4318 2938 4371 nihilum
2969 4318 3112 4373 Petri
3170 4324 3473 4378 confessio-

1906 4421 2025 4458 nem
2069 4407 2373 4470 concludis,
2416 4408 2678 4463 adversus
2710 4426 2869 4477 quam
2923 4393 3111 4480 partas
3151 4416 3311 4471 inferi
3362 4437 3468 4473 nun

1907 4499 2281 4566 prmralituras
2323 4500 2602 4569 professus
2631 4514 2714 4557 est
2768 4503 3054 4573 Christus;
3116 4524 3237 4561 nam
3290 4514 3471 4565 omnis

1901 4592 2213 4644 Grarcorum
2267 4593 2534 4655 Ecclesia.
2589 4594 2699 4648 imo
2732 4611 2858 4650 vero
2888 4607 3033 4651 totus
3068 4600 3262 4657 Oriens
3290 4617 3317 4655 a
3349 4606 3469 4658 Ma-

1905 4683 2119 4736 homete
2149 4683 2439 4753 absorptus
2472 4693 2576 4738 est.
2618 4684 2808 4741 Nonne
2863 4690 3113 4745 videmus
3151 4708 3343 4748 omnes
3376 4714 3461 4762 pa-

1905 4777 2173 4832 triarcltas
2203 4790 2362 4846 atque
2403 4780 2688 4849 episcopos
2727 4796 2790 4836 ac
2812 4785 3121 4838 sacerdotes
3155 4786 3206 4838 in
3232 4798 3471 4854 potesta-

1910 4878 2015 4922 tem
2052 4869 2267 4923 venisse
2294 4869 2617 4926 Mahometis
2648 4880 2702 4926 et
2728 4874 2798 4926 ab
2838 4887 2901 4925 eo
2934 4884 3116 4941 petere
3175 4883 3470 4931 sacerdotii

1906 4958 2329 5014 facultatem?et
2362 4961 2588 5027 pedibus
2624 4963 2745 5031 ejus
2768 4963 3154 5028 advolvuntur,
3188 4977 3241 5020 et
3285 4984 3381 5034 pro
3404 4984 3469 5020 eo

1905 5050 2072 5103 etiam
2110 5052 2261 5104 inviti
2288 5052 2686 5121 deprecantur?
2716 5053 2772 5108 In
2823 5070 2933 5124 quo
2977 5058 3094 5109 loco
3137 5060 3472 5121 collocabis;

1908 5157 2073 5209 perire
2137 5144 2314 5207 inferi,
2381 5145 2433 5197 id
2493 5156 2575 5200 ext
2630 5148 3159 5211 hmretieorum,ora
3208 5149 3472 5208 adversus

1906 5234 2110 5290 Christi
2130 5237 2427 5289 Ecclesiam
2455 5254 2559 5290 non
2583 5240 2943 5307 praevalebunt
2961 5238 2983 5289 ?
3001 5238 3075 5293 Eo
3096 5241 3229 5299 loco.
3252 5244 3343 5295 ubi
3368 5259 3473 5293 non

1909 5330 2083 5382 solum
2114 5344 2209 5383 ora
2252 5329 2632 5386 hereticorum
2662 5330 3012 5384 dominantur
3056 5331 3153 5391 illi,
3188 5334 3279 5384 sed
3307 5341 3471 5386 etiam

1911 5422 2059 5489 impii
2078 5435 2127 5475 ct
2156 5424 2468 5491 alienigena:
2490 5422 2774 5490 imperium
2800 5423 3022 5475 tenent?
3045 5438 3107 5475 eo
3126 5424 3244 5475 loco
3269 5422 3354 5473 ubi
3379 5438 3478 5475 nec

1913 5518 2218 5572 saetiiieare
2253 5531 2368 5569 tuto
2396 5519 2590 5584 possis,
2620 5532 2718 5569 nec
2746 5516 2978 5577 uola,vcl
3023 5516 3472 5574 tintinnabulum,

1916 5630 2011 5666 nec
2039 5616 2216 5667 crucis
2240 5615 2449 5682 signum
2474 5611 2737 5681 apparet?
2762 5627 2827 5665 co
2852 5612 2992 5673 loco,
3020 5609 3110 5663 ubi
3132 5608 3475 5662 netnolibere

3054 5879 3129 5943 43
