4156 6420
224 368 355 429 i357

860 366 1017 429 PRO
1048 373 1259 433 CONC.
1310 374 1677 433 FLUiiENT.
1725 378 1763 430 (1

1881 426 1882 430 η
1930 378 1991 434 '\".
2030 376 2131 435 UE
2178 379 2530 443 l‘illMA'l'U
2571 386 2801 447 ΡΑΡᾸΞ.

223 480 397 530 Κάκεῖ
426 478 525 547 μὲν
662 484 867 544 πίστις.
900 484 1152 554 ἀρραγὴς
1208 484 1300 536 καὶ
1346 487 1676 552 ἀκλόνητος·
1716 484 1949 536 ἐνταῦθα
2041 488 2094 538 δὲ

3336 395 3472 457 1358

2181 491 2257 553 ὡς
2318 494 2487 561 ἔοικε,
2540 498 2915 560 πλεονάζουσα
2977 502 3008 569 ἡ
3063 506 3293 559 ἀπιστία
3382 513 3474 561 καὶ

218 570 439 637 ἀνομία.
492 592 507 622 ι
562 574 728 644 ’ωρᾷς
780 576 859 626 ὅτι
897 578 990 627 καὶ
1043 579 1070 627 ὁ
1132 577 1404 644 μακάριος
1473 574 1630 638 οὗτος
1690 576 1808 627 ἐκεῖ
1874 578 1974 644 τὴν
2030 582 2248 653 ἀρραγῆ
2279 586 2462 638 πίστιν
2491 590 2744 659 ὁμολογεῖ
2773 590 2933 659 εἶναι,
2969 597 3063 648 καὶ
3092 599 3152 649 οὑ
3183 600 3255 668 τῷ
3284 603 3473 673 [Ιέτρῳ

222 666 387 735 μόνῳ,
420 666 552 717 ἀλλᾶ
591 669 825 730 καὶτοῖς
875 669 1139 738 διαδόχοις
1183 670 1371 724 αὑτοῦ.
1436 668 1621 722 Ταῦτα
1688 668 1788 736 μὲν
1829 669 2065 735 ὁρῶντές
2106 691 2163 726 τε
2216 678 2309 730 καὶ
2340 680 2653 747 ἀκούοντες,
2692 687 2827 755 πρὸς
2895 689 2929 742 ἃ
2977 691 3088 743 οὐδ’
3154 694 3474 763 ἀντιϐλέψαι

217 762 467 828 δύνασθε,
502 766 575 826 ὡς
608 764 669 818 τὸ
703 767 956 835 λαμπρῦν
1009 769 1102 819 καὶ
1162 769 1475 836 ἀστράπτον
1502 768 1601 836 τῆς
1654 762 1916 832 ἀληθείας
1969 767 2084 834 (pf-3;
2156 773 2305 841 ὄντα,
2380 781 2515 848 πρὸς
2580 782 2695 834 ὂοὺ
2755 786 2911 853 Θέμις
2965 790 3143 844 εἰπεῖν
3203 779 3477 863 καταφεύ-

216 874 342 927 Ἷιτε
366 875 379 889 ο
410 858 493 910 ὅτι
522 860 844 929 ἁμαρτωλός
873 865 1021 915 ἐστιν
1047 864 1073 914 ὁ
1098 862 1197 931 τῆς
1230 862 1447 932 Ῥώμης
1470 864 1784 933 ἀρχιερεὺς,
1827 863 1922 913 καὶ
1974 867 2185 935 ἡδοναῖς
2221 871 2462 926 δουλεύει
2504 878 2813 945 σαρκίναις,
2870 886 2963 934 καὶ
3046 885 3135 937 διὰ
3186 858 3371 940 τοῦτο-
3414 894 3472 943 οὑ

216 952 447 1005 θέλομεν
475 954 784 1022 εὐλάϐειαν,
819 960 914 1010 καὶ
965 958 1099 1011 αίδὼ
1150 960 1248 1029 τὴν
1300 964 1622 1029 πρέπουσαν
1645 953 1958 1013 ἀποδοῦναι.

950 1056 1046 1109 ΙΒ’.

286 1143 455 1195 Τοῦτο
502 1146 611 1211 γὰρ
660 1146 708 1197 εἰ
743 1147 836 1198 καὶ
866 1147 1175 1213 φθάσαντες
1223 1150 1634 1218 ἀπεκρίῡημεν,
1668 1150 1785 1201 ἁλλ’

212 1234 305 1286 οὑν
334 1236 493 1287 πάλιν
526 1238 856 1309 τελεώτερον
887 1243 1024 1310 πρὸς
1062 1242 1206 1311 ὑμᾶς
1235 1242 1510 1312 λέγοιμεν,
1544 1245 1627 1296 ὅτι
1649 1242 1783 1312 ψεύ‹

209 1328 367 1381 δεσθε
391 1331 723 1402 διαρρήδην·
764 1335 823 1386 οὑ
866 1336 972 1403 γάρ
1006 1336 1093 1389 διὰ
1138 1339 1197 1389 τὸ
1230 1335 1371 1391 εῖναι
1406 1339 1567 1390 αὑτὸν
1604 1340 1785 1407 ἁμαρο

210 1421 381 1473 τωλδν
436 1424 495 1475 οὑ
538 1424 720 1479 θέλετε
775 1427 1077 1481 ὑπακούειν
1111 1430 1329 1499 ἐκείνῳ,
1388 1431 1523 1484 ἀλλά
1583 1433 1673 1485 δ.ἀ
1726 1432 1784 1484 τὸ

210 1512 352 1567 εἶναι
378 1517 630 1581 Λατῖνον,
685 1522 781 1573 καὶ
818 1521 907 1574 διὰ
939 1525 999 1575 τὸ
1028 1523 1236 1593 κείρειν
1277 1525 1367 1577 τὸν
1402 1525 1641 1592 πώγωνα
1668 1541 1682 1554 ο
1740 1526 1788 1576 εἰ

208 1608 321 1676 γὰρ
363 1609 621 1676 ἐφεύγετε
665 1612 875 1665 ἐκεῖνον
922 1614 1009 1667 διὰ
1053 1617 1153 1685 τὴν
1183 1616 1481 1685 ἁμαρτίαν,
1520 1615 1784 1683 ἐφεύγετε

209 1699 278 1752 ἂν
313 1702 452 1767 ὑμᾶς
486 1702 704 1767 αὐτοὺς,
739 1706 1099 1773 ἁμαρτωλοὺς
1156 1706 1335 1768 ὄντας.
1373 1710 1495 1772 HL;
1528 1706 1623 1761 οὖν
1649 1712 1790 1761 ἐκεῖ-

205 1808 300 1844 νον
334 1794 511 1847 οἴδατε
543 1796 773 1864 κρίνειν,
813 1800 940 1862 τοὺς
975 1800 1032 1853 δὲ
1073 1801 1375 1873 ὑμετέρους
1424 1804 1483 1855 οὑ
1521 1805 1736 1874 κρίνετε
1766 1822 1781 1872 ;

208 1885 420 1946 Πάντες
444 1888 492 1939 οἱ
510 1887 607 1955 τῆς
643 1889 934 1961 ’ἀνατολῆς
963 1894 1244 1963 ἀρχιερεῖς
1268 1896 1405 1948 εἰσιν
1420 1897 1591 1963 ἆγιοι;
1618 1898 1787 1950 Τοῦτο

206 1976 311 2028 οὑκ
349 1977 498 2046 ἔχετε
535 1979 724 2044 δεῖξαι.
773 1985 983 2036 Οὐκοῦν
1021 1987 1119 2055 οὑχ
1177 1988 1253 2048 ὡς
1291 1987 1616 2055 ἁμαρτωλὸν
1651 1990 1785 2057 φεύ-

205 2083 356 2134 γετε,
398 2072 480 2124 ὅτι.
527 2074 637 2125 οὐδ’
687 2074 843 2144 ὑμεῖς
875 2076 1261 2148 ἀναμάρτητοι
1317 2085 1638 2153 τυγχάνετε,
1668 2083 1783 2135 ἀλλ’

202 2162 284 2213 ὅτι
314 2163 425 2215 ἐστὶ
458 2164 708 2233 Λατῖνος,
739 2171 833 2223 καὶ
861 2168 932 2233 ὡς
957 2172 1263 2241 ὲτερόδοξον
1293 2175 1445 2245 ἔχετε
1474 2192 1486 2205 ·
1522 2178 1648 2241 τοὺς
1674 2179 1782 2244 γάρ

206 2256 474 2319 Λατίνους
494 2257 652 2327 ὑμεῖς
692 2258 766 2323 ὡς
792 2261 1105 2333 ἀλλοτρίους
1129 2269 1228 2335 τῆς
1252 2267 1487 2329 πίστεως
1520 2270 1742 2337 ἡγεῖσθε
1768 2288 1781 2301 ’

202 2351 299 2401 καὶ
326 2352 549 2418 φεύγειν
598 2353 698 2406 ἀπ’
741 2356 922 2409 αὐτῶν
977 2359 1050 2419 ὡς
1084 2359 1196 2411 ἀπὸ
1230 2360 1524 2431 προσώπου
1577 2363 1777 2429 ὅψεως.

201 2446 329 2506 τοὺς
357 2445 763 2515 ἁπλουστέρους
790 2451 1095 2507 διδάσκετε.
1133 2455 1241 2508 Καὶ
1297 2455 1456 2509 τοῦτο
1491 2458 1650 2526 δῆλον
1677 2475 1692 2489 ο
1733 2450 1780 2512 εἴ

202 2537 313 2605 γάρ
346 2555 429 2599 τις
483 2540 732 2593 Λατίνων
782 2546 1031 2611 φαίνεται
1082 2548 1257 2613 ἅγιος,
1318 2552 1379 2601 οὑ
1437 2550 1619 2604 Θέλετε
1676 2554 1782 2604 xiv

202 2629 397 2684 τοῦτον
437 2634 882 2703 προσαγορεῦσαι
912 2654 926 2667 ·
960 2639 1095 2690 ἀλλὰ
1153 2642 1357 2708 μᾶλλον
1388 2644 1483 2697 καὶ
1535 2643 1782 2713 βλασφη-

211 2725 367 2789 μεῖτε
388 2740 403 2754 ·
445 2726 656 2789 meast
698 2727 991 2797 Γραικοὺς,
1017 2735 1064 2783 εἰ
1098 2734 1192 2785 καὶ
1242 2735 1636 2802 ἀσελγέστατοι
1672 2735 1781 2790 εἷεν

210 2816 309 2867 καὶ
357 2818 684 2885 μωρότατοι,
740 2823 901 2890 μόνον
956 2827 1005 2877 εί
1061 2826 1272 2892 λέγοιεν
1312 2832 1455 2881 κατὰ
1509 2832 1779 2897 Λατίνων,

199 2908 364 2977 ἔχετε
394 2909 590 2973 αὑτοὺς
628 2913 966 2983 ἁγιωτέρους
1014 2918 1231 2970 πάντων
1254 2934 1268 2949 ⁸
1302 2920 1493 2992 ὥσπερ
1550 2923 1779 2985 πολλοὺς

205 3001 307 3068 μὲν
343 3006 436 3055 καὶ
462 3004 675 3069 ἄλλους,
712 3009 806 3060 καὶ
837 3008 927 3060 τὸν
974 3010 1313 3078 καλούμενον
1353 3015 1643 3083 Παλαμᾶν,
1683 3021 1778 3069 καὶ

199 3094 296 3144 τὸν
341 3094 563 3161 Ἐφέσου
588 3098 816 3166 Μάρκον
840 3116 854 3132 ·
879 3102 1202 3172 ἀνθρώπους
1231 3103 1344 3156 οὑτ⁹
1371 3106 1548 3169 ἄλλως
1579 3112 1779 3178 φρενῆ-

205 3206 344 3256 ρεις,
382 3190 517 3243 ἀλλὰ
568 3193 660 3244 καὶ
692 3192 1008 3263 δοξοσοφίας
1042 3198 1543 3266 ὲμπεπλησμὲνους
1566 3220 1578 3231 ·
1615 3204 1776 3271 μηδεο

204 3282 338 3347 μίαν
373 3284 572 3352 ἀρετὴν
603 3283 633 3355 ἢ
660 3284 973 3357 ἁγιωσύνην
998 3291 1057 3342 ιν
1087 3291 1302 3353 ἑαυτοῖς
1332 3292 1577 3362 ἔχοντας,
1613 3296 1777 3364 μόνον

202 3376 296 3428 διὰ
325 3377 384 3429 τὸ
412 3377 592 3445 λέγειν
627 3381 721 3432 καὶ
765 3382 1105 3452 συγγράφειν
1158 3387 1300 3439 κατά
1326 3386 1594 3452 Λατίνιον,
1621 3390 1777 3453 δοξά-

201 3468 328 3531 ζετε
359 3471 453 3522 καὶ
509 3471 750 3537 ὑμνεῖτε,
786 3475 878 3526 καὶ
915 3477 1130 3537 εἰκόνας
1183 3479 1511 3549 ἐγκοσμεῖτε
1569 3484 1774 3547 αὑτοῖς,

199 3559 301 3611 καὶ
356 3561 845 3628 πανηγυρίζοντες,
888 3567 1144 3636 στέργετε
1196 3572 1395 3633 αὑτοὺς
1446 3573 1521 3635 ώς
1581 3575 1774 3642 ἁγίους

201 3651 301 3702 καὶ
329 3656 683 3719 προσκυνεῖτε
710 3671 724 3687 ·
759 3656 881 3715 τοὺς
914 3658 971 3711 δὲ
1001 3661 1284 3727 Λατίνους,
1316 3666 1363 3716 εί
1395 3664 1490 3719 καὶ
1520 3666 1774 3733 φθάσασα

2621 1070 2735 1127 XII.

1966 1148 2040 1204 Ac
2070 1159 2284 1210 tametsi
2336 1159 2420 1213 his
2444 1176 2505 1214 ιιι
2539 1165 2973 1231 praecedentibus
3004 1171 3470 1238 responderimus.

1893 1244 2135 1300 exactius
2161 1262 2353 1305 rursus
2387 1254 2538 1307 vobis
2577 1256 2810 1313 dicimus
2834 1262 2978 1330 quod
3029 1272 3216 1331 aperte
3244 1265 3470 1318 menda-

1892 1350 1985 1391 ces
2013 1339 2169 1395 estis.
2222 1341 2358 1398 Nam
2409 1362 2516 1401 non
2567 1350 2693 1418 quia
2728 1363 2984 1421 peccator
3018 1365 3101 1411 est
3134 1357 3385 1427 refugitis
3420 1359 3468 1411 ei

1892 1431 2136 1494 obedire.
2164 1436 2258 1489 sed
2290 1439 2415 1507 quia
2438 1441 2666 1500 Latinus
2689 1457 2789 1514 est,
2830 1458 2884 1503 et
2911 1450 3136 1505 barbam
3179 1453 3379 1506 tondet.
3411 1453 3465 1507 Si

1891 1523 2036 1577 enim
2096 1525 2246 1581 illum
2301 1532 2545 1590 vitaretis
2598 1551 2815 1607 propter
2866 1554 3173 1610 peccatum,
3231 1559 3468 1600 vosmet-

1886 1614 2039 1683 ipsos
2099 1617 2366 1687 vitaretis,
2428 1626 2556 1693 quia
2604 1630 2739 1684 estis
2786 1643 3121 1698 peccatores.
3176 1636 3464 1699 Quomodo

1887 1719 2019 1774 ergo
2041 1709 2215 1763 nostis
2241 1726 2363 1765 eum
2388 1714 2657 1784 judicare,
2693 1732 2905 1778 vestros
2939 1740 3063 1777 vero
3099 1739 3205 1780 non
3251 1727 3464 1795 judica-

1892 1799 1999 1854 tis?
2032 1802 2302 1859 Otum-sne
2359 1806 2599 1866 Orientis
2631 1814 2947 1870 sacerdotes
2975 1818 3150 1871 sancti
3176 1820 3467 1875 sunt?Vos

1891 1894 1995 1948 hoc
2053 1912 2162 1952 non
2218 1903 2446 1966 potestis
2503 1905 2901 1962 demonstrare.
2963 1907 3078 1963 Non
3121 1926 3251 1977 ergo
3310 1912 3460 1965 illum

1891 1994 2145 2056 tanquam
2199 2002 2538 2059 peccatorent
2588 1996 2861 2064 (levitatis,
2909 2001 3032 2065 quia
3082 2016 3181 2055 nec
3214 2016 3309 2055 vos
3346 2001 3463 2056 sine

1890 2086 2110 2144 peccato
2138 2083 2287 2145 estis,
2325 2085 2419 2138 sed
2463 2087 2587 2153 quia
2618 2086 2846 2144 Latinus
2896 2101 2949 2145 et
3000 2094 3068 2146 ab
3097 2093 3459 2163 Opinionibus

1888 2171 2083 2226 vestris
2137 2176 2363 2229 evariat.
2423 2175 2528 2233 Vos
2588 2194 2822 2248 namque
2878 2180 3387 2253 Latinostnnquam
3430 2203 3458 2240 a

1887 2259 1990 2315 [ide
2018 2262 2227 2319 alienos
2258 2267 2603 2333 existimatis,
2626 2280 2678 2323 et
2709 2276 2776 2325 ab
2806 2274 2885 2326 eis
2920 2274 3168 2342 refugere
3194 2286 3452 2345 tanquam

1890 2367 1921 2406 a
1953 2352 2091 2407 facie
2136 2367 2446 2426 serpentum
2480 2361 2843 2430 simpliciores
2866 2365 3115 2421 ,edocctis
3148 2383 3163 2435 ;
3196 2368 3360 2435 idque
3393 2370 3457 2421 li-

1889 2445 2053 2512 quido
2075 2457 2241 2514 patet.
2282 2450 2359 2504 Ac
2390 2451 2433 2505 si
2465 2454 2587 2521 quis
2615 2469 2681 2509 ex
2730 2455 2938 2511 Latinis
2964 2458 3178 2513 videtur
3209 2472 3453 2528 sanctus,

1888 2553 1982 2591 vos
2006 2539 2157 2593 hunc
2198 2545 2441 2597 salutare
2491 2561 2599 2599 non
2626 2548 2806 2615 vultis,
2841 2551 2955 2604 imo
2998 2567 3125 2606 vero
3168 2555 3452 2609 malelicta

1886 2630 2152 2700 ingeritis.
2200 2634 2419 2690 Graacos
2443 2640 2694 2706 quamvis
2727 2640 3188 2708 ﬂagitiosissimos
3228 2660 3284 2702 et
3323 2652 3456 2703 stul-

1885 2723 2151 2787 tissimos,
2179 2726 2225 2778 si
2284 2728 2459 2780 solum
2510 2728 2773 2785 adversus
2818 2733 3041 2789 Latinos
3093 2737 3297 2803 dicant,
3337 2755 3455 2793 om-

1879 2816 2034 2868 nium
2072 2818 2453 2875 sanctissimos
2477 2822 2821 2878 arbitramini
2856 2843 2869 2878 :
2895 2826 3038 2881 inter
3061 2828 3200 2883 alios
3227 2831 3449 2898 quidem

1883 2909 2083 2965 multos
2113 2914 2421 2980 quemdam,
2464 2921 2554 2984 qut
2601 2929 2821 2972 vocatur
2852 2916 3128 2987 Palamas,
3158 2932 3212 2978 et
3254 2925 3451 2993 Ephesi

1883 3003 2147 3070 Marcum,
2183 3007 2456 3061 hominem
2484 3024 2583 3063 nec
2608 3013 2739 3065 satis
2766 3015 2964 3068 mentis
2996 3029 3324 3084 compotem,
3354 3024 3446 3075 sed

1879 3098 2148 3151 tumidum
2191 3102 2469 3168 sapientia:
2494 3110 2910 3169 ostentatorem,
2960 3109 3107 3163 nulla
3140 3112 3339 3168 virtute
3366 3117 3446 3169 vel

1879 3189 2171 3243 sanctitate
2193 3192 2477 3254 subnixos,
2510 3194 2637 3263 quia
2672 3195 2971 3265 loquuntur
3008 3201 3183 3254 solum
3215 3213 3270 3257 et
3311 3208 3441 3259 scri-

1882 3280 2021 3334 bunt
2062 3292 2255 3334 contra
2290 3280 2533 3348 Latinos,
2598 3287 2861 3340 extollitis
2895 3299 2951 3341 et
3000 3291 3308 3357 celebratis,
3360 3311 3449 3349 eo-

1880 3388 2112 3442 rumque
2178 3373 2438 3441 imagines
2496 3378 2810 3439 exornatis.
2866 3378 3179 3449 festumque
3225 3395 3447 3453 agentes

1881 3464 2023 3518 diem
2079 3466 2257 3521 colitis
2318 3483 2381 3521 ac
2418 3468 2580 3523 veluti
2634 3482 2855 3526 sanctos
2893 3476 3159 3541 adoratis,
3218 3476 3447 3535 Latinos

1879 3573 2007 3612 vero
2029 3560 2280 3627 quamvis
2312 3558 2633 3629 jampridem
2665 3564 2903 3619 Ecclesia
2959 3582 3055 3634 pro
3086 3571 3289 3625 sanctis
3351 3588 3449 3626 co-

1882 3652 2067 3706 lendos
2096 3653 2327 3719 duxerit,
2364 3669 2459 3709 vos
2508 3655 2847 3712 incessanter
2882 3660 3303 3730 blasphematis.
3364 3665 3442 3720 ita

197 3744 393 3809 ἁγίους
430 3745 461 3812 ἡ
499 3744 794 3815 Ἐκκλησία
828 3750 1100 3817 ἐδόξασεν,
1134 3755 1291 3823 ὑμεῖς
1331 3758 1565 3825 ἀφειδῶς
1602 3760 1768 3828 βλασ-

1881 3754 1929 3801 et
1961 3748 2029 3800 de
2080 3761 2295 3801 summo
2326 3748 2581 3816 ponititiee
2607 3748 2789 3805 facitis
2822 3770 2835 3804 :
2866 3769 2989 3807 nam
3032 3755 3184 3809 ίΙΙιιιιι
3217 3759 3445 3812 υιιιιιίηο

201 3840 462 3906 φημεῖτε.
496 3839 654 3893 Οὕτω
679 3845 773 3894 καὶ
806 3845 935 3914 περὶ
980 3845 1074 3899 τοῦ
1109 3848 1282 3919 ἄκρου
1315 3853 1617 3923 ἀρχιερέως
1652 3875 1775 3909 recto

198 3932 317 3981 εῖτε
346 3948 359 3960 ο
400 3932 457 3982 οὑ
514 3933 620 4003 γάρ
670 3933 824 4002 ἔχετε
856 3938 1018 3989 αὑτὸν
1049 3940 1186 4001 ὅλως
1213 3942 1559 4010 Χριστιανὸν,
1593 3948 1681 4001 διὰ
1714 3952 1774 4002 τὸ

196 4018 345 4075 ε’νχι
375 4025 602 4076 Λατῖνον
632 4043 643 4055 ·
681 4025 842 4079 τοῦτο
872 4030 977 4099 γάρ
1014 4030 1106 4084 ὑπ’
1134 4032 1321 4086 ὀδόντα
1351 4037 1576 4101 τρύξετε
1608 4038 1775 4107 βλασ-

205 4115 538 4181 φημοῦντες.
579 4117 689 4169 Καὶ
739 4118 1049 4185 αἰδούμενοι
1105 4123 1195 4174 τὸν
1250 4126 1359 4178 τῶν
1418 4131 1768 4194 κρατούντων

202 4207 393 4273 φὸὕον,
428 4210 561 4276 πρδς
592 4209 650 4260 τὸ
679 4209 807 4261 ἄλλο
838 4214 1212 4281 καταφεύγετε
1248 4216 1323 4279 ὠς
1353 4218 1601 4290 ἀράχνης
1638 4224 1774 4278 ἀπο-

199 4300 480 4366 σκίασμαο
509 4300 758 4367 λέγοντες
791 4302 956 4355 αὑτὸν
990 4306 1340 4375 ἁμαρτωλὸν,
1380 4316 1475 4363 καὶ
1510 4315 1579 4367 τὰ
1609 4317 1772 4371 λοιπά

190 4394 587 4461 λοιδοροῦντες.
632 4396 826 4466 Ὀράτε
891 4399 965 4468 μὴ
1022 4402 1296 4470 ἀκούσητε
1336 4406 1418 4469 τὸ,
1460 4425 1476 4457 ι
1526 4408 1586 4460 Ὀ
1638 4411 1772 4465 ἁνα-

196 4486 480 4553 μάρτητος
505 4487 565 4550 ἐξ
596 4488 779 4553 ὑμῶν,
813 4488 962 4543 λίθον
989 4492 1207 4559 πρῶτος
1231 4493 1475 4563 βαλλέτω
1496 4515 1544 4551 ἰ
1578 4502 1767 4571 ἤγουν,

183 4579 225 4627 ὸ
263 4576 338 4643 μὴ
367 4579 596 4646 ποιήσας
622 4580 924 4649 ἁμαρτίαν,
954 4584 1172 4651 ἀρξάτω
1203 4587 1410 4655 κρίνειν
1439 4593 1565 4661 περὶ⁵
1588 4595 1771 4664 ἀμαρ-

180 4671 341 4733 τίας,
382 4673 475 4723 καὶ
511 4690 529 4722 ι
564 4672 653 4742 Μὴ
686 4675 925 4741 κρίνετε,
962 4675 1045 4728 ῖνα
1081 4677 1155 4749 μὴ
1197 4681 1445 4753 κριθῆτε.
1481 4705 1499 4737 ι
1537 4687 1625 4758 Μὴ
1673 4690 1767 4742 οὑν

182 4761 633 4827 προφασίζεσθε,
670 4764 912 4829 ἀδελφοὶ,
969 4770 1270 4837 προφάσεις
1326 4774 1384 4825 ἐν
1436 4775 1762 4846 ἁμαρτίαις.

178 4854 313 4906 Οὑκ
345 4852 491 4905 ἔστιν
521 4855 788 4925 ὑμέτερον
834 4858 1112 4923 ἐξετάζειν
1142 4863 1269 4925 τοὺς
1300 4864 1573 4933 ἄρχοντας
1610 4869 1769 4937 ὑμῶν

181 4946 341 5013 ὑπὲρ
371 4947 682 5015 ἁμαρτιῶν·
720 4950 937 5002 πάντων
964 4952 1072 5003 τῶν
1118 4956 1454 5009 διδασκάλων
1489 4959 1764 5029 βοώντων,

1877 3838 2249 3892 Christianum
2313 3854 2434 3893 esse
2478 3855 2583 3894 non
2640 3843 2987 3910 exiStimatis,
3032 3849 3159 3915 quia
3193 3849 3445 3907 Latinus.

1879 3931 1935 3983 ld
1964 3930 2110 3984 enim
2134 3931 2237 3984 sub
2266 3931 2519 3986 dentibus
2555 3934 2798 3989 stridetis
2828 3937 3133 3995 maledictis
3166 3942 3449 3998 incessen-

1883 4035 1983 4089 tes,
2015 4033 2069 4077 et
2095 4027 2394 4095 corutnqni
2428 4042 2609 4080 rerum
2642 4030 2923 4098 potiuntur
2959 4045 3162 4087 metum
3197 4039 3448 4102 revct'iti,

1877 4117 1941 4169 ad
1990 4117 2133 4171 aliud
2194 4118 2345 4185 quasi
2397 4122 2578 4174 aranei
2621 4124 2867 4178 umbram
2930 4128 3265 4198 confugitis,
3319 4147 3445 4185 eum

1880 4222 2217 4277 peccatorem
2252 4214 2602 4281 appellantes,
2636 4232 2700 4272 ac
2747 4227 2938 4272 caetera
2986 4225 3235 4278 convicia
3271 4224 3450 4279 εσυ...

1877 4303 2086 4357 dcntes.
2130 4304 2327 4361 Cavete
2368 4324 2434 4362 ne
2476 4311 2527 4361 id
2565 4312 2800 4365 audiatis
2832 4332 2844 4366 :
2882 4333 2900 4363 ι
2938 4315 3039 4380 Qui
3098 4328 3341 4371 vestrum
3365 4330 3451 4373 est

1877 4399 1995 4448 sine
2030 4409 2251 4465 peccato
2314 4401 2521 4469 primus
2585 4404 2813 4469 lapidem
2855 4408 3007 4459 tollat
3043 4407 3107 4472 ",
3144 4409 3322 4475 idest,
3354 4414 3449 4480 qui

1878 4503 2038 4557 pecca
2075 4504 2163 4543 um
2196 4506 2301 4544 non
2346 4493 2639 4555 commisit,
2680 4496 2900 4564 incipiat
2942 4498 3187 4566 judicare
3219 4502 3287 4554 de
3326 4517 3450 4569 pec-

1872 4588 2039 4646 cato;
2075 4589 2147 4643 et,
2180 4580 2294 4636 Non
2325 4583 2586 4650 judicate,
2626 4594 2683 4638 ut
2725 4588 3169 4656 nonjudicemini
3196 4591 3261 4643 ".
3302 4611 3319 4642 ι
3372 4593 3448 4645 Ne

1871 4676 2100 4740 captetis
2154 4676 2520 4741 occasiotnun,
2575 4676 2788 4739 fratres,
2812 4682 2862 4734 in
2914 4683 3169 4750 peccatis.
3206 4683 3326 4737 Non
3359 4694 3443 4737 est

1872 4766 2031 4820 ollicii
2087 4769 2251 4822 vestri
2278 4769 2345 4821 de
2373 4771 2611 4836 peccatis
2659 4772 2963 4841 principum
3020 4786 3328 4828 vestrorum
3363 4793 3447 4829 ιιι-

1874 4861 2110 4929 quirere,
2139 4862 2461 4917 doctoribus
2515 4865 2772 4919 omnibus
2821 4877 3008 4934 aperte
3058 4867 3444 4931 clamantibus,

1871 4953 1927 5005 et
1955 4950 2162 5008 Joanne
2213 4953 2393 5020 lingua
2425 4969 2589 5008 aurea
2619 4958 2672 5009 in
2702 4958 2886 5011 multis
2920 4959 3143 5026 quidem
3169 4960 3443 5013 orationi-

176 5045 286 5091 καὶ
334 5039 578 5090 Ἰωάννου
613 5042 706 5092 τού
744 5041 945 5108 χρυσοῦ
993 5045 1091 5112 τὴν
1136 5046 1407 5113 γλῶτταν,
1436 5053 1493 5101 ἐν
1548 5054 1763 5117 πολλοῖς

1881 5046 1998 5107 bus,
2031 5057 2084 5099 et
2116 5046 2167 5097 in
2196 5047 2443 5101 oratione
2468 5048 2623 5115 cujus
2681 5058 2765 5101 est
2825 5050 3054 5107 titulus:
3091 5051 3244 5117 Quod
3289 5068 3446 5119 opor-

179 5133 297 5201 μὲν
326 5135 415 5183 καὶ
446 5131 623 5193 ἄλλοις
654 5132 814 5184 αὑτοῦ
849 5135 1047 5201 λόγοις,
1077 5140 1172 5189 καὶ
1200 5142 1255 5190 ἐν
1279 5144 1354 5211 τῷ
1387 5142 1526 5213 λόγῳ
1551 5146 1610 5208 ὃς
1641 5150 1766 5199 ἐπι-

169 5223 414 5291 γραφὴν
442 5223 575 5290 ξ’ίειν
614 5221 768 5278 (Ότι
802 5226 1066 5296 δεῖτιμᾷν
1095 5232 1214 5291 τοὺς
1246 5240 1651 5301 πνευματικοὺς
1684 5242 1763 5293 δι-

164 5314 494 5375 δασκάλους
524 5318 616 5370 καὶ
650 5318 725 5387 μὴ
758 5320 1015 5382 λοιδορεῖν
1045 5323 1240 5384 αὑτούς
1267 5342 1312 5377 Ὶ
1348 5329 1380 5396 ἡ
1413 5328 1468 5381 δὲ
1492 5332 1633 5401 ἀρχὴ
1668 5334 1761 5387 τοῦ

162 5410 373 5474 λόγου,
414 5426 432 5458 ι
466 5409 631 5462 Οὐδὲν
672 5410 850 5474 οὕτως
881 5414 1366 5486 ἐλευθεροστομείν
1397 5428 1758 5492 παρασκευά-

164 5505 291 5567 ζει,
310 5518 329 5549 ι
356 5500 650 5568 μετ’όλίγα
671 5504 856 5573 φησίν·
885 5506 975 5559 «Ei
1002 5507 1108 5575 γάρ
1125 5512 1172 5560 οἱ
1197 5513 1626 5580 κακολογοῦντες
1653 5538 1759 5572 πα-

158 5596 325 5665 τέρα
356 5593 389 5663 ἦ
426 5597 659 5666 μητέρα,
698 5600 881 5665 γονεῖς
913 5605 1232 5669 σαρκικοὺς,
1265 5609 1409 5660 κατά
1462 5611 1554 5664 τὸν
1588 5613 1752 5683 νόμον

250 5826 302 5859 ⁸³
325 5824 476 5881 Joan.
510 5843 625 5891 nu,
651 5831 701 5887 7.
782 5831 826 5860 “
848 5827 1035 5885 Matth.
1055 5848 1148 5899 vn,
1175 5833 1227 5887 l.

1874 5150 1948 5193 tet
1975 5144 2153 5193 colere
2177 5156 2307 5193 suos
2347 5142 2639 5208 magisuos
2677 5144 3013 5209 spiritu-ales,
3039 5160 3146 5199 nan
3215 5148 3443 5199 maledi-

1871 5249 1994 5287 cere
2045 5239 2169 5292 illis.
2221 5236 2552 5306 Principium
2622 5241 2886 5293 orationis
2926 5259 2939 5293 :
2978 5261 2995 5291 ι
3038 5239 3191 5293 Nulla
3250 5257 3338 5294 res
3380 5245 3444 5293 ad

1869 5331 2123 5400 loquendi
2181 5330 2453 5387 licentiam
2492 5334 2661 5401 magis
2700 5333 2885 5397 allicit,
2929 5352 2947 5383 ι
2988 5334 3148 5401 pauiu
3177 5343 3297 5400 post
3354 5335 3439 5387 in-

1869 5429 2029 5494 quit:
2070 5444 2088 5476 ‹
2133 5426 2187 5481 Si
2219 5427 2310 5496 qui
2338 5427 2474 5495 patri
2505 5429 2586 5479 vel
2629 5426 2789 5478 matri
2852 5426 3183 5480 maledicunt
3230 5443 3441 5495 paren-

1873 5520 2016 5571 tibus
2047 5520 2339 5572 secundum
2365 5534 2606 5581 carnem,
2637 5534 2699 5572 ex
2738 5521 2853 5587 lege
2880 5530 3053 5571 morte
3083 5530 3398 5572 moriuntur
3424 5538 3435 5564 τ

1869 5617 2145 5683 qualinam
2192 5616 2385 5684 dignus
2415 5615 2515 5668 erit
2540 5616 2830 5683 poena,qui
2884 5615 3059 5667 virum
3078 5615 3440 5683 spiritualem,
