4156 6420
277 341 401 413 i351

922 342 1079 416 PRO
1116 356 1327 427 CONC.
1364 360 1731 430 FLORENT.
1769 364 1927 431 CAP.
1969 371 2033 433 V.
2079 372 2175 435 DE
2219 373 2564 439 PRIMATU
2601 376 2833 443 PARE.

3372 383 3513 449 1362

270 457 384 509 ἄνω
417 458 466 511 οι
493 456 668 527 πόδες,
700 460 790 514 καὶ
823 462 973 515 κάτω
1001 465 1032 536 ἠ
1059 470 1293 542 κεφαλή.
1336 473 1396 525 Εἰ
1431 475 1540 545 γὰρ
1570 477 1662 531 τὸν
1682 478 1830 533 άδελ-

1949 493 2004 539 ιιι
2029 487 2215 554 arguis
2246 488 2417 557 illum,
2452 490 2726 560 plectarls.
2773 493 2853 549 Et’
2874 508 2984 563 quo
3006 503 3166 565 pacto
3197 513 3283 553 me
3319 501 3509 556 admo‘

274 547 374 615 φάν
405 566 497 602 σου
539 551 638 604 οὐκ
670 554 954 623 ἐπιτρέπει
986 576 1068 613 σοι
1124 563 1354 631 κρίνειν,
1404 566 1584 638 πολλῴ
1636 570 1839 639 μᾶλλον

270 640 391 693 ιὺδὲ
446 644 535 696 τὸν
594 644 912 701 διδάσκαλόν
945 668 1061 705 σου.
1108 672 1127 704 ι
1163 656 1271 709 Καὶ
1312 659 1432 726 μετ’
1464 662 1659 730 ὀλίγα·
1706 683 1725 715 r
1764 667 1836 720 Σὺ

271 733 543 830 πρόϐαῌτον
592 733 661 800 εἴ,
694 738 771 808 μὴ
810 745 1177 813 περιεργάζου
1205 748 1297 800 τὸν
1330 753 1568 820 ποιμένα
1592 772 1606 786 ο
1638 758 1713 830 μὴ
1744 762 1837 812 καὶ

270 824 356 891 ἐφ’
404 821 487 890 οἷς
527 830 718 900 ἐκείνῳ
762 841 1109 907 κατηγορεῖς,
1173 842 1404 906 εὐθύνας
1455 821 1665 913 δώσεις.
1701 821 1836 907 ⁷Καὶ

270 921 388 983 πῶς
423 923 547 990 ἐμοὶ
576 926 744 993 λέγει,
774 931 957 1000 φησὶν,
987 934 1149 996 αὐτὸς
1179 936 1257 1007 μὴ
1290 939 1458 993 ποιῶν
1485 959 1499 1007 ;
1540 945 1638 997 οὐκ
1673 948 1836 1010 αὐτός

272 1030 358 1064 σοι
390 1015 562 1082 λέγει.
598 1018 659 1072 Εἰ
689 1021 838 1091 αὐτῷ
862 1024 1047 1096 πείθῃ,
1077 1030 1270 1095 μισθὸν
1292 1031 1391 1086 οὐκ
1414 1034 1592 1104 ἔχειςο
1629 1041 1657 1091 6
1701 1041 1837 1111 Χρι-

272 1107 395 1169 στὸς
438 1109 609 1162 ταῦτα
665 1122 956 1183 παραινεῖ·
1014 1118 1088 1189 μὴ
1147 1123 1422 1193 κρίνωμεν
1450 1129 1530 1182 τά
1569 1107 1834 1204 ἀλλήλων,

270 1199 505 1254 amca:
541 1204 732 1258 ἑαυτοῦ
783 1208 1033 1274 ἕκαστος.
1074 1230 1105 1264 ι·
1130 1216 1240 1268 Καὶ
1275 1219 1393 1286 μετ’
1431 1221 1650 1289 ὀλίγον·
1744 1228 1837 1299 Μὴ

270 1293 541 1359 λέγωμεν,
560 1301 893 1366 παρακαλῶ,
925 1306 1111 1368 κακῶς
1140 1308 1268 1369 τοὺς
1296 1310 1672 1383 διδασκάλους,
1710 1293 1839 1375 Ἐάν

268 1401 352 1445 τις
400 1388 610 1455 πατέρα
667 1391 770 1460 En}
806 1394 1014 1463 μυρίων
1052 1400 1241 1451 κακῶν
1277 1400 1481 1473 ἔνοχον,
1518 1408 1580 1459 οὐ
1609 1413 1837 1467 συσκιά-

268 1475 387 1537 (si;
430 1479 519 1547 Μὴ
568 1481 810 1547 δοξάζου,
854 1491 1039 1555 φησιν,
1102 1494 1157 1544 ὲν
1210 1496 1406 1565 ἀτιμίᾳ
1456 1504 1661 1571 πατρός
1716 1521 1833 1561 σου.

270 1566 456 1636 nr.an
491 1572 691 1637 μᾶλλον
714 1576 805 1627 ἐπὶ
835 1578 939 1630 τῶν
970 1586 1361 1650 πνευματικῶν
1383 1591 1639 1659 πατέρων
1660 1595 1835 1649 ταῦτα

265 1661 507 1718 ὶεκτέον.
544 1664 855 1737 Δίδέσθητι,
887 1671 969 1725 ὅτι
1029 1676 1152 1729 καθ’
1206 1679 1447 1752 ἑκάστην
1501 1685 1720 1757 ἡμέραν
1752 1707 1833 1744 σοι

264 1750 595 1868 δὶακοῖεἶταξ
618 1771 645 1787 ’-
668 1761 1141 1868 ἀναγινώσκεσθαι
1198 1775 1343 1826 ποιεί
1371 1750 1469 1839 τὰς
1502 1750 1727 1849 ίραιρὰς
1748 1782 1835 1836 διὰ
1864 1809 1909 1868 Β

268 1847 327 1893 σέ
349 1860 361 1873 ⁸
392 1844 486 1897 τὸν
544 1843 696 1902 οἷκον
729 1853 823 1906 τὸν
872 1856 1015 1927 ἱερὸν
1044 1868 1243 1930 κοσμεῖ
1292 1867 1379 1920 διὰ
1408 1869 1488 1921 σέ.
1532 1843 1834 1943 {Ay-portula!

265 1936 357 2038 διᾶι
388 1939 465 1993 σέ.
500 1939 730 2013 Εὕχεται
765 1947 906 2019 ὑπὲρ
952 1951 1045 2006 σοῦ
1089 1957 1181 2007 τὸν
1214 1957 1371 2026 Θεὸν,
1408 1936 1833 2038 ἓστηκεἿ-παραο

266 2029 449 2082 καλῶν
481 2031 570 2085 διὰ
606 2036 663 2088 σέ
685 2052 699 2067 ο
734 2036 887 2101 λιτὰς
915 2046 1060 2096 ποιεῖ
1090 2046 1231 2117 ὑπὲρ
1262 2048 1379 2104 σοῦ.
1413 2029 1570 2109 ηεσά
1617 2029 1767 2128 αὐτῶ
1799 2062 1831 2128 ἡ

263 2124 347 2182 εἰς
370 2122 501 2177 Θεὸν
541 2125 762 2197 λατρεία
815 2132 903 2186 διὰ
955 2136 1034 2191 σέ.
1066 2139 1252 2193 Ταῦτα
1309 2146 1619 2217 αίδέσθητιο
1662 2122 1831 2206 ταῦτα

264 2217 537 2311 ὲννύησον,
566 2224 661 2277 καὶ
690 2227 826 2294 μετὰ
857 2230 1033 2301 πάσης
1062 2234 1344 2300 εὐλασείας
1368 2240 1513 2309 αὖτῷ
1539 2244 1777 2311 πρόσιθι.
1808 2266 1826 2297 ι

264 2308 375 2361 Καὶ
410 2314 525 2379 μετ’
550 2315 749 2383 ὀλίγον,
792 2321 1094 2376 «Ἄκουσον
1120 2327 1171 2379 τί
1197 2345 1330 2396 φησι
1351 2308 1617 2402 περὶτῶν
1641 2337 1829 2406 ἀρχόν·-

259 2417 370 2453 των
400 2404 509 2456 τῶν
528 2407 831 2463 Ἰουδαϊκῶν
858 2414 887 2465 6
911 2414 1042 2479 Θεός
1063 2434 1081 2449 ο
1116 2418 1236 2474 Ἐπὶ
1264 2424 1358 2490 τῆς
1390 2425 1633 2491 Μωσέως

258 2858 427 2957 ϐασεν
458 2864 655 2957 αὐτοὺς
681 2869 789 2921 ἀπὸ
824 2872 923 2939 τῆς
954 2874 1131 2940 ἀξίας,
1162 2878 1284 2933 οὐδὲ
1312 2882 1827 2957 εὐκαταφρονήτους

255 2951 519 3044 ἐποίησεν
542 2953 682 3011 εἶναι
719 2963 830 3024 τοῖς
861 2963 1209 3033 ἀρχομένοις.
1243 2973 1352 3025 Καὶ
1382 2951 1821 3044 μάλανείκότωςέ

257 3043 311 3093 εί
350 3046 459 3114 γὰρ
486 3048 693 3116 ταύτης
719 3052 1062 3111 ἐπιλάϐοιντο
1088 3058 1187 3125 τῆς
1218 3062 1472 3128 ἐξουσίας
1504 3069 1551 3121 οί
1582 3071 1823 3141 ἀρχόμε-

1943 591 2063 641 nes,
2098 580 2215 649 ipse
2263 597 2368 636 non
2430 582 2679 639 faciens?
2709 585 2825 639 Non
2871 588 2985 655 ipse
3021 588 3117 641 tibi
3162 589 3293 644 dicit
3327 608 3340 643 :
3371 592 3428 645 Si
3458 594 3506 646 ei

1941 671 2141 735 credis,
2183 676 2485 729 mercedem
2540 692 2645 731 non
2676 678 2913 746 accipies
2942 696 2956 733 :
2986 679 3240 737 Christus
3270 683 3385 737 haec
3412 683 3509 737 do-

1940 770 2023 815 cet
2063 780 2077 818 :
2110 762 2183 819 Ne
2208 766 2518 835 judieemus
2562 784 2660 824 nos
2698 780 2907 835 mutuo,
2954 772 3046 825 sed
3088 788 3184 827 sua
3210 776 3509 843 unusquis-

1940 870 2068 923 que.
2106 873 2123 907 ι
2160 858 2225 911 Et
2280 861 2441 929 paulo
2470 871 2595 929 post
2629 879 2644 917 :
2685 880 2705 915 ι
2747 860 2826 917 Ne
2886 864 3295 932 maledicamus,
3347 882 3502 937 rogo.

1941 948 2238 1017 magistris.
2274 953 2329 1007 Si
2357 955 2478 1021 quis
2535 962 2739 1024 patrem
2776 959 3029 1013 habuerit
3056 961 3211 1014 multi
3259 961 3505 1016 crimini—

1941 1041 2042 1094 bus
2094 1043 2412 1108 obnoxium.
2479 1063 2657 1103 nonne
2707 1065 2771 1104 ea
2821 1051 3068 1123 obtegit?
3110 1053 3188 1108 Ne
3237 1054 3502 1117 exsultes.

1941 1132 2137 1201 inquit,
2174 1136 2228 1189 ln
2252 1136 2520 1190 dedecore
2547 1141 2715 1208 patris
2755 1143 2856 1206 tui,
2888 1143 3062 1197 multo
3096 1145 3270 1214 magis
3304 1146 3355 1199 in
3388 1149 3501 1214 spi-

1943 1223 2231 1279 ritualibus
2271 1228 2515 1296 patribus
2571 1231 2675 1285 hoc
2739 1230 3056 1287 dicendum.
3114 1232 3322 1289 Exhibe
3356 1251 3506 1291 reve-

1940 1312 2200 1380 rentiam,
2237 1316 2363 1381 quia
2390 1320 2631 1385 quotidie
2664 1320 2932 1377 ministrat
2967 1325 3084 1389 tibi,
3112 1335 3266 1380 curat
3296 1335 3506 1392 ut‘pro-

1940 1409 2057 1468 pter
2118 1411 2168 1455 te
2231 1404 2483 1471 legantur
2572 1408 2914 1479 Scriptura,
2977 1428 3188 1468 sacram
3282 1416 3502 1471 domum

1938 1502 2167 1547 exornat
2198 1508 2416 1565 propter
2443 1508 2517 1564 te,
2550 1503 2736 1569 vigilat.
2764 1514 2983 1573 propter
3011 1516 3080 1569 te,
3115 1518 3232 1561 orat
3285 1523 3380 1576 pro
3429 1521 3501 1568 te.

1943 1583 2050 1638 Deo
2077 1601 2260 1654 preces
2290 1589 2447 1643 oll‘ert
2484 1606 2581 1659 pro
2620 1603 2690 1658 te,
2724 1596 2907 1650 cultus
2934 1596 3051 1665 ejus
3076 1613 3203 1667 erga
3250 1600 3413 1653 Deum
3451 1612 3505 1653 et

1939 1676 2119 1731 omnis
2150 1687 2369 1746 propter
2394 1688 2465 1744 te,
2503 1680 2618 1737 lucc
2638 1698 2909 1747 reverere,
2948 1686 3062 1740 lucc
3096 1694 3274 1741 tecum
3302 1689 3513 1755 cogita,

1939 1779 1994 1822 et
2050 1771 2197 1825 omni
2230 1774 2464 1838 praestita
2513 1775 2857 1830 observantia
2894 1777 2962 1832 ad
3002 1793 3125 1831 eum
3171 1780 3444 1833 accedito.
3484 1804 3499 1827 ο

1944 1860 2006 1913 Et
2050 1862 2211 1928 paulo
2264 1878 2434 1933 pom:
2481 1884 2497 1917 ι
2538 1867 2675 1922 Audi
2720 1870 2848 1937 quid
2878 1870 3023 1925 dicat
3048 1870 3117 1925 de
3168 1872 3505 1942 principibus

1939 1951 2248 2010 Iudaeorum
2294 1957 2474 2013 Deus:
2535 1959 2708 2027 Super
2764 1963 3078 2018 cathedram
3144 1963 3309 2021 Mosis
3346 1968 3505 2021 sede-

1941 2059 2066 2103 runt
2135 2050 2342 2109 Scriba
2406 2066 2461 2107 et
2532 2052 3204 2127 Pharisxei:qu:ccunque
3258 2059 3501 2114 dixerint

1940 2142 2114 2205 vobis,
2142 2154 2356 2198 servate
2388 2156 2441 2199 et
2474 2146 2657 2211 facite,
2687 2148 2991 2202 secundum
3027 2165 3158 2205 vero
3190 2166 3352 2220 opera
3383 2152 3502 2205 illo-

1939 2248 2055 2286 rum
2081 2236 2247 2289 nolite
2288 2236 2485 2291 facere.
2558 2238 2817 2305 Quaenam
2877 2241 3114 2297 deterior
3165 2258 3352 2298 eorum
3390 2244 3501 2298 vita

1938 2325 2278 2391 reperietur?
2302 2326 2409 2383 Eos
2442 2338 2620 2383 tamen
2655 2346 2753 2385 nec
2784 2332 3051 2398 dignitate
3073 2334 3291 2404 dejccit,
3326 2350 3503 2403 neque

1938 2425 1995 2467 ut
2031 2430 2059 2468 a
2092 2417 2323 2473 subditis
2356 2420 2767 2488 despicerentur
2812 2424 3049 2478 curavit.
3105 2427 3170 2479 Et
3224 2438 3388 2480 recte.
3444 2426 3501 2479 Si

1812 2538 1826 2553 ο
1935 2509 2079 2561 enim
2138 2510 2276 2564 hanc
2331 2512 2432 2565 sibi
2465 2515 2842 2580 arrogaverint
2911 2518 3109 2571 subditi
3148 2528 3497 2586 potestatem,

1936 2615 2125 2655 omnes
2178 2602 2360 2656 statim
2420 2604 2846 2673 abrogabuntur,
2877 2617 2930 2661 et
2972 2610 3036 2663 de
3064 2610 3321 2664 tribunali
3369 2613 3501 2679 deji—

1799 2706 1827 2759 ῡ
1935 2696 2168 2750 cientur.
2231 2698 2519 2767 Propterea
2571 2710 2623 2754 et
2677 2701 2877 2756 Paulus
2926 2718 3049 2759 cum
3088 2706 3140 2758 in
3194 2707 3501 2774 pontiﬁcem

1807 2830 1828 2839 -
1934 2786 2245 2843 Iudaeorum
2312 2793 2675 2846 contumelias
2737 2795 3055 2859 eﬂudisset,
3108 2813 3170 2851 ac
3232 2799 3500 2855 dixisset:

1936 2881 2202 2935 l’ercutiat
2262 2892 2311 2936 te
2332 2881 2491 2946 Deus,
2526 2884 2705 2950 paries
2759 2884 3015 2941 dealbate
3045 2888 3111 2951 ³¹,
3145 2898 3197 2941 et
3229 2893 3502 2946 tusedens

1932 2973 2146 3041 judicas
2207 2974 2329 3026 me?
2381 2973 2484 3027 Sed
2522 2976 2765 3030 monitus
2814 2992 2843 3031 a
2878 2978 3202 3043 quibusdam
3264 2994 3321 3035 ut
3370 2987 3500 3038 reti-

1933 3072 2105 3127 ceret,
2129 3065 2455 3131 dicentibus,
2484 3065 2571 3119 Dei
2603 3068 2842 3134 pontiﬁci
2875 3069 3194 3125 maledicis?
3216 3075 3502 3127 ostendere

254 3152 360 3199 νοι,
393 3137 723 3208 ὀφθήσονται
760 3146 959 3209 πάντες
1017 3152 1589 3226 ἀποχειροτονοῦντες,
1634 3166 1727 3216 καὶ
1760 3166 1826 3221 ὲκ

1935 3156 2122 3211 volens
2151 3166 2359 3226 quanto
2396 3158 2601 3212 honore
2624 3170 2677 3216 ct
2708 3165 3014 3216 reverentia
3057 3164 3331 3233 principes
3369 3183 3498 3233 pro.

252 3227 352 3279 τοῦ
392 3229 636 3298 βήματος
659 3239 1119 3305 καταδιδάζοντες
1140 3260 1152 3274 ’
1185 3246 1271 3298 διὰ
1301 3249 1456 3303 τοῦτο
1482 3254 1574 3306 καὶ
1616 3255 1829 3326 Παῦλος

254 3321 349 3371 τὴν
399 3324 661 3394 ἀρχιερέα
711 3329 817 3380 τῶν
858 3329 1130 3386 Ἰουδαίων
1185 3338 1435 3413 ὕϐρις-ις,
1483 3351 1577 3402 καὶ
1634 3321 1825 3418 ein-div;

252 3413 498 3509 'ii-thtstv
528 3435 587 3469 as
635 3420 819 3487 μέλλει
870 3424 897 3479 ὁ
944 3424 1098 3494 Θεὸς,
1129 3435 1275 3503 τοῖχε
1304 3443 1684 3509 κεκονιαμένε.
1718 3413 1831 3500 Καί

256 3504 327 3555 ob
364 3506 506 3583 κάθῃ
536 3511 738 3582 κρίνων
774 3536 883 3587 με;
922 3521 1105 3593 ἐπειδὴ
1138 3541 1298 3577 τινων
1349 3504 1584 3599 ἤκουσεν
1614 3537 1833 3591 ἐπιστο-

253 3598 529 3665 μιζὸντων
567 3605 731 3659 αὑτὸν
779 3612 872 3661 καὶ
914 3610 1202 3679 λεγόντων,
1263 3598 1378 3672 Τὸν
1416 3622 1681 3693 ἀρχιερέα
1737 3631 1828 3680 τοῦ

248 3692 396 3745 Θεοῦ
424 3693 721 3767 λοιδορεῖς;
755 3701 927 3758 δεῖξαι
962 3704 1313 3775 βουλόμενος,
1347 3711 1479 3774 ὅσην
1527 3692 1829 3784 ἀπονέμειν

246 3786 339 3836 ξεῖ
364 3787 477 3850 τοῖς
525 3790 753 3859 ἄρχουσι
811 3794 907 3864 τὴν
939 3796 1073 3848 αίδὼ
1119 3799 1213 3851 καὶ
1264 3802 1453 3872 τιμὴν,
1494 3813 1682 3874 φησὶν,
1716 3812 1830 3863 Οὐκ

247 3877 406 3946 ᾔδειν
433 3881 515 3932 ὅτι
547 3882 841 3953 ἀρχιερεῦς
872 3888 968 3940 τοῦ
998 3888 1130 3942 Θεοῦ
1161 3887 1248 3961 ἦν.
1276 3894 1375 3947 Διὰ
1406 3896 1566 3950 τοῦτο
1602 3901 1696 3953 καὶ
1730 3903 1827 3954 άλ-

247 3970 422 4037 ὶαχοῦ
466 3991 630 4041 φησι·
692 3978 953 4032 Πείθεσθε
1007 3983 1121 4041 τοῖς
1176 3985 1501 4053 ἡγουμένοις
1548 3991 1702 4059 ὑμῶν
1738 3998 1829 4047 καὶ

246 4064 532 4127 ὑπείκετε,
566 4068 723 4121 αὐτοὶ
760 4069 865 4139 γὰρ
897 4071 1272 4141 ἀγρυπνοῦσιν
1318 4078 1457 4150 ὑπὲρ
1508 4081 1616 4133 τῶν
1642 4082 1830 4152 ψυχῶν

244 4160 431 4223 ὑμῶν,
464 4159 536 4222 ὡς
570 4161 725 4229 λόγον
749 4164 1143 4230 ἀποδώσοντες.
1176 4170 1268 4222 Διὸ
1305 4172 1503 4241 πολλῆς
1532 4175 1828 4245 θεραπείας

241 4253 549 4304 ἀπολαύειν
576 4254 771 4317 αὐτοὺς
806 4256 904 4309 δεῖ.
992 4260 1099 4312 Καὶ
1166 4264 1287 4327 μετ’
1356 4264 1537 4333 ὀλίγα,
1612 4269 1827 4340 Ἐννόη-

242 4361 346 4394 σον
381 4344 433 4394 τί
467 4361 601 4412 φησι
636 4347 765 4415 περὶ
821 4348 929 4400 τῶν
965 4348 1241 4405 Ἰουδαίων
1292 4356 1320 4407 6
1379 4356 1617 4425 Χριστός
1642 4374 1656 4388 ·
1705 4362 1829 4413 Ἐπὶ

239 4433 351 4497 τῆς
376 4434 618 4495 Μωσέως
656 4435 923 4505 καθέδρας
968 4440 1232 4493 ἐκάθισαν
1266 4443 1316 4495 oi
1345 4450 1698 4515 γραμματεῖς
1732 4453 1825 4502 καὶ

236 4528 291 4577 et
320 4527 606 4594 Φαρισαῖοι
629 4543 642 4556 ·
672 4530 850 4584 πάντα
874 4529 969 4582 οὖν
995 4532 1094 4584 ὅσα
1128 4534 1193 4586 ἂν
1217 4536 1448 4601 λέγωσιν
1476 4542 1606 4608 ὑμῖν
1626 4545 1823 4607 ποιεῖν,

237 4621 477 4670 ποιεῖτε.
512 4619 626 4671 Νῦν
652 4620 713 4672 δὲ
739 4622 838 4674 οὐκ
870 4623 1018 4674 ἐστιν
1047 4626 1247 4689 εἰπεῖν,
1292 4629 1416 4681 Ἐπὶ
1446 4632 1544 4699 τῆς
1579 4635 1824 4698 Μωσέως

240 4710 517 4780 καθέδρας
550 4712 812 4764 ἐκάθισαν
842 4714 888 4764 oi
926 4715 1121 4784 ἱερεῖς’
1160 4718 1273 4769 ἀλλ’
1315 4721 1405 4772 ἐπὶ
1437 4722 1535 4791 τῆς
1558 4725 1651 4775 τοῦ
1689 4726 1824 4795 Χ-ρι-

241 4800 412 4853 στοῦ·
444 4801 544 4871 τὴν
593 4804 703 4873 γὰρ
754 4805 965 4857 ἐκείνου
1001 4805 1356 4861 δ.δ;ισκαλίαν
1407 4812 1675 4877 ἐδέξαντο.
1734 4818 1824 4869 Διὸ

239 4894 347 4949 καὶ
382 4898 404 4945 ὁ
437 4896 648 4959 Παῦλός
680 4915 847 4966 φησιν
871 4917 885 4929 ο
924 4900 1103 4972 ’Υπὲρ
1133 4904 1371 4972 Χριστοῦ
1423 4908 1823 4978 πρεσϐεύομεν,

235 4991 322 5051 ὠς
373 4989 467 5041 τοῦ
495 4988 632 5042 Θεοῦ
669 4994 1115 5061 παρακαλοῦντος
1146 4996 1212 5048 δι’
1264 4998 1440 5067 ἡμῶν.
1488 5018 1506 5049 ›
1545 5000 1823 5063 Ἤκουσας

231 5078 342 5133 τοῦ
374 5079 702 5133 διδασκάλου
739 5081 960 5145 τούτου,
997 5085 1115 5148 πῶς
1153 5087 1232 5139 δεῖ
1256 5090 1426 5158 τιμᾷν
1460 5091 1587 5152 τοὺς
1615 5092 1780 5158 ἱερεῖς
1809 5108 1822 5157 ;

234 5176 305 5227 Εἰ
341 5168 434 5225 οὖν
469 5174 695 5227 ἐπὶτῶν
723 5177 915 5245 ἱερέων
948 5178 1189 5233 τοσαῦτά
1224 5197 1380 5250 φησι,
1410 5180 1589 5250 πολλῷ
1622 5182 1824 5252 μᾶλλον

229 5266 343 5320 ἐπὶ
362 5265 470 5319 τῶν
493 5268 814 5338 ἀρχιερέων,
842 5270 938 5322 καὶ
965 5272 1346 5341 πατριαρχῶν,
1370 5274 1461 5326 καὶ
1486 5274 1825 5329 διδασκάλων

229 5361 347 5428 τῆς
364 5359 713 5430 Ἐκκλησίας·
735 5360 829 5423 οὓς
846 5362 940 5415 καὶ
959 5364 1116 5433 ὑμεῖς
1132 5364 1246 5431 νῦν,
1269 5365 1329 5417 οὐ
1353 5366 1512 5435 μόνον
1530 5368 1591 5422 οὺ
1610 5371 1825 5438 τιμᾶτε,

222 5452 380 5506 ἀλλὰ
406 5454 499 5507 καὶ
518 5453 747 5517 ἀναιδῶς
764 5455 1035 5523 ὑδρὲζετεν.
1060 5457 1239 5528 Πόσην
1273 5459 1445 5523 ἕξετε,
1464 5461 1584 5513 είπέ
1615 5479 1726 5529 μοι,
1745 5479 1826 5515 τι-

226 5544 494 5616 μωρίαν.;
518 5545 719 5615 πολλὴν
746 5541 865 5599 κατ’
885 5548 1007 5617 ἐμά’
1034 5549 1238 5617 μᾶλλον
1259 5550 1315 5603 δὲ
1338 5550 1398 5602 οὐ
1416 5552 1535 5604 κατ’
1555 5554 1676 5619 ἐμὲ,
1692 5555 1826 5607 ἀλλὰ

221 5636 383 5691 κατὰ
401 5636 491 5690 τὸν
519 5636 759 5709 χρυσοῦν
780 5638 879 5709 τὴν
909 5640 1084 5705 γλῶττ
1102 5661 1151 5694 ιν
1190 5642 1282 5695 καὶ
1308 5640 1622 5712 θαυμαστὸν
1641 5645 1820 5698 Ἰωάν-

311 5821 357 5848 λτ
400 5824 523 5877 Act.
562 5836 722 5887 uti],
770 5822 823 5875 5.
904 5822 943 5852 ³³
985 5822 1145 5880 Hebr.
1187 5842 1297 5891 sm,
1347 5828 1427 5879 Π.

1509 5830 1546 5859 ³⁵
1582 5828 1622 5882 Il
1655 5829 1779 5882 CUI.
1818 5844 1867 5891 ν,

1936 3248 2091 3323 sequi
2127 3257 2390 3316 tenemur.
2428 3249 2603 3324 inquit
2638 3270 2651 3309 ;
2720 3253 3037 3312 Nesciebatn
3097 3270 3219 3308 cum
3248 3272 3372 3311 esse
3406 3258 3497 3312 Dei

1936 3346 2308 3417 pontificem!
2354 3348 2479 3403 Ideo
2513 3359 2566 3402 et
2645 3350 2771 3403 alibi
2829 3351 3005 3404 dicit:
3080 3346 3311 3408 Obedite
3362 3365 3499 3423 pri?-

1936 3440 2128 3507 positis
2166 3443 2386 3503 vestris,
2433 3452 2485 3495 et
2522 3441 2803 3511 subjacete
2843 3443 2971 3505 illis,
3007 3444 3104 3511 ipsi
3143 3446 3288 3500 enim
3320 3449 3497 3516 pervi-

1933 3531 2104 3601 gilant
2161 3533 2321 3600 quasi
2369 3535 2632 3586 rationem
2688 3549 2788 3602 pro
2824 3536 3110 3590 animabus
3141 3539 3335 3592 vestris
3384 3541 3504 3593 red-

1933 3625 2098 3678 dituri
2144 3626 2209 3691 δ’,
2262 3625 2383 3680 ideo
2436 3635 2489 3677 et
2527 3625 2690 3695 hujus
2726 3626 2904 3679 cultus
2962 3626 3139 3682 fructu
3203 3632 3359 3698 potiri
3408 3646 3503 3685 eos

1934 3732 2150 3785 aequum
2217 3727 2322 3772 est.
2400 3718 2462 3770 Et
2495 3728 2614 3787 post
2648 3732 2874 3785 pauca:
2940 3718 3126 3787 Cogita
3196 3722 3326 3787 quid
3356 3723 3503 3776 dicat

1936 3806 2078 3861 Deus
2138 3810 2207 3862 de
2259 3805 2458 3861 Judzeis
2513 3825 2527 3865 :
2585 3806 2759 3877 Super
2815 3809 3123 3862 cathedram
3168 3809 3365 3879 Moysis
3420 3826 3505 3865 se-

1936 3898 2132 3951 derunt
2206 3898 2413 3952 Scriba
2465 3909 2517 3951 et
2566 3896 2862 3965 Pharisaei;
2901 3915 3242 3968 quaecunque
3269 3901 3505 3953 dixerint

1936 3991 2090 4045 vobis
2156 3991 2352 4054 facere,
2421 3990 2629 4046 facile:
2703 4001 2757 4045 at
2839 4007 2983 4046 nunc
3043 4008 3149 4045 non
3208 4008 3502 4061 possumus

1932 4080 2159 4135 dicere:
2221 4080 2399 4151 Super
2429 4081 2739 4135 cathedram
2786 4081 2986 4150 Moysis
3041 4081 3302 4135 sederunt
3330 4124 3343 4145 ,
3408 4082 3505 4135 sed

1934 4188 2100 4241 super
2154 4172 2377 4228 Christi.
2452 4172 2751 4241 Propterea
2838 4174 3017 4243 inquit
3077 4174 3330 4228 Paulus:
3400 4174 3505 4228 Pro

1932 4266 2155 4320 Christo
2190 4265 2456 4335 legatione
2507 4264 2791 4333 fungimur
2814 4308 2827 4331 ,
2865 4273 3123 4333 tanquam
3159 4265 3266 4319 Deo
3301 4265 3504 4319 exhor-

1934 4367 2083 4412 tante
2124 4373 2221 4427 per
2282 4372 2381 4411 nos
2448 4358 2513 4410 ⁸³.
2582 4358 2790 4412 Audisti
2852 4357 2921 4410 ab
2970 4358 3073 4410 hoc
3122 4357 3342 4411 doctore
3394 4372 3503 4424 quo

1932 4459 2093 4518 pacto
2128 4449 2336 4504 colendi
2363 4460 2488 4504 sunt
2519 4450 2847 4504 sacerdotes.
2893 4448 2950 4502 Si
2982 4464 3111 4518 ergo
3147 4450 3215 4501 de
3247 4448 3506 4503 sacerdo-

1932 4543 2075 4595 tihus
2111 4543 2213 4595 hoc
2250 4540 2405 4603 dicit,
2436 4541 2607 4594 multo
2642 4540 2814 4611 magis
2843 4541 2910 4594 de
2944 4541 3285 4609 principibus
3315 4558 3503 4595 sacer-

1929 4637 2118 4687 dotum
2146 4643 2199 4686 et
2236 4632 2561 4700 patriareliis
2605 4645 2660 4686 et
2686 4632 3001 4686 doctoribus
3028 4632 3311 4696 Ecclesize,
3344 4637 3436 4703 qui
3476 4653 3504 4689 a

1932 4726 2089 4778 vobis
2121 4724 2173 4777 in
2214 4724 2499 4793 praesentia
2528 4739 2635 4777 non
2664 4725 2839 4777 solum
2872 4738 2975 4776 non
3005 4726 3287 4790 coluntur,
3311 4742 3505 4781 verum

1928 4817 2102 4871 etiam
2163 4816 2636 4886 impudentissime
2689 4818 3024 4879 lacerantur,
3083 4831 3219 4885 quas
3277 4833 3508 4886 pcenas,

1931 4924 2138 4976 quaeso,
2159 4909 2390 4964 subituri
2412 4910 2587 4963 estis?
2619 4908 2860 4979 Magnas,
2885 4918 2943 4962 ut
2960 4909 3218 4975 arbitror,
3249 4909 3357 4963 imo
3376 4927 3511 4964 vero-

1933 5015 2041 5053 non
2081 5003 2380 5056 secundum
2436 5015 2611 5053 meam
2645 5000 3029 5063 sententiam’,
3069 5001 3164 5056 sed
3199 5003 3507 5057 secundum

1933 5106 2111 5147 aurea:
2137 5092 2354 5159 linguae,
2378 5100 2433 5147 et
2463 5091 2841 5146 admirandum
2864 5092 3150 5158 Joannem,
3178 5109 3301 5148 eum
3325 5096 3459 5149 dicit
3490 5116 3504 5151 :

1930 5185 2033 5250 Qui
2091 5185 2404 5240 sacerdotes
2460 5184 2659 5254 injuria
2720 5184 2922 5248 afﬁcit,
2958 5186 3245 5241 Christum
3303 5188 3509 5255 lnjuria

1934 5275 2117 5329 allicit.
2165 5275 2269 5341 Qui
2324 5290 2450 5330 vero
2499 5276 2779 5331 Christum
2848 5276 3047 5343 injuria
3113 5276 3317 5341 allicit,
3370 5280 3504 5346 quid

1938 5368 2290 5437 respondebit
2344 5369 2437 5422 illa
2473 5368 2753 5423 tremenda
2786 5369 2906 5422 die?
2932 5369 3024 5423 Sic
3055 5370 3234 5435 itaque
3268 5373 3499 5424 conclu-

1935 5458 2017 5511 dit
2048 5459 2488 5529 Chrysostomus.
2548 5459 2605 5513 Si
2659 5460 2872 5530 cognita
2927 5472 3053 5514 sunt
3087 5461 3241 5515 vobis
3269 5477 3388 5529 qua;
3441 5479 3506 5515 et

1938 5552 2218 5607 mcllilluis
2247 5554 2369 5622 ejus
2410 5553 2757 5609 orationibus
2788 5555 3163 5624 exposuimus,
3200 5556 3500 5624 prarsertim

1932 5660 2044 5713 quo
2107 5648 2315 5700 honore
2382 5646 2657 5718 principes
2713 5658 2839 5702 sunt
2889 5648 3127 5713 colendi,
3174 5648 3304 5718 quia
3344 5662 3508 5713 super

1904 5831 1995 5887 20.
