4156 6420
243 383 373 453 1365

976 517 1077 570 Ii".

328 602 414 663 Ὠς
432 601 547 655 λίαν
567 603 868 669 ὲκθειάζεις
888 606 977 660 τὸν
995 610 1184 665 πάπαν
1208 613 1271 666 σύ
1287 629 1300 645 ·
1332 617 1493 685 ἡμεῖς
1520 617 1575 670 δὲ
1596 618 1690 671 ἀνθ
1702 636 1809 687 ρω-

244 710 343 744 πον
380 692 521 748 εἶναι
557 700 717 750 αὐτὴν
765 701 1010 768 οἴδαμεν,
1046 706 1293 778 ἁμαρτία
1353 712 1447 763 καὶ
1487 709 1811 782 βλασφημίᾳ

244 787 621 851 καταποθῆναι
647 790 948 859 δυνάμενον
971 812 986 827 ο
1020 796 1107 850 διὰ
1136 796 1287 851 τοῦτο
1311 800 1630 855 ἀκολουθεῖν
1660 804 1810 875 αὐτῷ

243 881 310 930 τὰ
343 882 468 950 περὶ
504 882 603 953 τὴν
639 886 822 939 πίστιν
863 888 964 943 οὐκ
994 892 1398 963 ἀποδεχόμεθα.
1441 896 1606 964 Ἡμῖν
1636 898 1693 953 δὲ
1736 901 1809 952 εἷ’·

251 988 434 1038 ρηται,
481 976 555 1036 ώς
608 978 797 1032 τοῦτον
833 981 987 1036 οὐδέν
1021 986 1171 1037 ἔστιν
1197 1000 1211 1013 ⁸
1245 988 1464 1059 ἀνάγκη
1517 991 1626 1058 γάρ
1661 995 1809 1046 ἐστιν

246 1066 478 1121 ἕπεσθαι
530 1073 747 1140 ποιμένι
803 1076 951 1139 τινἰ,
1006 1077 1064 1140 ὃς
1123 1081 1400 1145 κάκεῖνος,
1466 1082 1540 1142 ὡς
1594 1084 1808 1154 ἄνθρω-

245 1177 367 1220 πος,
425 1164 544 1216 καθ’
584 1167 799 1235 ἡμέραν
858 1172 1197 1239 ἀμαρτάνειο
1233 1177 1280 1227 εἰ
1310 1178 1417 1245 γάρ
1472 1178 1573 1244 μία
1606 1179 1724 1249 ὦρα
1782 1183 1809 1234 6

243 1252 359 1316 βίος
415 1254 563 1319 ἄπας
594 1258 843 1331 ὑπῆρχεν
890 1264 1047 1331 ἡμῖν,
1104 1267 1214 1320 οὐδ’
1268 1268 1441 1333 οὕτως
1479 1270 1583 1336 ἔξω
1636 1273 1806 1340 ῥύπου

237 1342 380 1397 ε’ναι
439 1349 739 1416 δυνάμεθα.
786 1354 927 1406 Ἀλλ’
973 1358 1114 1425 ὑπὲρ
1149 1360 1262 1412 τῶν
1311 1362 1601 1430 ἁμαρτιῶν
1643 1364 1806 1417 αὑτοῦ

234 1439 489 1504 ἕκαστος,
549 1445 622 1506 ὼς
660 1446 925 1509 πολλάκις
978 1451 1220 1519 εἴρηται,
1283 1456 1444 1515 αὐτὸς
1509 1458 1808 1525 ἀπολογίαν

232 1527 415 1584 δώσει.
463 1534 648 1603 Ἀρκεῖ
680 1538 789 1605 γὰρ
836 1540 967 1607 ἡμῖν
1008 1541 1075 1593 ἂν
1141 1546 1320 1607 καλῶς
1375 1551 1803 1621 ποιμαινόμεθα,

233 1624 379 1677 κατὰ
414 1625 506 1676 τὸν
541 1628 597 1677 ὲν
632 1627 884 1699 θεολογίᾳ
917 1632 1089 1699 μέγαν
1119 1635 1442 1703 Γρηγόριον.
1478 1641 1555 1694 Οῦ
1585 1660 1749 1712 φησιν
1780 1645 1807 1696 6

233 1717 541 1785 στασιώδης
573 1720 666 1771 καὶ
706 1723 943 1791 φίλερις,
981 1724 1337 1795 Ἀμαρτωλὸν
1374 1732 1433 1784 οὐ
1470 1732 1609 1786 θέλω
1631 1736 1807 1806 ἀρχήν

240 1825 343 1873 μου
384 1806 545 1865 εῖναι.
588 1814 727 1880 Πρὸς
774 1814 867 1879 οὒς
909 1817 1283 1889 ἀπολογητέον
1308 1841 1320 1853 ο
1357 1825 1438 1877 ὅτι
1504 1826 1681 1889 καλῶς
1720 1829 1802 1881 ὲν-

230 1901 468 1970 νοοῦμεν
503 1909 573 1959 τά
624 1909 962 1979 διανοήματα
1020 1914 1217 1982 ὑμῶν,
1278 1916 1313 1971 ἃ.
1366 1920 1806 1988 παρακατιόντες

231 1997 674 2068 ἀνακαλύψομεν,
710 2005 759 2053 εἰ
794 2004 886 2054 καὶ
920 2005 1075 2073 ὑμεῖς
1109 2009 1437 2073 συσκιάζειν
1479 2011 1662 2065 θέλετε
1695 2015 1804 2067 δει-

228 2088 475 2151 λιῶντες.
512 2092 620 2145 Νῦν
647 2094 703 2147 δὲ
741 2097 870 2165 πρὸς
902 2097 928 2149 ὂ
962 2100 1039 2160 εἰς
1076 2100 1135 2152 τὸ
1173 2103 1407 2173 φανερὸν
1433 2104 1644 2173 λέγετε,
1669 2110 1804 2177 πρὸς

226 2185 406 2236 ἐκεῖνο
440 2186 858 2257 ἀπολογούμεθα
886 2208 900 2222 ο
937 2192 1017 2245 ὃτι
1046 2193 1154 2245 άπὸ
1192 2197 1390 2258 κακίας
1422 2198 1610 2267 ψυχῶν
1647 2202 1803 2255 τοῦτο

226 2276 416 2340 λέγετε
442 2293 454 2307 ·
484 2280 543 2330 οὐ
592 2282 701 2350 γάρ
742 2283 1042 2349 γινώσκετε
1075 2288 1241 2341 αὑτὸν
1284 2291 1641 2360 ἀμαρτωλόν·
1680 2299 1803 2349 οὐδὲ

224 2370 317 2419 τὸν
354 2371 563 2424 ἐκείνου
598 2375 775 2428 οἴδατε
809 2376 945 2443 βίον.
986 2379 1131 2431 Ἀλλ’
1152 2381 1379 2453 ἀναὶδην
1408 2391 1800 2454 συκοφαντεῖτε

229 2462 325 2512 καὶ
347 2461 639 2531 λοιδορεῖ-τε
679 2467 831 2535 αὑτῷ
865 2470 1072 2540 Πέτρου
1108 2474 1341 2544 διαδόχῳ
1378 2477 1515 2541 ὄντι,
1552 2480 1648 2532 καὶ
1694 2481 1801 2551 Ἰη-

232 2556 327 2607 σοῦ
370 2556 462 2608 τοῦ
499 2558 706 2626 Κυρίου
738 2563 927 2631 σχῆμα
964 2568 1184 2635 φέροντι
1214 2571 1293 2631 εἰς
1318 2570 1415 2641 τὴν
1442 2573 1547 2641 γῆν
1568 2588 1582 2603 ’
1617 2578 1663 2628 οἱ
1693 2578 1799 2647 γάρ

229 2650 440 2701 ἐκεῖνον
473 2653 799 2722 ἁμαρτωλὸν
861 2657 1130 2724 λέγοντες,
1166 2662 1332 2729 ὃμοια
1367 2667 1478 2725 τοῖς
1521 2666 1800 2734 Ἰουδαίοις

229 2742 482 2809 λέγουσιν
505 2762 518 2776 ο
563 2748 760 2799 ἐκεῖνοι
789 2749 900 2818 γὰρ
929 2751 1018 2803 τὸν
1064 2755 1127 2805 ὲκ
1164 2756 1394 2824 γενετῆς
1426 2760 1629 2825 τυφλὸν
1658 2763 1797 2815 ἰδόν-

224 2851 316 2895 τες
343 2835 633 2903 βλέποντα,
689 2840 785 2893 καὶ
838 2842 913 2912 τῷ
940 2843 1123 2913 φθόνῳ
1164 2847 1484 2916 τηκόμενοι,
1518 2854 1799 2919 ἐρωτῶσιν

226 2932 392 2983 αὑτὸν
436 2932 709 2999 λέγοντες,
751 2954 769 2985 ι
804 2936 900 2998 Τίς
932 2938 1112 3007 ἡνοιξέ
1148 2956 1240 2992 σου
1273 2943 1397 3004 τοὺς
1439 2943 1749 3014 ὀφθαλμούς
1779 2963 1796 3015 ;

237 3023 299 3074 Ὀ
329 3024 382 3075 δέ
414 3040 601 3093 φησιν,
626 3025 951 3096 Ἀνθρωπος
988 3028 1195 3097 Ἰησοῦς
1239 3031 1560 3100 λεγόμενος,
1591 3035 1800 3098 ἐκεῖνος

227 3131 319 3181 μοι
351 3115 476 3182 ἔφη,
516 3116 685 3186 mea.
716 3119 796 3179 εἰς
840 3118 938 3187 τὴν
978 3121 1373 3192 κολυμϐήθραν
1402 3124 1497 3178 τοῦ
1549 3127 1794 3198 Σιλωὰμ,

854 389 1018 453 PRO
1056 400 1242 460 CONC
1312 404 1670 463 FLORENT
1709 404 1858 465 CM".
1906 408 1974 467 ν.
2013 410 2105 468 DE
2148 407 2495 469 PRIMATU
2542 410 2766 472 PAPJZ.

3358 409 3491 473 I366

2626 527 2769 582 Xlll.

1983 619 2051 673 At
2073 627 2128 673 tu
2152 620 2293 675 ultra
2312 619 2532 674 modum
2554 634 2746 690 papam
2768 618 3026 683 deificas;
3069 632 3169 672 nos
3209 634 3341 672 vero
3376 619 3487 673 sei-

1915 728 2035 765 mus
2063 727 2184 766 eum
2216 713 2491 767 hominem
2523 728 2646 768 esse
2677 720 2734 770 et
2764 721 2982 781 peccato
3006 717 3058 765 et
3084 710 3300 780 probris
3329 726 3489 779 posse

1912 806 2152 877 demergi
2178 847 2193 872 ,
2233 814 2521 876 propterea
2569 807 2622 860 in
2660 806 2727 861 iis
2762 821 2883 875 quae
2917 805 2983 859 ad
3018 806 3175 860 [idem
3215 806 3490 875 pertinent

1918 900 2177 956 nolumus
2220 902 2266 954 ei
2314 900 2601 954 inhaerere.
2637 898 2741 953 Sed
2783 915 2811 953 a
2862 899 3019 954 nobis
3047 900 3159 968 jam
3212 906 3371 953 antea
3408 898 3489 951 di-

1912 1002 2059 1046 ctum
2093 1006 2195 1058 est,
2232 993 2337 1048 hoc
2372 993 2506 1047 nihil
2541 1009 2681 1059 esse,
2719 996 2979 1062 quoniam
3013 1009 3236 1049 necesse
3270 1002 3354 1049 est
3389 1008 3489 1046 nos

1914 1082 2150 1154 aliquem
2202 1086 2358 1155 sequi
2414 1096 2687 1155 pastorem
2728 1104 2740 1140 :
2787 1086 2878 1141 ille
2928 1101 3163 1155 namque
3210 1095 3269 1140 ut
3324 1087 3488 1139 homo

1917 1189 2105 1246 peccat
2153 1179 2427 1244 quotidie.
2476 1178 2541 1233 Si
2579 1180 2724 1233 enim
2771 1194 2879 1234 una
2927 1187 3134 1233 tantum
3172 1178 3305 1233 hora
3345 1189 3491 1231 esset

1913 1270 2022 1322 vita
2069 1281 2254 1324 nostra
2278 1310 2292 1334 ,
2346 1285 2446 1325 nec
2477 1272 2548 1322 ita
2590 1271 2708 1325 sine
2738 1270 2994 1323 sordibus
3022 1285 3143 1323 esse
3179 1284 3486 1339 possemus.

1915 1365 2019 1417 Sed
2052 1365 2118 1418 de
2146 1366 2384 1433 propriis
2420 1366 2660 1431 peccatis
2692 1366 3073 1431 unusquisque
3106 1379 3201 1432 pro
3244 1378 3365 1418 sese
3399 1380 3486 1416 ra-

1914 1459 2115 1513 tionem
2151 1459 2463 1513 redditurus
2492 1468 2596 1525 est,
2636 1470 2694 1512 ut
2728 1476 2869 1527 smpe
2902 1460 3012 1527 jam
3048 1459 3307 1512 diximus.
3344 1456 3488 1511 Satis

1910 1559 1993 1603 cst
2040 1549 2197 1603 nobis
2242 1550 2285 1603 si
2334 1550 2470 1604 bene
2514 1565 2848 1619 pascamur,
2886 1551 3186 1605 secundum
3230 1566 3487 1617 magnum

1912 1643 2198 1709 theologia:
2248 1642 2527 1695 doctorem
2582 1641 2924 1711 Gregorium.
2982 1643 3049 1695 At
3094 1642 3386 1696 seditionis
3433 1655 3489 1695 et

1910 1735 2276 1791 contentionis
2322 1736 2599 1790 studiosus
2652 1735 2867 1804 inquit,
2919 1735 3270 1790 Peccatorem
3325 1745 3490 1804 caput

1909 1843 2030 1881 esse
2082 1844 2187 1881 nou
2242 1832 2433 1897 probo.
2484 1828 2563 1881 Ad
2617 1842 2754 1895 quos
2810 1826 3292 1897 respOudcndum,
3341 1825 3483 1895 quod

1909 1916 2049 1971 bene
2081 1916 2319 1986 cngitata
2358 1929 2534 1971 vestra
2575 1918 2927 1986 percipimus,
2969 1932 3091 1986 quae
3123 1926 3310 1985 postea
3347 1914 3487 1969 infe-

1908 2007 2024 2062 rius
2068 2017 2408 2077 retegcmus,
2453 2010 2554 2063 etsi
2603 2024 2695 2062 vos
2742 2010 2811 2062 ob
2847 2008 3116 2078 ignaviam
3156 2006 3489 2061 obumbrare

1907 2101 2201 2155 conamini.
2242 2100 2395 2155 Nunc
2428 2111 2605 2155 autem
2643 2100 2709 2155 iis
2747 2100 3214 2170 respondebimus,
3246 2114 3364 2169 qum
3396 2114 3491 2167 pa-

1908 2193 2012 2245 lam
2046 2193 2227 2246 dicitis
2255 2234 2267 2257 ,
2319 2195 2443 2261 quia
2492 2211 2553 2247 ex
2586 2194 2752 2249 animi
2788 2194 2918 2249 vitio
2953 2195 3054 2249 hoc
3103 2194 3287 2249 dicitis
3324 2212 3338 2248 :
3378 2208 3489 2248 non

1906 2286 2051 2339 enim
2110 2287 2263 2340 vobis
2318 2288 2592 2357 COgnitum
2647 2295 2731 2341 est
2780 2304 2906 2342 eum
2958 2302 3080 2343 esse
3107 2296 3475 2357 peccatorem.

1906 2393 2085 2446 neque
2118 2378 2272 2432 vobis
2302 2379 2420 2446 ejus
2449 2380 2572 2433 vita:
2600 2379 2743 2433 ratio
2771 2381 2904 2434 satis
2938 2391 3021 2434 est
3050 2388 3353 2449 comperta,
3393 2380 3487 2434 sed

1906 2469 2253 2537 impudenter
2292 2471 2707 2524 calumniamini
2751 2481 2804 2525 et
2844 2472 3230 2552 conrieiamini
3271 2472 3349 2526 illi
3392 2471 3486 2540 qui

1904 2559 2046 2613 l’etri
2083 2577 2363 2615 successor
2394 2571 2503 2623 est,
2538 2571 2592 2616 et
2623 2562 2751 2617 Jesu
2785 2564 2989 2618 Christi
3020 2562 3247 2631 figuram
3278 2563 3332 2617 in
3372 2572 3485 2617 ter-

1905 2655 1982 2707 ris
2012 2656 2171 2721 gerit.
2207 2654 2339 2707 Nam
2372 2656 2463 2723 qui
2509 2670 2634 2708 eum
2682 2666 3024 2724 peccatorem
3062 2657 3375 2727 appellant,
3420 2658 3487 2711 iis

1904 2763 2025 2816 quae
2055 2746 2229 2802 Judaei
2264 2748 2567 2803 aﬂ‘erehaut
2597 2750 2798 2803 similia
2830 2749 3086 2813 all'erunt,
3114 2755 3375 2818 quoniam
3408 2750 3486 2803 ilii

1906 2854 1934 2892 a
1969 2841 2256 2895 nativitate
2288 2857 2493 2896 caecum
2538 2854 2824 2898 cernentes
2856 2844 3061 2907 videre,
3096 2844 3298 2898 invidia
3331 2844 3483 2907 torti,

1900 2947 2028 2985 eum
2082 2934 2420 3003 interroqant
2470 2936 2767 2990 dicentes:
2812 2956 2830 2986 ι
2873 2935 3008 3000 Quis
3051 2937 3261 3004 aperuit
3294 2936 3487 2990 oculos

1902 3024 2066 3079 tuos?
2109 3043 2129 3076 ι
2173 3027 2476 3096 respondit,
2516 3046 2535 3079 ι
2579 3027 2755 3082 llomo
2789 3027 2883 3096 qui
2923 3037 3147 3081 vocatur
3177 3026 3479 3081 Christus:

1901 3118 1949 3170 is
1989 3116 2121 3169 mihi
2166 3118 2304 3172 dixit
2333 3158 2347 3181 ,
2400 3118 2607 3174 Lavare
2640 3120 2691 3173 in
2727 3120 2931 3176 Siloam
2958 3159 2974 3183 ,
3015 3130 3068 3175 et
3111 3120 3257 3175 lotus
3298 3120 3477 3189 recepi

226 3206 327 3257 atat"
346 3205 645 3274 νιψάμενος
674 3208 947 3276 ἀνέϐλεψα
967 3226 980 3240 ⁸
1011 3212 1209 3265 ἐκεῖνοι
1253 3214 1308 3267 δὲ
1341 3214 1699 3283 ὑπερζέοντες
1726 3219 1797 3288 τῷ

1908 3210 2079 3261 lucem
2114 3209 2177 3260 ³⁵.
2217 3229 2235 3261 a
2276 3213 2340 3289 At
2370 3212 2446 3265 illi
2478 3212 2555 3264 ira
2584 3214 2797 3267 accensi
2830 3214 3018 3268 dicunt
3045 3230 3057 3267 :
3089 3232 3107 3265 ι
3146 3214 3217 3267 Da
3250 3214 3480 3283 gloriam

223 3296 408 3366 θυμῷ,
464 3302 613 3366 φασὶ,
642 3300 739 3362 Δὸς
788 3300 949 3365 δόξαν
1005 3302 1084 3371 τῷ
1147 3302 1295 3373 Θεῷ·
1351 3308 1513 3375 ἡμεῖς
1577 3309 1798 3379 οἴδαμεν

220 3391 309 3439 ὅτι
352 3390 380 3439 6
442 3389 731 3458 ἄνθρωπος
785 3386 939 3455 οὗτος
1002 3395 1323 3462 ἁμαρτωλός
1391 3401 1556 3451 ἐστι·
1662 3403 1797 3472 πρὸς

220 3478 319 3542 οὒς
359 3482 386 3533 6
440 3483 571 3535 ποτὲ
604 3483 803 3549 τυφλὸς
850 3487 1055 3554 ἀντέφη
1086 3500 1098 3514 ⁸
1144 3488 1205 3541 Et
1266 3489 1593 3561 ἁμαρτωλός
1622 3497 1792 3564 ἐστιν,

221 3572 328 3622 οὐκ
382 3569 536 3624 οἶδα·
570 3572 628 3625 ἒν
686 3572 825 3638 οῖδα,
868 3577 948 3628 δτι
1014 3578 1217 3647 τυφλὸς
1273 3581 1369 3648 ὢν,
1406 3583 1529 3652 ἄρτι
1593 3586 1793 3653 βλέπω.

236 3664 327 3713 Ἐν
375 3665 483 3732 γὰρ
543 3665 718 3735 τούτῳ
770 3666 831 3719 τδ
877 3666 1194 3737 θαυμαστόν
1256 3672 1426 3736 ἐστιν,
1480 3676 1561 3727 ὅτι
1618 3678 1796 3749 ἀμαρ-

214 3755 389 3815 τωλὺς
452 3755 553 3819 ὢν,
594 3758 774 3827 ἡνοιξέ
834 3776 937 3828 μου
995 3762 1125 3823 τοὺς
1180 3762 1533 3833 ὀφθαλμούς·
1572 3769 1634 3821 ὲκ
1696 3769 1793 3823 τοῦ

213 3848 415 3908 αἰῶνος
438 3847 539 3900 οὐκ
567 3848 812 3919 ἠκούσθη
846 3850 927 3902 ὅτι
945 3851 1126 3920 ἡνοιξέ
1146 3869 1229 3911 τις
1254 3855 1565 3923 ὀφθαλμοὺς
1589 3860 1793 3928 τυφλοῦ

215 3941 595 4007 γεγενημένου
623 3956 638 3973 ο
680 3942 727 3993 ei
786 3941 859 4010 μὴ
892 3936 960 4011 ἦν
994 3942 1152 4005 οὗτος
1184 3948 1336 4016 παρὰ
1370 3948 1462 4000 τοῦ
1496 3950 1655 4009 Θεοῦ.
1693 3954 1795 4008 οὐκ

214 4031 452 4098 ἠδύνατο
479 4034 652 4084 ποιεῖν
683 4033 855 4087 οὐδέν.
890 4051 906 4084 ι
943 4034 1239 4103 Δυνάμεθα
1273 4034 1370 4090 οῦν
1400 4041 1630 4108 στρέψαι
1655 4044 1795 4112 πρὸς

214 4124 316 4173 τὸν
358 4122 602 4191 διάδοχον
640 4122 737 4175 τοῦ
780 4125 985 4194 Πέτρου
1025 4126 1238 4181 ταῦτα’
1276 4130 1336 4191 ὃς
1390 4132 1539 4184 ἐστιν
1572 4136 1600 4185 6
1648 4134 1793 4203 ἱερὸς

216 4216 433 4276 πάπας,
467 4216 548 4267 ὅτι
584 4217 634 4268 ει
687 4216 1014 4287 ἁμαρτωλός
1052 4219 1224 4281 ἐστιν,
1259 4220 1377 4285 πῶς
1439 4227 1795 4294 κατηράσατο

214 4309 374 4375 ὑμῖν,
408 4309 497 4359 καὶ
529 4307 774 4378 ἀφώρισε
802 4310 929 4372 τοὺς
952 4310 1243 4380 Γραικοὺς,
1275 4313 1544 4379 Νικόλαος
1578 4317 1793 4387 πρῶτος

212 4402 276 4451 ὲν
328 4399 405 4467 τῷ
453 4399 628 4469 καιρῷ
666 4401 760 4452 τοῦ
791 4403 1023 4467 Φωτίου,
1075 4404 1169 4457 καὶ
1221 4406 1285 4457 ὲκ
1346 4407 1440 4459 τοῦ
1480 4411 1789 4480 ἀφορισμοῦ

212 4489 452 4550 ἐκείνου,
479 4489 578 4542 οὐκ
602 4489 815 4559 έλειψεν
844 4492 976 4545 ῖῶτα
1006 4493 1065 4547 ἓν
1086 4510 1100 4525 ο
1135 4495 1253 4547 ἀλλ’
1283 4498 1533 4563 ἐγένοντο
1556 4503 1603 4552 οἱ
1630 4503 1792 4571 Γραι⁴

1904 3301 2032 3365 Deo,
2064 3302 2191 3369 quia
2229 3305 2317 3358 hie
2349 3305 2512 3358 hmno
2543 3318 2800 3374 peccator
2826 3320 2944 3373 est;
2982 3327 3000 3358 ι
3039 3310 3242 3378 quibus
3270 3309 3359 3363 ille
3386 3310 3480 3377 qui

1901 3406 2071 3459 nuper
2102 3409 2278 3448 eazcus
2311 3395 2522 3461 fuerat,
2556 3400 2837 3467 respondit
2870 3418 2882 3453 :
2926 3418 2944 3452 ι
2984 3400 3040 3454 Si
3084 3410 3344 3469 peccator
3370 3412 3475 3464 ρει,

1900 3483 2085 3535 nescio
2114 3500 2127 3537 :
2160 3500 2326 3536 unum
2359 3488 2476 3539 scio
2501 3526 2514 3549 .
2542 3489 2687 3555 quod
2724 3505 2902 3545 caecus
2932 3506 3055 3543 cum
3086 3505 3284 3555 essem,
3315 3492 3477 3545 modo

1901 3573 2075 3627 video.
2102 3575 2157 3628 lu
2195 3578 2297 3630 hoc
2330 3581 2470 3631 enim
2501 3582 2748 3636 mirabile
2772 3583 3038 3652 est,quod
3070 3593 3322 3652 peccator
3351 3600 3476 3638 cum

1897 3675 2061 3727 esset,
2088 3668 2302 3735 aperuit
2332 3670 2522 3722 oculos
2551 3685 2724 3738 meos,
2755 3672 2847 3741 qui
2878 3686 3052 3727 cacus
3111 3688 3279 3727 cram.
3301 3674 3343 3727 A
3379 3690 3477 3729 sre-

1898 3758 2028 3810 culo
2064 3774 2173 3813 non
2208 3770 2292 3814 est
2347 3762 2594 3817 auditum
2647 3764 2776 3834 quia
2824 3765 2946 3835 quis
2980 3767 3169 3820 oculos
3201 3770 3478 3837 aperuerit

1898 3851 2029 3904 θαιτὶ
2067 3853 2201 3907 nati.
2235 3853 2351 3907 Nisi
2382 3864 2527 3909 esset
2556 3857 2649 3911 hic
2681 3874 2710 3911 a
2743 3857 2873 3922 Deo,
2906 3874 3012 3913 non
3049 3870 3260 3929 poterat
3296 3862 3476 3917 facere

1897 3943 2214 4013 quicquam.
2259 3966 2277 3998 ι
2315 3946 2615 4005 Possumus
2650 3950 2817 4019 igitur
2852 3951 2966 4005 haec
2996 3954 3062 4006 ad
3092 3968 3473 4009 successorem

1900 4034 1992 4088 Dei
2028 4036 2350 4100 traducere,
2389 4040 2480 4106 qui
2514 4050 2597 4095 est
2646 4050 2873 4115 sanctus
2905 4058 3064 4112 papa.
3110 4043 3169 4097 Si
3221 4054 3475 4113 peccator

1894 4136 1977 4180 est
2004 4167 2017 4191 ,
2053 4130 2330 4196 quomodo
2363 4131 2641 4187 maledixit
2675 4132 2875 4189 vobis?
2910 4133 2973 4188 Et
3000 4135 3218 4191 Graecos
3253 4151 3476 4189 excom-

1894 4218 2188 4273 municavit
2224 4218 2479 4277 Ficolaus
2511 4222 2524 4275 l
2564 4225 2896 4293 temporibus
2950 4225 3127 4281 Photii
3161 4228 3261 4297 (1),
3297 4241 3348 4283 et
3380 4246 3473 4283 οι·

1893 4311 2384 4366 communicationi
2416 4313 2492 4367 illi
2525 4330 2631 4369 non
2660 4315 2834 4370 defuit
2863 4318 2967 4370 iota
2998 4334 3186 4385 unum,
3220 4321 3311 4375 sed
3343 4319 3467 4375 facti

1894 4412 2025 4457 sunt
2060 4406 2258 4474 captivi
2286 4448 2300 4469 ,
2337 4416 2393 4459 ιιι
2426 4408 2472 4462 is
2504 4410 2558 4462 in
2588 4413 3160 4469 excommunicatione
3190 4416 3327 4470 dixit
3356 4459 3369 4482 ,
3409 4420 3461 4473 in

1894 4510 2085 4550 omnes
2113 4509 2325 4564 gentes,
2359 4508 2614 4570 tanquam
2644 4502 2814 4556 Judaei
2846 4519 2860 4553 :
2890 4506 3153 4574 scriptum
3186 4516 3271 4562 est
3296 4509 3465 4572 enim,

212 4580 309 4631 κοί
360 4578 433 4640 ὡς
469 4580 674 4641 ἐκεῖνος
727 4582 784 4632 ὲν
814 4580 890 4650 τῷ
927 4584 1219 4654 ἀφορισμῷ
1272 4587 1401 4656 ἔφη,
1449 4570 1788 4657 αἰχμάλωτοι

1902 4586 2218 4643 Peccatores
2254 4603 2360 4643 non
2391 4592 2543 4644 audit
2595 4593 2752 4648 Deus.
2796 4594 2850 4647 Si
2883 4570 3135 4663 peccator
3165 4606 3251 4652 est
3274 4642 3290 4665 ,
3326 4616 3466 4669 quo-

209 4671 294 4732 εξς
330 4668 507 4721 πάντα
530 4668 598 4721 τά
640 4669 792 4736 ἔθνη,
848 4672 1039 4743 ὥσπερ
1074 4676 1123 4727 οἱ
1161 4676 1445 4741 Ἰουδαῖοις
1490 4682 1552 4733 Εἰ
1613 4683 1788 4754 ἀμαρ‹

206 4758 386 4820 τωλός
426 4759 561 4824 ἐστι,
605 4760 722 4823 πῶς
746 4762 1107 4832 ἑπηκούσθης
1167 4768 1483 4836 γέγραπται
1533 4771 1644 4843 γὰρ
1706 4775 1787 4827 ὅτι

208 4849 562 4915 ἁμαρτωλῶν
593 4853 619 4902 6
644 4851 776 4914 Θεὸς
803 4854 903 4906 οὐκ
926 4854 1169 4911 ἀκούει.»
1212 4857 1369 4913 Οὕτω
1399 4862 1497 4931 μὲν
1519 4859 1695 4927 οὗτος.
1727 4866 1786 4918 Ὀ

205 4942 267 4990 δὲ
317 4942 660 5004 Ἰννοκέντιος
693 4946 799 5013 πρὸ
844 4946 1038 5000 τούτου
1074 4950 1322 5017 ἀφώρισε
1373 4953 1477 5023 τὴν
1505 4957 1783 5023 Εὐδοξίαν,

198 5031 299 5083 διὰ
336 5031 434 5095 τὴν
486 5034 698 5103 ὲξορίαν
726 5036 820 5089 τοῦ
874 5040 1264 5112 Χρυσοστὸμου
1294 5061 1309 5077 ο
1344 5063 1439 5099 και
1479 5048 1716 5121 ἔτρεμεν
1755 5056 1782 5107 6

199 5126 386 5191 τάφος
418 5124 605 5195 αὐτῆς,
640 5127 746 5191 ἕως
775 5129 834 5182 οῦ
874 5135 1362 5202 παρακαλέσαντες
1405 5142 1589 5205 αὑτὸν,
1621 5145 1781 5199 ἔλυσε

202 5219 307 5270 τὸν
339 5218 679 5288 ἀφορισμὸν·
716 5225 809 5275 καὶ
848 5224 978 5295 ἔστη
1026 5228 1185 5292 εὐθὺς
1209 5231 1236 5281 6
1268 5233 1455 5296 κλόνος
1484 5236 1577 5288 τοῦ
1608 5240 1780 5308 τάφου

192 5306 403 5373 αὐτῆς.
438 5308 558 5370 Πῶς
585 5309 643 5363 δὲ
684 5313 777 5363 καὶ
834 5313 930 5367 νῦν
987 5318 1210 5385 γέγονεν
1268 5324 1327 5374 ὲν
1370 5328 1485 5387 ταῖς
1542 5306 1781 5398 ἡμέραις

190 5398 392 5471 ἠλῶν,
413 5400 471 5450 ἐν
492 5400 569 5465 τῷ
596 5404 771 5473 καιρῷ
792 5404 1060 5461 Νικολάου
1083 5411 1335 5479 πέμπτου
1364 5419 1781 5492 πάπαῬώμηε,

277 5541 328 5572 ³⁸
358 5541 515 5598 Joan.
550 5560 628 5609 Ix,
660 5544 714 5601 7.

235 5704 363 5829 Ι(1)
398 5703 532 5758 Vide
569 5719 660 5774 ep.
701 5705 768 5761 ad
818 5705 1131 5766 Michaclem
1182 5713 1304 5782 imp.
1353 5728 1405 5771 et
1433 5722 1571 5789 apud
1613 5722 1772 5777 Nite-

257 5790 463 5829 mrum.

186 5790 463 5851 [ﬁliiﬁlii-'0.

277 5844 361 5909 (σε)
399 5844 744 5905 innocentius
778 5848 838 5917 Ι,
876 5849 943 5907 de
980 5868 1088 5923 quo
1124 5870 1306 5925 supra.

1896 4680 2055 4733 modo
2089 4680 2191 4734 fuit
2221 4682 2554 4737 exauditus?
2585 4684 2653 4739 At
2686 4684 2774 4740 hic
2800 4689 3020 4755 quidem
3051 4690 3153 4747 sic.
3194 4694 3464 4747 Innocen-

1895 4771 2006 4825 tius
2041 4772 2118 4841 (2)
2150 4783 2275 4827 ante
2308 4774 2453 4827 hunc
2479 4773 2776 4831 Eudoxiam
2813 4778 2881 4833 ob
2918 4779 3291 4851 Chrysostomi
3321 4786 3468 4840 exsi-

1891 4864 2023 4917 lium
2055 4868 2574 4933 excommunicavit;
2600 4878 2654 4924 ct
2678 4870 2959 4925 intremuit
2981 4872 3102 4942 ejus
3129 4876 3463 4944 sepulcrum,

1892 4955 2066 5012 donec
2097 4967 2355 5013 revocato
2390 4976 2456 5013 eo
2487 4965 3107 5021 eacommuuicationem
3142 4971 3371 5037 remisit,
3408 4984 3463 5027 et

1888 5054 2072 5104 statim
2127 5054 2377 5107 constitit
2425 5055 2571 5109 illius
2620 5066 2825 5111 tremor
2876 5062 3134 5131 sepulcri.
3184 5066 3288 5120 Sed
3327 5069 3457 5135 quid

1886 5144 2067 5197 evenit
2111 5155 2295 5198 nostra
2347 5150 2610 5203 memoria
2649 5166 2793 5205 nunc
2822 5153 2924 5206 sub
2956 5154 3175 5211 Nicolao
3208 5157 3246 5212 V
3279 5161 3459 5227 ponti-

1888 5235 1989 5289 ﬁce
2039 5238 2323 5292 maximo?
2372 5255 2494 5294 cum
2546 5242 2701 5310 legati
2739 5259 2767 5296 a
2816 5246 3179 5304 Constantino
3219 5252 3457 5320 impera-

1890 5338 2043 5390 tore,
2095 5333 2187 5398 qui
2237 5332 2535 5387 vocabatur
2567 5335 2835 5405 Dragases
2883 5339 2959 5405 (3)
2984 5381 2998 5404 ,
3037 5341 3103 5396 ad
3136 5358 3259 5398 eum
3301 5348 3454 5401 missi

1886 5422 2068 5476 adlme
2108 5426 2432 5493 supersint:
2467 5425 2667 5497 quibus
2714 5428 2923 5485 litteras
2968 5433 3115 5487 dedit
3159 5436 3347 5504 plenas
3388 5440 3456 5492 ti-

1958 5731 2033 5790 (5)
2069 5730 2473 5815 Constantinus
2512 5739 3077 5815 Dragasessnceessit
3118 5746 3169 5798 in
3218 5747 3452 5815 imperio

1883 5798 2075 5923 ,Ιοῖιιιιῖι
2125 5800 2421 5875 Palrulngo
2464 5798 2677 5876 iratri“,
2710 5814 2801 5882 qui
2857 5798 3101 5869 interluit
3134 5798 3451 5874 Florentino

1883 5883 2029 5923 conci
2060 5889 2123 5923 ευ,

1883 5883 2123 5925 (οιιιηιιυ,
