4156 6420
194 399 324 462 1369

853 389 1006 454 PRO
1041 397 1251 458 CUNC.
1289 398 1655 462 FLOREVT.
1694 399 1852 460 CAP.
1898 402 1960 460 Υ.
2010 402 2107 460 DE
2145 401 2494 464 Pitl‘lI-lTU
2537 406 2672 464 PAl’
2700 407 2763 464 Ε.

3318 411 3454 474 13⁸70

189 515 422 584 αἵματος
477 513 644 582 πολλὴ
695 515 954 582 γέγονεν·
997 515 1342 584 ἒμιάνθησσιν
1395 516 1763 586 μονὰστριαι’

1872 525 2096 579 catum,
2148 534 2340 587 magna
2393 521 2677 576 saneuinis
2726 521 2924 576 cmtsio
2967 534 3194 587 secuta.
3239 527 3457 592 pollutre

186 610 508 678 ἐφθάρησαν
583 609 882 676 παρθένοι·
948 609 1478 677 ἀπεκεφαλίσθησαν
1543 607 1763 676 βρέφηο

187 702 460 754 ἀπέθανον
499 701 776 769 μαχαίρας
812 701 920 754 τῶν
951 701 1189 764 ἀσεϐῶν,
1224 702 1509 770 ὧρχοντες,
1545 701 1767 771 ἱερομό-

182 813 369 866 ναχοι,
397 795 582 863 ἱερεῖς,
631 795 951 862 ἡγούμενοι.
1003 795 1216 863 ἄνδρε·,
1267 798 1563 860 γυναῖκες·
1597 794 1768 864 γάμοι

183 888 590 956 ἐχωρίσθησαν,
618 888 738 939 ναοὶ
768 887 1232 956 κατεπατήθησαν
1265 888 1358 941 καὶ
1409 888 1767 958 ὑϐρίσθησαν,

189 982 365 1050 σκεύη
401 983 520 1050 ἱερὰ
563 980 1011 1048 συνεθλάσθησαν
1036 998 1049 1010 ο
1087 981 1296 1044 εἰκόνες
1349 983 1767 1051 κεκοσμημέναι

185 1075 655 1143 κατεπατήθησαν
694 1075 787 1126 καὶ
821 1074 1252 1143 ὲνεπτύσθησαν.
1285 1075 1446 1139 Οἶμοι
1482 1075 1558 1143 τῷ
1579 1076 1768 1128 ταλαι-

179 1166 354 1235 πώρῳ
378 1182 436 1218 τε
469 1166 562 1218 καὶ
621 1166 830 1236 ἁθλίῳὶ
893 1167 975 1228 τίς
1026 1167 1216 1228 ἱκανὸς
1249 1167 1670 1236 ὲκτραγῳδῆσαι
1707 1167 1768 1218 τὸ

182 1257 376 1321 πάθος,
413 1260 509 1310 καὶ
546 1258 860 1325 ἀναγγεῖλαι
906 1258 1006 1327 τὴν
1041 1260 1328 1326 συμφοράν
1358 1275 1371 1324 ;
1404 1258 1548 1324 Φεῦ,ι
1586 1259 1691 1312 ποῦ
1732 1261 1764 1329 ή

183 1346 445 1417 βασιλικὴ
494 1349 840 1415 παράστασις
887 1350 983 1402 καὶ
1033 1349 1381 1419 παράταξιςς
1446 1349 1550 1403 ποῦ
1592 1352 1625 1420 ή
1672 1349 1766 1402 τοῦ

177 1440 454 1493 παλατίου
498 1439 786 1506 σύνταξιςο
817 1441 920 1494 ποῦ
960 1442 987 1494 ὁ
1025 1441 1281 1504 τοσοῦτος
1321 1442 1490 1511 ἐσμὸς
1530 1443 1638 1496 τῶν
1671 1443 1767 1512 ἅρ-

184 1534 426 1609 χὸντωνς
462 1534 564 1587 ποῦ
598 1536 658 1587 τὸ
687 1535 1076 1606 παιδευτήριον
1117 1537 1218 1605 τῆς
1245 1537 1440 1603 σοφίας
1465 1554 1479 1603 ;
1509 1538 1657 1607 οἶμοι
1691 1538 1768 1607 τῷ

180 1627 419 1680 τάλανιι
458 1627 561 1681 ποῦ
596 1628 627 1698 ή
673 1629 1048 1700 πατριαρχικὴ
1099 1629 1404 1699 διοίκησιςς
1450 1632 1554 1684 ποῦ
1593 1633 1625 1701 ἡ
1667 1632 1768 1698 τῆς

197 1719 529 1783 Ἐκκλησίας
556 1721 790 1792 καλλονή
815 1737 829 1752 ο
863 1723 964 1776 ποῦ
997 1724 1024 1775 ὁ
1049 1723 1304 1787 τοσοῦτος
1327 1725 1422 1777 καὶ
1449 1723 1769 1794 τηλικοῦτος

178 1810 278 1864 τοῦ
312 1812 699 1882 ἀρχιερατικοῦ
729 1832 788 1867 τε
825 1817 916 1868 καὶ
955 1816 1412 1886 ἱερομοναχικοῦ,
1443 1817 1541 1869 καὶ
1594 1835 1761 1887 μονα-

1875 608 2141 660 moniales
2166 647 2180 670 .
2215 610 2454 678 virgines
2487 623 2754 680 corrupta:
2779 655 2792 675 ,
2830 624 2994 684 caput
3024 615 3321 672 infantibus
3358 620 3456 673 ab-

1872 700 2128 760 scissum.
2161 703 2455 769 impiorum
2488 707 2739 760 manilius
2771 708 3046 776 principes
3081 709 3395 763 occiderunt
3425 724 3441 766 :

1874 795 2132 849 monachi
2173 797 2312 850 sacri
2341 836 2356 860 ,
2414 800 2728 854 sacerdotes
2753 839 2769 861 ,
2818 804 3141 872 praepositi,
3193 804 3294 857 viri
3324 844 3337 865 .
3381 805 3460 859 fc-

1873 886 2064 942 mina).
2119 889 2402 946 Connubia
2457 901 2586 947 sunt
2640 893 2852 950 divulsa
2885 937 2897 958 ,
2952 911 3108 950 sacra
3157 912 3286 950 vasa
3329 913 3461 950 con-

1873 977 2070 1043 fracta,
2106 981 2373 1050 imagines
2415 987 2784 1041 ornatissimae
2816 989 3148 1043 conculcatze
3183 992 3349 1045 sunt!
3397 1005 3460 1043 ac

1873 1074 2049 1143 sputis
2079 1084 2477 1141 conspurcalas.
2507 1077 2550 1131 Ο
2577 1094 2662 1132 me
2689 1079 2949 1132 miserum
2978 1089 3138 1149 atque
3158 1081 3454 1137 infelicem!

1871 1167 1995 1234 quis
2046 1163 2251 1231 poterit
2286 1180 2526 1232 unquam
2569 1175 2772 1220 tantam
2818 1168 3026 1221 cladem
3077 1169 3359 1236 deplorare
3398 1178 3457 1223 et

1872 1258 2053 1308 verbis
2079 1257 2332 1311 acerbum
2365 1273 2553 1312 casum
2581 1260 2929 1326 exprimere?
2959 1259 3070 1313 Heu
3102 1261 3116 1312 Ξ
3151 1259 3240 1314 ubi
3273 1262 3455 1329 regius

1873 1360 2171 1417 apparatus
2200 1361 2254 1404 et
2291 1351 2637 1406 comitatus?
2671 1352 2760 1404 ubi
2798 1355 2933 1406 ordo
2977 1351 3162 1421 palatii
3195 1361 3252 1407 et
3279 1354 3454 1407 disci-

1873 1442 2073 1510 plina?
2109 1444 2200 1498 ubi
2240 1454 2316 1498 tot
2349 1446 2654 1514 principum
2700 1447 2974 1499 examen?
3013 1446 3102 1499 ubi
3134 1446 3335 1501 scholae
3367 1461 3456 1500 sa-

1872 1536 2124 1603 pientiai?
2162 1553 2242 1593 va)
2297 1539 2428 1592 mihi
2463 1539 2700 1592 misero!
2740 1538 2826 1592 ubi
2861 1538 3236 1606 patriarclialis
3285 1541 3455 1594 admi-

1873 1631 2142 1691 nistratio,
2175 1631 2272 1686 ubi
2305 1638 2534 1689 ornatus
2564 1630 2863 1685 Ecclesiae?
2899 1633 2988 1684 ubi
3020 1641 3205 1685 tantus
3237 1643 3288 1686 ct
3325 1633 3448 1687 talis

1873 1738 2154 1777 sacrorum
2209 1724 2602 1777 monachorum
2657 1738 2719 1777 ac
2776 1738 2882 1775 non
2934 1739 3212 1778 sacrorum
3271 1725 3450 1786 ordo,

1873 1817 2076 1870 chorus
2122 1825 2173 1869 el
2221 1816 2530 1869 numerus?
2576 1816 2666 1869 ubi
2716 1817 3109 1869 monachorum
3150 1824 3203 1868 et
3237 1817 3452 1868 monia-

185 1876 682 1976 ptxoﬁir‘éypato;
718 1910 879 1977 χορός
912 1926 971 1962 τε
1123 1876 1528 1981 ἀριθμός,ποῦ
1555 1876 1624 1964 τα
1653 1910 1762 1962 τῶν

1871 1910 2000 1964 lium
2035 1908 2305 1963 ordines?
2348 1907 2486 1962 Ecce
2513 1947 2528 1970 ,
2571 1923 2754 1962 nonne
2788 1917 2994 1962 cunctae
3034 1917 3166 1959 sunt
3206 1923 3232 1958 a
3272 1907 3455 1959 Malm-

186 2000 443 2069 μοναχῶν
469 2001 729 2070 τάγματα
759 2003 854 2055 καὶ
885 2003 1260 2072 μοναστριῶν;
1291 2004 1407 2058 Οὐκ
1441 2003 1553 2056 ἰδοὺ
1599 2019 1764 2056 κατι-

183 2094 432 2160 πόθηοαν
466 2095 570 2146 ὑπὸ
621 2095 714 2148 τού
762 2097 1008 2164 Μωὰμεθ
1043 2098 1109 2150 τα
1144 2097 1322 2150 πάντα
1355 2115 1368 2160 ;
1407 2098 1514 2149 Καὶ
1569 2097 1667 2150 οὐκ
1705 2099 1766 2149 ἐν

182 2186 322 2255 αύτῇ
386 2186 521 2258 μόνῃ
573 2191 638 2257 τῇ
703 2188 1068 2259 βασιλευούσῃ
1127 2189 1238 2242 τῶν
1269 2190 1480 2242 πόλεων
1513 2190 1761 2256 ἐγεγόνει

181 2276 338 2327 τουτὶ
386 2276 445 2328 τὸ
497 2276 686 2336 κακὸν.
721 2277 856 2330 ἀλλὰ
889 2279 981 2330 καὶ
1009 2280 1088 2340 είς
1121 2278 1223 2341 τὰς
1274 2278 1394 2346 μετ’
1427 2278 1619 2346 αὐτὴν,
1684 2278 1764 2331 ἔτι

185 2370 360 2421 πλείω
377 2370 467 2421 καὶ
487 2371 737 2439 χείριστα
758 2388 772 2402 ο
799 2373 892 2424 καὶ
910 2372 1128 2441 ὁρῶμεν
1151 2373 1324 2440 ἁνεῳγ
1339 2374 1530 2440 μένοις
1565 2372 1767 2440 οφθαλ-

191 2465 314 2529 μοίς
343 2464 468 2515 καθ’
501 2464 719 2534 ἡμέραν
755 2465 848 2518 καὶ
878 2465 1128 2534 νοοῦμεν.
1157 2466 1318 2528 Τίνος
1342 2467 1532 2518 ἕνεκεν
1557 2466 1760 2530 tufam;

187 2559 258 2608 'll
293 2557 448 2624 ὑμεῖς
483 2556 674 2610 εἴπατέ
709 2575 800 2625 μοι
834 2558 926 2611 διὰ
971 2557 1062 2610 τὸν
1095 2559 1323 2627 Κύριον,
1358 2562 1404 2612 εί
1441 2559 1540 2629 μὲν
1573 2561 1764 2624 εἴπητε

186 2649 266 2709 ὡς
299 2647 526 2701 εἰώθατε
561 2649 743 2716 λέγειν
777 2652 859 2702 ὅτι
885 2649 975 2702 διὰ
1004 2650 1100 2712 τὰς
1132 2651 1408 2718 ἁμαρτίας
1443 2650 1599 2720 ήμῶν
1620 2649 1766 2702 τοῦτ’

188 2742 428 2804 ἐγένετο,
479 2741 578 2793 οὐκ
613 2741 761 2794 ἔστιν
800 2741 993 2804 οὕτως,
1027 2743 1139 2809 ἐγὼ
1174 2743 1343 2808 λέξω·
1375 2744 1436 2796 οὐ
1471 2744 1581 2810 γὰρ
1629 2744 1767 2805 μᾶλ-

190 2835 284 2882 λον
329 2834 510 2900 ἡμεῖς,
567 2833 599 2901 ἢ
639 2834 706 2886 τὰ
738 2834 905 2886 λοιπὰ
959 2836 1067 2887 τῶν
1099 2836 1446 2905 Χριστιανῶν
1480 2836 1612 2904 γένη
1643 2836 1764 2897 ταῖς

192 2924 352 2984 ἰδίαις
385 2923 476 2976 τὸν
506 2923 639 2976 Θεὸν
684 2925 1096 2996 παροργίζομεν
1131 2926 1434 2994 ἁμαρτίαις
1460 2944 1473 2958 ο
1513 2927 1622 2978 εἰσὶ
1656 2927 1764 2996 γὰρ

186 3014 325 3066 ἄλλα
349 3015 477 3084 γένη
502 3015 686 3068 πλεῖον
714 3016 1010 3085 βλάσφημα
1045 3017 1139 3070 καὶ
1173 3018 1498 3087 ἀμαρτωλά.
1546 3019 1668 3079 Πῶς
1701 3019 1762 3070 οὐ

188 3107 490 3175 πάσχουσιν
519 3106 695 3168 οὕτως
735 3107 810 3169 ὡς
861 3110 921 3159 τὸ
972 3110 1244 3178 ἡμέτερον
1300 3109 1633 3162 ἀθλιώτατον
1671 3111 1764 3161 καὶ

1872 2010 2011 2055 n-etc
2044 1999 2348 2068 absorpta?
2381 1998 2489 2054 Nec
2523 1989 2733 2054 tantum
2767 2001 2819 2053 in
2859 2000 2972 2067 ipsa
3016 2000 3235 2053 urbium
3267 2001 3452 2066 regina

1866 2109 1928 2148 ca
1956 2092 2095 2146 mala
2123 2092 2416 2153 obvenere,
2452 2107 2637 2144 verum
2669 2092 2830 2144 etiam
2866 2093 2918 2144 in
2979 2091 3242 2158 subjectis
3277 2094 3454 2158 regio-

1870 2188 2032 2240 nibus
2060 2185 2209 2254 plura
2243 2200 2304 2236 ac
2329 2184 2636 2249 deteriora;
2675 2199 2878 2252 perque
2906 2183 3154 2250 singulos
3187 2183 3301 2236 dies
3338 2185 3451 2236 lucc

1871 2281 2075 2348 apertis
2099 2278 2278 2333 oculis
2301 2278 2580 2329 intuemur
2607 2285 2659 2330 et
2686 2276 3061 2345 intelligimus.
3086 2277 3448 2341 Quamobrem

1868 2386 1999 2441 ergo
2045 2370 2199 2424 haec?
2242 2369 2323 2422 vel
2362 2383 2456 2422 vos
2499 2366 2630 2420 mihi
2676 2368 2871 2430 dicite,
2908 2382 3003 2435 per
3038 2364 3356 2420 Dominum.
3394 2365 3449 2418 Si

1867 2463 2149 2525 dixeritis,
2201 2470 2258 2515 ut
2301 2460 2484 2515 dicere
2526 2459 2876 2521 consuestis,
2911 2458 2981 2513 ob
3026 2467 3215 2512 nostra
3251 2457 3448 2512 delicta

1871 2559 1984 2611 hrrc
2007 2555 2281 2613 evenisse,
2316 2568 2423 2606 non
2457 2552 2529 2606 ita
2557 2565 2616 2606 se
2645 2566 2730 2604 res
2757 2540 3049 2619 habetego
3077 2550 3278 2614 dicam,
3309 2563 3450 2617 quo-

1870 2649 2013 2703 niam
2057 2663 2164 2701 non
2210 2647 2386 2716 magis
2435 2659 2535 2698 nos
2567 2659 2730 2712 quam
2764 2651 2975 2696 creterae
3005 2641 3448 2696 Christianorum

1869 2749 2059 2810 gentes
2110 2736 2315 2791 nostris
2363 2733 2688 2788 criminibus
2739 2733 2908 2786 Deum
2959 2731 3262 2786 irritamus.
3313 2731 3454 2784 Sunt

1869 2835 2013 2890 enim
2052 2841 2108 2887 et
2141 2831 2260 2884 alim
2291 2830 2544 2883 nationes
2573 2827 2748 2896 magis
2782 2825 3086 2880 sceleribus
3122 2833 3176 2877 et
3210 2823 3453 2892 peccatis

1868 2925 2158 2988 obnoxiae;
2190 2921 2468 2991 quomodo
2491 2933 2598 2972 non
2632 2917 2947 2986 afﬂiguntur
2985 2924 3043 2969 ut
3082 2923 3267 2969 nostra
3302 2915 3449 2966 infe-

1869 3017 2129 3072 licissima
2209 3022 2264 3069 et
2304 3010 2613 3066 miseranda
2664 3008 2852 3063 natio?
2902 3008 2991 3062 Vae
3038 3007 3169 3060 mihi
3216 3007 3452 3059 misero!

1868 3112 2024 3165 Alius
2055 3125 2119 3164 ex
2153 3108 2261 3161 alio
2280 3105 2512 3162 subinde
2542 3104 2635 3167 fio,
2658 3117 2780 3157 cum
2805 3102 2870 3155 ad
2901 3101 3014 3156 lucc
3038 3101 3282 3155 animum
3320 3115 3456 3153 cou-

187 3198 426 3250 ἐλεεινὸν
453 3199 640 3265 γένος;
671 3199 806 3251 Οὐαί
839 3219 929 3269 μοι
955 3202 1029 3267 τῷ
1067 3202 1432 3271 ταλαιπώριρι
1467 3203 1595 3256 ὅταν
1632 3205 1764 3256 ἁπο-

1871 3214 2060 3268 vcrto,
2095 3210 2148 3257 et
2177 3216 2272 3255 cor
2305 3213 2486 3253 meum
2531 3195 2894 3250 conturbatur
2941 3206 2994 3248 ct
3031 3194 3262 3261 Spiritus
3298 3207 3457 3245 meus

187 3289 372 3358 ϐλέψω
421 3291 558 3359 πρὸς
592 3292 768 3356 τοῦτο,
817 3293 974 3354 ἄλλος
1006 3294 1062 3357 ἐξ
1108 3294 1271 3346 ἄλλου
1307 3295 1532 3362 γίνομαι
1560 3310 1574 3323 °
1607 3296 1703 3348 καὶ
1730 3297 1763 3364 ἡ

185 3383 335 3450 ψυχή
374 3399 473 3449 μου
503 3383 861 3450 ταράττεται,
893 3384 991 3435 καὶ
1028 3385 1236 3454 ίλιγγιᾷ
1267 3403 1370 3453 μου
1409 3386 1470 3438 τὸ
1499 3386 1722 3454 πνεῦμα
1748 3402 1762 3416 ⁸

187 3477 273 3526 ὅτι
299 3475 408 3525 τῶν
443 3473 715 3528 Ἰουδαίων
744 3475 804 3528 τὸ
846 3476 1024 3543 γένος,
1053 3476 1148 3528 δύο
1175 3477 1454 3544 ἁμαρτίας
1502 3477 1765 3544 ποιῆσαν,

185 3565 345 3632 δίκην
375 3563 545 3615 ἔδωκε
574 3565 714 3616 κατὰ
741 3565 828 3617 τδν
872 3567 1164 3634 προφήτην
1192 3582 1205 3595 ο
1243 3567 1381 3618 «Δύο
1413 3568 1506 3618 καὶ
1554 3566 1766 3635 πονηρὰ

186 3655 435 3722 ἐποίησε,
471 3657 658 3724 φησὶν,
713 3657 741 3707 ὁ
792 3656 1141 3724 πρωτότοκος
1193 3659 1309 3720 υἱός
1365 3677 1466 3726 μου
1509 3657 1762 3728 Ἰσραήλο

187 3748 291 3812 ἐμὲ
346 3748 668 3814 ἐγκατέλιπε
725 3748 907 3816 πηγὴν
951 3747 1138 3811 ὓδατος
1190 3749 1358 3815 ζωῆς,
1413 3751 1506 3802 καὶ
1556 3749 1766 3817 ὤρυξεν

187 3840 369 3906 ἑαυτῷ
403 3840 638 3901 λάκκους
670 3841 1202 3908 συντετριμμένουςο
1252 3860 1269 3891 ι
1317 3841 1411 3894 καὶ
1463 3843 1494 3909 ἠ
1536 3842 1766 3911 Ἐκκλη-

189 3930 306 3989 σία,
343 3929 474 3997 Ἐμὲ
502 3930 593 3979 ἐπὶ
646 3928 806 3992 ξύλου
840 3929 1218 3998 ἐσταύρωσαν,
1250 3933 1341 3984 τὸν
1373 3932 1431 3985 δὲ
1473 3932 1766 4002 Βαραὸὁᾶν

183 4024 466 4093 ⁴ᾐτήσαντο
510 4021 606 4075 καὶ
636 4023 934 4076 ἀπέλυσαν.
995 4025 1218 4093 Πρῶτον
1249 4025 1454 4087 τοίνυν,
1490 4026 1767 4077 εἰδωλολο-

182 4115 447 4182 τρεῦσαν,
473 4115 858 4184 ᾐχμαλωτίσθη
911 4118 991 4178 εἰς
1025 4117 1238 4184 Μηδίαν
1289 4119 1386 4170 καὶ
1418 4118 1719 4171 Βαϐυλῶνα
1747 4135 1760 4150 ο

182 4206 464 4275 δεύτερον,
495 4207 908 4275 σταυρώσαντες
937 4209 1027 4261 τὸν
1061 4209 1264 4279 Κύριον
1293 4211 1451 4279 ἡμῶν
1487 4212 1577 4263 καὶ
1607 4210 1756 4268 Θεὸν,

183 4303 529 4370 αἰχμάλωτοι
561 4301 853 4368 γεγόνασιν
911 4303 988 4363 είς
1038 4304 1218 4356 πάντα
1269 4303 1338 4354 τὰ
1392 4301 1546 4370 ἔθνη.
1605 4303 1676 4354 Τὸ
1708 4301 1764 4354 δὲ

185 4397 458 4464 ἡμέτερον
503 4394 682 4460 γένος,
718 4393 761 4444 ὦ
788 4394 886 4461 τῆς
929 4396 1238 4463 συμφορᾶς,
1273 4394 1375 4462 φεῦ
1404 4396 1501 4461 τῆς
1533 4393 1759 4460 ὀδύνηςῐ

183 4488 318 4540 οὔτε
356 4488 590 4550 εἰδώλοις
621 4489 749 4539 ποτὲ
795 4489 1144 4556 ἐλάτρευσεν,
1177 4487 1301 4540 οὕτε
1347 4487 1438 4539 τὸν
1495 4488 1620 4540 Υίὸν
1663 4487 1760 4540 τοῦ

1869 3305 2098 3357 aestuat,
2145 3293 2271 3362 quia
2318 3290 2631 3345 .ludreorum
2683 3301 2852 3356 gens,
2905 3299 3026 3355 qua:
3074 3287 3184 3338 dtto
3220 3284 3454 3338 crimina

1869 3388 2187 3448 commisit,
2243 3382 2549 3439 secundum
2627 3380 2948 3450 prophetam
3013 3378 3163 3433 dedit
3223 3391 3455 3446 ptenas,

1877 3503 1894 3533 ι
1942 3481 2057 3533 Duo
2087 3479 2230 3534 enim
2261 3477 2400 3530 mala
2432 3475 2558 3530 fecit
2584 3515 2598 3539 ,
2626 3473 2839 3542 inquit.
2874 3472 3270 3540 primogenitus
3303 3485 3458 3525 meus

1876 3575 2021 3627 filius
2053 3570 2222 3625 Israel
2247 3568 2292 3600 ³⁸
2323 3585 2336 3622 :
2377 3587 2394 3619 ι
2433 3581 2520 3621 me
2550 3565 2842 3633 dereliquit
2873 3562 3075 3617 fontem
3111 3579 3266 3631 aqu'c
3295 3565 3452 3625 vit-aa,

1867 3675 1920 3720 ct
1959 3662 2147 3717 effodit
2188 3659 2292 3716 sibi
2338 3658 2630 3713 cisternam
2678 3655 3034 3722 dissipatam:
3069 3662 3122 3708 et
3158 3654 3402 3708 ΕοιΙεεὶα
3431 3695 3447 3719 ,

1867 3756 1949 3808 Me
1983 3756 2036 3807 in
2068 3754 2216 3822 ligno
2248 3751 2638 3804 crucifixerunt
2659 3788 2672 3810 ,
2727 3747 3022 3801 Barabbam
3058 3759 3189 3799 vero
3220 3738 3460 3812 postilla-

1865 3855 2062 3902 verunt
2093 3855 2146 3899 et
2177 3844 2499 3897 liberarunt.
2532 3840 2778 3893 Primum
2812 3839 2977 3908 igitur
3012 3852 3134 3891 cum
3168 3837 3330 3891 idolis
3367 3839 3458 3889 in-

1867 3941 2133 3995 scrvisset
2159 3976 2174 4000 ,
2212 3937 2264 3989 in
2300 3934 2676 4004 captivitatem
2713 3931 2986 3986 abductus
3018 3938 3102 3984 est
3133 3931 3185 3983 in
3227 3929 3453 3982 Mediam

1865 4042 1920 4086 et
1950 4030 2318 4100 Babylonem;
2367 4025 2609 4079 secundo
2655 4038 2777 4078 cum
2823 4021 3230 4076 crucifixissent
3265 4020 3452 4076 1η)ιυί-

1869 4135 1998 4174 num
2052 4129 2298 4172 nostrum
2349 4125 2404 4169 et
2449 4115 2657 4178 Deum,
2711 4112 2941 4181 profecti
2989 4120 3118 4165 sunt
3159 4111 3356 4179 captivi
3402 4110 3453 4162 in

1867 4227 2057 4268 omnes
2079 4221 2284 4280 gentes.
2315 4207 2509 4261 Nostra
2534 4219 2663 4259 vero
2690 4206 2836 4258 natio
2864 4204 3021 4273 (proh
3054 4201 3458 4257 infortunium?

1869 4303 2004 4371 proh
2039 4300 2259 4367 dolor!)
2294 4313 2470 4366 neque
2506 4296 2668 4349 idolis
2699 4295 2926 4349 servivit
2960 4308 3200 4362 unquam
3224 4331 3238 4354 ,
3279 4307 3458 4360 neque

1873 4393 1963 4447 Dei
2014 4391 2207 4446 Filium
2259 4388 2580 4444 crucifixit:
2629 4401 2735 4455 qua
2782 4387 2848 4440 de
2896 4399 3060 4440 causa
3110 4394 3218 4436 tam
3261 4384 3459 4437 acerbe

1870 4484 2148 4540 vexatur?
2208 4481 2313 4535 Sed
2343 4486 2472 4544 Lnon
2525 4481 2703 4536 solum
2757 4479 2987 4540 eadem,
3047 4491 3236 4530 verum
3292 4475 3457 4529 etiam

185 4579 331 4632 ξ)εοῦ
355 4581 662 4648 ὲσταύρωσε
689 4597 703 4612 ο
740 4580 884 4640 τίνος
915 4580 1104 4632 ἕνεκεν
1131 4579 1198 4631 τὰ
1231 4579 1379 4632 δεινὰ
1411 4580 1582 4632 ταῦτα
1627 4584 1764 4633 πάσο

1876 4579 2046 4632 multo
2073 4575 2260 4646 pejora
2290 4587 2454 4642 quam
2488 4571 2637 4640 impii
2672 4569 2842 4624 Judaei
2875 4570 3194 4638 perpetitur.
3229 4567 3266 4621 Ii
3300 4583 3456 4621 nam-

184 4690 316 4744 χει;
357 4673 464 4724 Καὶ
495 4673 556 4723 οὐ
589 4672 748 4740 μόνον
801 4674 868 4725 τὰ
901 4672 1058 4732 αὐτὰ,
1093 4671 1229 4724 ἀλλὰ
1285 4672 1378 4724 καὶ
1411 4675 1631 4742 χείρονα
1657 4672 1765 4723 τῶν

186 4761 377 4817 κακῶν
423 4761 692 4814 Ἰουδαίων
747 4760 967 4829 πάσχει.
1008 4761 1237 4813 Ἐκεῖνοι
1291 4761 1399 4830 γὰρ
1431 4762 1766 4830 αἰχμαλωτι-

188 4859 436 4919 σθέντες,
470 4857 686 4908 πάντων
719 4853 886 4907 ἐθνῶν
916 4854 1174 4920 γεγόνασι
1195 4853 1395 4918 δοῦλοι,
1432 4854 1508 4915 ὡς
1543 4855 1763 4922 μισητοὶ

186 4953 290 5002 καὶ
316 4949 498 5017 ἐχθροὶ
527 4948 620 4999 τοῦ
647 4946 783 4999 Θεοῦ
810 4963 824 4976 ·
857 4943 1001 5000 οὗτοι
1025 4947 1102 5009 δὲ,
1126 4946 1186 4996 ού
1220 4946 1383 5013 μόνον
1412 4947 1524 5008 τοῖς
1554 4943 1764 4997 ἔθνεσιν

186 5043 442 5108 ἐγένοντο
490 5041 685 5103 δοῦλοι,
739 5041 873 5091 ἀλλὰ
921 5039 1017 5090 καὶ
1076 5038 1356 5101 Ἰουδαίοις
1399 5038 1605 5102 αὐτοῖς,
1652 5040 1765 5099 τοῖς

185 5133 314 5186 οἷσι
342 5132 545 5192 δούλοις
572 5149 786 5185 παντων
821 5131 1090 5184 ἐθνῶν.Ὣ
1125 5132 1223 5198 τῆς
1257 5134 1398 5200 ἐμῆς
1431 5135 1717 5201 συμφορᾶς
1748 5134 1761 5186 l

188 5227 298 5277 03x
326 5223 438 5275 ἔστι
477 5222 661 5274 λοιπὸν
687 5220 917 5274 κλαῦσαι
947 5239 1007 5273 τε
1040 5223 1134 5273 καὶ
1161 5221 1435 5290 θρηνῆσαι
1458 5222 1553 5274 καὶ
1576 5221 1768 5286 ἐξετά-

189 5331 313 5378 σαι,
348 5314 443 5367 καὶ
478 5316 605 5366 ἰδεῖν
648 5316 747 5384 τήν
779 5315 982 5378 αἰτίαν,
1015 5314 1082 5367 δι’
1115 5311 1181 5386 ἧς
1225 5316 1399 5368 ταῦτα
1440 5317 1764 5386 πάσχομεν;

203 5403 357 5471 Ἐγὼ
386 5404 484 5472 μὲν
517 5406 577 5458 οὐ
610 5405 844 5473 δύναμαι
878 5406 1109 5476 συνορᾷν
1141 5407 1311 5475 ἄλλην
1335 5425 1346 5436 ·
1383 5407 1504 5459 οὐδὲ
1539 5407 1599 5460 τὸ
1628 5407 1765 5477 ήμέ·

184 5513 352 5563 τερον
385 5499 539 5564 γένος
564 5497 748 5567 χεῖρόν
773 5501 888 5551 ἐστι
920 5499 1138 5552 πάντων
1173 5500 1349 5566 γενῶν
1382 5501 1502 5556 ταῖς
1524 5501 1766 5568 ἀρεταῖς,

189 5588 334 5642 ἀλλὰ
371 5589 570 5656 μᾶλλον
603 5589 698 5640 καὶ
728 5588 961 5658 βέλτιον.
995 5589 1223 5658 Εἰρηται
1253 5590 1358 5658 γὰρ
1390 5591 1472 5660 δή,
1510 5591 1604 5642 καὶ
1638 5591 1769 5660 ἁλη-

191 5680 308 5740 θὼ;
335 5679 568 5749 εἴρηται,
609 5682 690 5733 ὅτι
733 5680 794 5733 τὸ
822 5681 1089 5752 ἡμέτερον
1132 5683 1309 5750 γένος,
1347 5684 1560 5737 πάντων
1590 5683 1764 5735 γενῶν

281 5857 324 5889 ³⁴
352 5857 547 5915 Jcreni.
581 5875 640 5926 tl,
672 5859 758 5914 13.

1875 4683 1983 4738 que
2014 4668 2068 4721 in
2099 4665 2417 4719 servitutem
2453 4660 2709 4724 abducti,
2755 4661 2999 4712 omnium
3044 4659 3284 4728 gentium
3329 4658 3456 4710 facti

1875 4770 2002 4815 sunt
2029 4756 2196 4819 servi,
2223 4764 2282 4808 ut
2310 4753 2567 4806 omnibus
2599 4751 2758 4805 invisi
2788 4758 2843 4804 et
2875 4750 2964 4804 Dei
2994 4751 3212 4805 hostes:
3248 4749 3298 4802 hi
3330 4764 3460 4801 vero

1874 4865 1982 4905 non
2021 4849 2197 4902 solum
2234 4843 2476 4915 gentium
2511 4841 2637 4897 facti
2670 4851 2798 4896 sunt
2832 4841 3000 4899 servi,
3036 4841 3128 4893 sed
3168 4851 3220 4892 et
3255 4838 3460 4891 Judmis

1869 4942 2038 5016 ipsis,
2083 4942 2177 5009 qui
2221 4947 2344 4992 sunt
2393 4935 2536 4991 servi
2581 4935 2824 4988 omnium
2867 4933 3130 5000 gentium.
3181 4931 3224 4986 Ο
3281 4947 3457 4983 meam

1870 5031 2282 5089 calamitatem!
2335 5029 2528 5083 Nonne
2579 5027 2851 5094 reliquum
2897 5031 2981 5078 est
3028 5026 3244 5093 plorare
3283 5033 3336 5076 et
3383 5024 3461 5077 la-

1870 5126 2142 5189 mentari,
2175 5137 2241 5178 ac
2286 5121 2596 5189 disquirere
2644 5131 2866 5172 causam
2902 5126 2958 5172 et
3000 5117 3186 5170 videre
3235 5125 3460 5184 propter

1873 5233 1995 5288 qua:
2024 5216 2263 5286 patimur
2297 5211 2449 5266 iure?
2482 5211 2596 5281 Ego
2629 5225 2757 5266 vero
2788 5210 2948 5262 aliam
2982 5224 3086 5262 non
3119 5223 3340 5277 possum
3373 5211 3460 5261 in-

1879 5312 2067 5366 venire
2116 5310 2317 5376 (neque
2365 5305 2510 5360 enim
2561 5304 2763 5358 virtute
2810 5311 2998 5354 nostra
3049 5301 3200 5354 natio
3244 5300 3459 5354 caneris

1879 5401 2130 5474 gentibus
2160 5400 2312 5469 pejor
2342 5406 2459 5462 est,
2493 5399 2602 5450 imo
2643 5408 2768 5448 vero
2814 5393 3046 5459 melior;
3082 5406 3210 5444 nam
3248 5390 3457 5444 dictum

1878 5503 1962 5550 est
1988 5507 2224 5561 vereque
2254 5492 2458 5546 dictum
2483 5529 2496 5555 ,
2544 5487 2818 5541 nationem
2851 5492 3094 5540 nostram
3128 5497 3320 5537 omnes
3355 5496 3457 5535 na-

1876 5588 2052 5641 tiones
2085 5585 2283 5637 virtutc
2311 5591 2364 5635 et
2394 5579 2642 5634 moribus
2668 5572 3015 5642 antecellere)
3049 5573 3151 5628 nisi
3179 5571 3450 5638 scbisma,

1875 5687 1927 5734 ct
1960 5675 2105 5746 quod
2137 5690 2195 5730 se
2225 5671 2560 5730 subtraxerit
2585 5670 2652 5726 ab
2686 5666 2998 5724 obedientia
3025 5675 3078 5722 et
3109 5663 3453 5735 subjectione
