4156 6420
265 361 394 424 137⁸7

960 350 1117 414 PRO
1155 355 1365 416 CONC.
1410 352 1776 412 FLURENT.
1807 349 1969 410 CAP.
2002 350 2070 413 ν.
2113 343 2212 406 DE
2247 343 2596 410 ‘PRIMATU
2627 351 2854 411 PAPJS.

3347 355 3490 420 1⁷378

262 477 354 526 καὶ
397 473 720 538 ἀναλώματα
756 466 1026 538 ἔπεμψεν,
1055 471 1141 521 ἱνα
1171 470 1232 520 τὸ
1264 468 1484 537 τραῦμα
1513 465 1829 534 θεραπεύσῃ

1944 465 2025 533 qui
2060 462 2259 534 pejoris
2290 473 2416 519 sunt
2444 465 2804 526 conditionis,
2842 465 3091 534 vulgares
3138 467 3354 535 quidam
3402 471 3499 524 ho—

261 567 321 617 τὸ
352 565 494 632 μέγα
553 565 736 616 τουτί’
771 565 869 615 καὶ
924 561 1143 622 σύνοδος
1177 561 1419 628 ἐγεγόνει
1460 560 1516 611 ὲν
1549 557 1828 628 Φερῤαρίᾳ.

263 655 354 707 καὶ
381 653 687 723 Φλωρεντίᾳ
716 651 1015 717 ἀξιολόγοις
1049 652 1158 704 τῶν
1199 649 1429 710 Ἰταλίας
1465 649 1695 712 πόλεων,
1728 664 1828 715 με-

259 747 399 817 γάλη
434 748 524 800 καὶ
558 747 846 815 θαυμαστή
872 761 885 774 ⁸
914 745 1129 812 λογίους
1161 744 1359 813 ἔχουσα
1396 745 1487 794 κατ¹
1517 743 1713 808 σοφοὺς
1734 741 1830 792 ἇν-

260 839 413 906 δρας,
451 837 700 904 θεολογίᾳ
751 838 1203 906 κεκοσμημένους
1242 837 1336 886 καὶ
1389 835 1561 903 ἀρετῇ
1589 850 1601 862 ·
1639 835 1729 884 καὶ
1762 832 1827 901 δὴ

258 905 614 991 τελεύτῶντες
664 930 951 982 συνέθεντο
1002 931 1094 981 τδν
1146 930 1269 996 ὅρον
1333 927 1493 997 σοφίᾳ
1545 926 1694 995 πάσῃ
1729 926 1825 977 καὶ

263 1021 490 1090 ἀληθείᾳ
519 1021 896 1089 διαλάμποντα
916 1038 929 1052 ·
959 1021 1016 1083 ὃς
1057 1020 1337 1089 ἐκηρύχθη
1397 1020 1498 1089 μὲν
1528 1017 1827 1087 πανταχοῦ,

262 1112 358 1164 καὶ
394 1115 572 1165 πάντα
604 1114 672 1165 τὰ
727 1113 860 1181 γένη
896 1113 1084 1166 τοῦτον
1132 1112 1377 1176 ἐδέξαντο
1401 1129 1413 1142 ο
1477 1113 1700 1182 Γραικοὶ
1753 1109 1828 1172 δὲ,

261 1205 360 1257 καὶ
392 1205 596 1256 τούτων
626 1205 672 1256 οἱ
701 1205 944 1274 χείρονες
977 1206 1069 1258 καὶ
1098 1205 1304 1258 ἰδιῶται
1334 1204 1428 1255 καὶ
1456 1204 1708 1271 ἀμαθεῖς,
1742 1203 1831 1254 ἀν-

260 1297 535 1362 τιλέγουσι
566 1297 741 1366 τούτῳ
763 1313 775 1326 ·
807 1299 854 1349 εί
883 1297 937 1350 δὲ
974 1298 1072 1350 καί
1105 1314 1188 1351 τις
1225 1297 1452 1363 μέτοχος
1487 1295 1646 1361 λόγου
1678 1295 1828 1346 ἀντι-

261 1389 410 1455 λέγει
443 1389 517 1458 τῷ
547 1391 679 1460 ὅρῳ,
706 1390 806 1443 οὐκ
834 1391 941 1442 ἀπὸ
979 1391 1195 1457 σοφίας,
1227 1389 1340 1442 ἀλλ’
1371 1390 1480 1439 ἀπὸ
1511 1387 1710 1448 κακίας
1738 1387 1831 1438 καὶ

262 1480 515 1549 ψευδοῦς,
549 1486 641 1534 καὶ
665 1483 901 1550 ματαίας
937 1483 1282 1551 προλήψεως,
1321 1481 1416 1533 καὶ
1462 1481 1621 1548 κενῆς
1651 1479 1828 1546 δόξης.

261 1575 330 1643 ἣν
387 1574 635 1641 βούλεται
702 1573 1050 1644 καρποῦσθαι
1104 1575 1255 1643 παρὰ
1311 1574 1412 1641 τῆς
1468 1573 1696 1637 ἀλογίας
1734 1570 1828 1622 τοῦ

1939 558 2106 611 mines
2138 567 2192 611 ct
2229 557 2426 609 indocti
2463 557 2586 610 huic
2620 558 3038 624 contradicunt;
3075 573 3137 613 ac
3170 561 3214 614 si
3258 562 3377 629 quis
3412 577 3501 615 ra-

1937 649 2105 704 tionis
2136 649 2409 719 particeps
2437 651 2654 703 decreto
2686 652 3031 713 contradicit,
3075 652 3122 704 id
3159 667 3262 704 non
3297 670 3324 706 a
3399 656 3494 707 do-

1934 741 2116 795 ctrina
2144 741 2527 809 proﬁciscitur,
2556 743 2650 794 sed
2673 744 2740 796 ab
2773 743 2935 796 animi
2973 745 3253 811 pravitate,
3292 745 3420 799 falsa
3452 757 3505 799 et.

1938 834 2100 887 stulta
2134 834 2558 900 praesumptiooe
2584 844 2637 887 et
2666 835 2836 902 gloria
2867 837 3037 900 inani,
3065 853 3230 904 quam
3260 853 3323 891 ex
3354 840 3502 906 vulgi

1927 923 2202 991 imperitia
2253 932 2613 992 aucupantur.
2663 926 2812 990 Quod
2865 927 3085 996 quidem
3129 928 3406 980 decretum
3450 938 3504 981 ct

1935 1032 2029 1069 nos
2066 1017 2119 1069 in
2157 1030 2352 1070 manus
2398 1029 2676 1072 sumentes
2723 1019 3046 1088 perlegimus
3099 1021 3245 1073 omni
3279 1021 3462 1074 studio
3487 1060 3501 1081 ,

1933 1108 2098 1176 idque
2133 1117 2244 1162 toto
2276 1123 2337 1161 ex
2368 1110 2550 1161 animo
2589 1125 2774 1164 verum
2813 1126 2934 1165 esse
2965 1113 3268 1172 credentes,
3304 1100 3504 1166 adora-

1934 1201 2112 1254 vimus
2140 1211 2304 1270 atque
2331 1201 2622 1270 amplexati
2651 1217 2877 1264 sumus:
2913 1205 3057 1258 unde
3089 1205 3504 1260 subministrata

1935 1301 2019 1346 est
2045 1292 2200 1347 nobis
2225 1295 2448 1348 materia
2483 1296 2848 1364 respondendi
2877 1296 3115 1365 quinque
3140 1297 3384 1351 articulis
3412 1297 3503 1366 qui

1939 1384 1991 1437 in
2043 1399 2109 1437 eo
2154 1386 2547 1450 continentur,
2596 1403 2828 1455 quorum
2869 1399 3146 1443 extremus
3197 1387 3285 1442 hic
3322 1396 3405 1441 est
3440 1389 3504 1439 de

1931 1492 2087 1547 papa)
2116 1477 2350 1546 primatu
2376 1519 2390 1542 ,
2423 1495 2582 1549 quem
2614 1495 2774 1534 nemo
2806 1482 3002 1536 mentis
3039 1496 3262 1551 compos
3302 1481 3504 1550 poterit

1941 1583 2258 1637 pernegare.

262 1666 525 1736 πλήθους,
556 1655 727 1718 ταῦτα
777 1665 946 1732 λέγει.
975 1665 1197 1719 Ὂντινα
1228 1667 1352 1734 ὅρον
1385 1667 1477 1719 καὶ
1529 1665 1692 1734 ἡμεῖς
1726 1662 1828 1714 ἁνᾶ
1870 1662 2059 1730 χεῖρας
2085 1660 2342 1722 λαϐόντες
2367 1661 2654 1731 διήλθομεν
2682 1661 2845 1715 παντὶ
2877 1663 3086 1716 σθένει·
3155 1665 3249 1716 καὶ
3313 1664 3502 1717 τοῦτον

263 1759 328 1812 ἐκ
362 1760 533 1826 μέσης
562 1761 738 1830 ψυχῆς
793 1758 1189 1822 πιστεύσαντες
1271 1758 1446 1828 ἀληθῆ
1522 1754 1685 1821 εἶναι,
1751 1754 2249 1823 προσεκυνήσαμεν
2298 1755 2392 1806 καὶ
2442 1757 2946 1825 κατησπασάμεθα.
2992 1755 3081 1820 Ἐξ
3138 1752 3197 1811 οὗ
3247 1758 3504 1822 λαϐόντες

262 1856 364 1913 τὰς
387 1853 661 1922 ἀφορμὰς,
694 1855 800 1906 τῶν
834 1855 993 1908 πέντε
1028 1854 1245 1923 ἄρθρων
1293 1852 1459 1906 αὐτοῦ
1527 1846 2133 1917 ύπεραπολογούμεθα·
2203 1841 2279 1901 ὧν
2329 1847 2388 1900 τὸ
2437 1849 2752 1904 τελευταῖόν
2815 1853 2932 1903 ἐστι
2983 1851 3140 1903 τοῦτο
3200 1851 3329 1918 περὶ
3394 1853 3494 1917 τῆς

265 1947 437 2015 ἀρχῆς
468 1947 562 2000 τοῦ
596 1949 770 2001 min.
807 1952 869 2002 ’Ὁ
902 1951 962 2003 ού
1014 1948 1304 2018 δυνήσεταί
1339 1965 1418 2008 τις
1473 1939 1819 2015 ἀρνήσασθαι
1862 1940 1987 1992 νοῦν
2017 1942 2177 2011 ἔχων.

969 2048 1102 2112 ις’.

350 2139 488 2191 Ἀλλ’
521 2140 618 2191 οὐκ
645 2139 818 2207 ὀρθῶς
848 2144 1051 2207 φρονεῖ,
1084 2140 1247 2205 φασίν
1273 2157 1286 2171 ·
1319 2141 1470 2207 παρὰ
1499 2138 1604 2208 γὰρ
1633 2139 1698 2191 τὰ
1722 2137 1830 2189 τῶν

269 2229 465 2282 κοινῶν
492 2231 748 2296 Πατέρων
773 2232 864 2283 καὶ
895 2231 1232 2283 διδασκάλων
1262 2231 1420 2293 αὐτὸς
1451 2232 1832 2298 ἐδογμάτισεν.

271 2323 333 2375 Εἰ
369 2319 459 2374 οἷν
503 2325 708 2385 ἐκεῖνος
765 2327 791 2374 ὁ
843 2323 983 2385 θεῖος
1017 2325 1205 2392 θρόνος
1257 2325 1356 2376 οὐκ
1400 2325 1572 2393 ὀρθῶς
1625 2325 1832 2393 φρονεῖ,

266 2415 520 2481 ψεύδεται
565 2417 590 2468 ὁ
628 2415 883 2483 Χριστὸς.
938 2416 1147 2467 εἰπών’
1228 2435 1245 2466 ι
1296 2416 1356 2469 Ὀ
1401 2416 1626 2484 οὕρανδς
1675 2416 1834 2482 καὶὴ

265 2502 341 2572 γῆ
384 2502 775 2572 παρελεύσεται
797 2519 811 2534 ⁸
839 2505 887 2556 οἱ
919 2506 975 2558 δὲ
1009 2505 1159 2572 λόγοι
1212 2523 1311 2574 μου
1347 2507 1407 2558 ού
1442 2509 1515 2575 μὴ
1547 2503 1836 2573 παρέλθω-

270 2613 392 2649 σινο
432 2616 449 2647 ι
487 2599 648 2660 αὑτ³ς
705 2598 812 2667 γὰρ
873 2599 1009 2666 αὐτῇ
1071 2599 1437 2666 ἐπηγγείλατο
1492 2599 1610 2667 μετ’
1665 2599 1837 2666 αὐτῆς

270 2684 434 2751 εἶναι,
473 2692 566 2742 καὶ
620 2691 792 2752 πύλας
829 2692 918 2744 τοῦ
953 2691 1077 2762 ᾅδου
1117 2695 1174 2742 ού
1233 2694 1587 2762 κατισχύσειν
1640 2694 1834 2760 αὐτῆς.

271 2787 380 2846 Διὸ,
423 2787 508 2836 ἵνα
571 2785 646 2854 μὴ
698 2787 787 2836 τὶν
827 2786 1323 2853 Χριστδινψεύστην
1361 2788 1648 2854 φήσωμεν,
1694 2788 1834 2855 ὅπερ

274 2877 593 2943 βλάσφημόν
625 2880 740 2927 ἐστι
793 2875 884 2925 καὶ
919 2875 1077 2941 μόνον
1112 2875 1453 2944 ὲννοηθῆναι,
1485 2874 1698 2943 ἁπλανῆ
1736 2875 1834 2940 τὴν

271 2966 366 3018 τοῦ
424 2965 559 3017 Θεοῦ
620 2965 850 3033 λέγομεν
902 2963 1268 3032 Ἐκκλησίαν·
1325 2963 1618 3016 καὶτοῦτο
1676 2963 1836 3015 πάλιν

275 3059 618 3125 μαρτυρήσει
674 3056 836 3118 αὐτὸς
888 3057 914 3107 ὁ
969 3056 1260 3120 Στοιιδίτης
1313 3054 1590 3123 Θεόδωρο;
1624 3093 1637 3113 .
1701 3056 1836 3123 πρός

275 3148 494 3217 Μιχαὴλ
555 3149 881 3200 ἐπιστέλλων
941 3148 1031 3199 τὸν
1094 3146 1342 3214 βασιλέα.
1381 3149 1489 3197 ἀπὸ
1542 3146 1835 3214 προσώπου

274 3244 495 3294 πάντων
527 3240 635 3292 τῶν
663 3240 1004 3308 ἡγουμένων,
1039 3239 1172 3291 ὡδί·
1213 3257 1231 3289 ι
1280 3239 1470 3306 Ἡμεῖς
1496 3240 1589 3290 ἐπὶ
1622 3239 1681 3289 τὸ
1707 3238 1838 3291 αὐτὸ

277 3333 697 3399 συνεληλυθότες
739 3332 877 3383 κατὰ
910 3331 1160 3383 κέλευσιν
1192 3331 1288 3398 τῆς
1320 3331 1646 3382 θεοστέπτου
1685 3331 1838 3399 ὑμῶν

277 3425 570 3492 βασιλείας.
623 3423 894 3490 ἐλάχιστοι
943 3423 1232 3474 ἐπίσκοποι
1299 3423 1391 3474 καὶ
1439 3423 1771 3491 ἡγούμενοι·
1817 3441 1833 3472 ι

275 3516 367 3566 καὶ
427 3513 544 3582 μετ’
600 3513 756 3580 ὀλίγα
821 3514 1024 3582 φησίν·
1067 3531 1084 3563 ι
1119 3511 1491 3580 Διελυσάμεθα
1550 3514 1728 3567 πάντα
1773 3514 1840 3565 τὰ

279 3608 405 3675 ὑμῖν
444 3604 800 3673 ἀπορούμενα
831 3624 842 3634 ·
874 3606 923 3656 εί
962 3605 1018 3657 δέ
1048 3621 1116 3656 τιξ
1154 3605 1633 3673 ἁμφιϐαλλόμενον
1660 3606 1689 3674 ἢ
1718 3607 1841 3658 ἁπι-

279 3699 574 3767 στούμενον
609 3701 675 3766 τῇ
712 3697 832 3768 θείᾳ
887 3699 1041 3768 ὑμῶν
1076 3700 1402 3769 μεγαλονοίᾳ
1437 3701 1603 3763 δοκεῖ,
1635 3701 1843 3752 διαλύε-

282 3793 406 3843 σθαι
441 3791 588 3861 παρᾶ
619 3790 712 3843 τοῦ
763 3794 1068 3861 ἀρχιερέως
1100 3793 1341 3852 εὐσεϐῶς
1366 3810 1382 3825 ο
1418 3795 1450 3862 ή
1505 3794 1714 3862 μεγάλη
1750 3796 1844 3846 καὶ

280 3878 670 3948 θεοστήρικτος
699 3880 868 3948 αὐτῆς
896 3882 1036 3949 χεὶρ,
1070 3882 1140 3939 ὡς
1169 3882 1547 3950 ζηλοτυποῦσα
1574 3884 1639 3934 τὰ
1665 3885 1842 3936 πάντα

281 3971 366 4022 ἐπ’
395 3971 631 4043 ὠφελείᾳ
661 3971 752 4023 τοῦ
785 3974 1005 4035 παντὸς,
1034 3974 1348 4026 κελευσὰτω
1377 3976 1523 4043 παρὰ
1550 3975 1648 4042 τῆς
1674 3992 1844 4042 πρεσ-

283 4063 514 4133 ϐυτέρας
549 4063 768 4134 Ῥώμης
794 4063 1053 4128 δέξασθαι
1087 4067 1183 4134 τὴν
1208 4065 1542 4134 διασὰφησιν
1561 4083 1574 4096 ·
1608 4066 1680 4128 ὡς
1708 4068 1844 4121 ἅνω-

282 4154 377 4208 θεν
426 4159 517 4208 καὶ
548 4156 604 4221 ἐξ
634 4157 825 4225 ἀρχῆς,
865 4157 1364 4225 πατροπαραδότως
1399 4157 1647 4223 ἐξεδόθη·
1683 4158 1840 4225 α’ύτη,

284 4249 684 4322 χριστομίμητε
715 4247 963 4318 βασιλεῦ,
990 4250 1022 4318 ἡ
1053 4251 1463 4318 κορυφαιοτὰτη
1491 4251 1599 4304 τῶν
1616 4253 1847 4322 Ἐκκλη-

285 4345 417 4396 σιῶν
452 4343 545 4395 τοῦ
575 4341 732 4404 θεοῦ,
757 4334 824 4410 ἦς
856 4341 1058 4410 Πέτρος
1099 4341 1477 4411 πρωτόθρονος
1502 4359 1516 4373 ·
1557 4345 1691 4411 πρὸς
1726 4344 1784 4396 ὃν
1815 4347 1842 4398 ό

286 4434 488 4503 Κύριός
513 4448 685 4502 φησι·
725 4451 741 4484 ι
775 4433 845 4485 Σὺ
875 4431 923 4484 εἷ
957 4433 1180 4502 Πέτρος,
1219 4435 1309 4485 καὶ
1339 4435 1431 4487 ἐπὶ
1457 4435 1631 4507 ταύτῃ
1659 4439 1722 4506 τῇ
1752 4439 1848 4489 πέ-

288 4543 394 4597 τρᾳ
446 4525 788 4594 οἰκοδομήσω
836 4541 935 4592 μου
989 4525 1089 4593 τὴν
1123 4524 1472 4594 Ἐκκλησίαν,
1528 4529 1622 4580 καὶ
1681 4529 1845 4582 πύλαι

283 4620 411 4691 ᾅδου
429 4619 488 4673 οὐ
515 4617 938 4687 κατισχύσουσιν
958 4617 1179 4686 αὐτῆς.»
1211 4620 1318 4672 Καὶ
1352 4621 1515 4673 πάλιν
1545 4622 1572 4674 ό
1600 4623 1762 4683 αὐτὸς
1791 4626 1848 4676 ὲν

2644 2037 2785 2097 XVI.

2011 2135 2072 2186 Al
2114 2151 2218 2187 non
2253 2144 2401 2190 recte
2435 2137 2620 2200 sentit,
2663 2138 2936 2205 inquiunt,
2970 2132 3096 2205 quia
3133 2147 3327 2203 praeter
3360 2154 3507 2191 com-

1934 2243 2131 2280 rmnnes
2171 2225 2392 2281 Patrum
2426 2237 2477 2283 et
2510 2229 2791 2282 doctorum
2835 2231 3134 2282 sententias
3171 2245 3230 2281 ea
3270 2231 3508 2296 perscri-

1941 2317 2067 2384 psit.
2104 2316 2158 2369 Si
2210 2333 2339 2385 ergo
2388 2319 2475 2371 illa
2526 2319 2708 2372 divina
2747 2323 2906 2372 sedes
2959 2335 3063 2372 non
3117 2330 3260 2374 recte
3303 2321 3505 2383 sentit,

1943 2412 2201 2463 mentitur
2247 2410 2498 2464 Christus
2548 2428 2669 2464 cum
2717 2411 2849 2465 dicit
2897 2429 2911 2468 :
2955 2431 2972 2463 ι
3013 2412 3219 2466 leum
3261 2422 3314 2466 et
3361 2425 3503 2467 terra

1943 2503 2270 2561 ItallSilllllll,
2295 2505 2454 2555 verba
2479 2517 2659 2555 autem
2690 2519 2806 2556 mea
2834 2519 3109 2572 nunquam
3133 2506 3500 2565 transibuntp

1940 2595 1986 2648 is
2031 2596 2175 2647 enim
2223 2595 2477 2649 Ecclesia:
2526 2595 2796 2664 pollicitus
2829 2607 2908 2650 est
2942 2612 3000 2650 se
3041 2613 3162 2651 cum
3195 2614 3255 2651 ea
3302 2597 3417 2651 fore
3456 2611 3511 2650 et

1941 2699 2120 2755 portas
2156 2686 2312 2740 inferi
2360 2703 2465 2740 non
2509 2689 2884 2755 praevalituras
2919 2690 3179 2744 adversus
3212 2706 3350 2744 eam.
3387 2689 3509 2743 Ideo

1942 2795 2007 2831 nc
2037 2778 2312 2831 Christum
2347 2779 2658 2833 mendacem
2690 2781 2983 2835 efficiamus
3016 2782 3179 2851 (quod
3217 2784 3259 2836 si
3294 2785 3378 2836 vel
3417 2799 3510 2836 co-

1941 2870 2137 2938 gitetur
2169 2868 2369 2933 solum,
2400 2879 2483 2922 est
2517 2869 2875 2938 blasphemia)
2913 2872 3241 2926 incrrantem
3280 2875 3366 2926 Dei
3406 2873 3508 2926 Ec-

1937 2963 2157 3016 clesiam
2192 2975 2311 3014 esse
2342 2959 2591 3015 dicimus.
2621 2962 2794 3026 Quam
2831 2977 2940 3014 rem
2981 2965 3358 3018 testiﬁcahilur
3392 2981 3511 3018 rur-

1943 3067 2036 3106 sus
2079 3053 2191 3121 ipse
2231 3051 2551 3106 Theodorus
2587 3053 2830 3108 Studites
2876 3058 2939 3107 ad
2979 3055 3298 3110 Michaelem
3335 3058 3510 3126 impe‘

1943 3156 2175 3199 ratorcm
2210 3147 2452 3200 scribens
2474 3161 2537 3199 ex
2566 3162 2793 3215 persona
2817 3149 3061 3202 ninnium
3092 3154 3506 3219 praepositorum

1944 3239 2047 3291 hoc
2078 3249 2230 3306 pacto
2261 3255 2273 3290 :
2314 3255 2332 3289 ι
2363 3237 2497 3292 Cum
2529 3253 2625 3293 nos
2655 3240 2705 3293 in
2741 3256 2904 3293 unum
2937 3242 3386 3295 convenis-senius
3422 3261 3510 3297 ve-

1949 3331 2202 3384 nerabilis
2242 3331 2448 3400 imperii
2484 3332 2646 3385 vestri
2685 3334 2881 3399 jussu,
2922 3334 3133 3387 minimi
3176 3335 3412 3404 episcopi
3455 3347 3512 3389 et

1949 3421 2244 3489 prrepositi,
2280 3439 2297 3471 ι
2329 3430 2448 3489 post
2474 3436 2645 3489 pauca
2683 3422 2811 3474 dicit
2839 3439 2854 3478 ι
2885 3421 2993 3477 Nos
3021 3424 3280 3479 diluimus
3320 3441 3511 3480 omnes

1943 3513 2308 3567 dubitationes
2342 3521 2576 3566 vestras.
2617 3511 2672 3566 Si
2707 3528 2834 3568 vero
2883 3514 3084 3583 aliquid
3143 3518 3389 3569 dubitare
3425 3515 3508 3570 τοι

1946 3621 2050 3658 non
2099 3609 2321 3659 credere
2365 3607 2580 3659 videtur
2628 3615 2806 3660 vestra
2854 3607 3034 3660 divina
3071 3610 3465 3677 magniﬁcentia
3497 3653 3510 3674 ,

1944 3700 2063 3761 ejus
2098 3699 2172 3749 rei
2209 3698 2502 3765 explicatio
2543 3713 2575 3752 a
2614 3698 2869 3766 pontilice
2908 3702 2995 3768 pie
3033 3709 3117 3754 est
3166 3704 3508 3768 postulanda.

1945 3789 2132 3857 Magna
2167 3797 2218 3841 et
2252 3804 2279 3841 a
2316 3789 2420 3843 Deo
2454 3792 2664 3842 ﬁrmata
2698 3805 2889 3843 manus
2924 3800 3126 3851 vestra,
3194 3803 3251 3843 ut
3287 3793 3512 3860 publicae

1948 3882 2140 3950 cupida
2179 3882 2426 3935 utilitatis
2453 3920 2468 3945 ,
2500 3883 2685 3950 jubeat
2720 3898 2750 3935 a
2786 3883 2954 3936 veteri
2990 3881 3157 3936 Roma
3193 3898 3384 3951 capere
3419 3884 3514 3938 de-

1947 3972 2299 4025 clarationem
2329 4011 2343 4035 ,
2387 3979 2442 4022 ut
2475 3986 2500 4021 a
2553 3971 2819 4039 principio
2849 3986 2878 4024 a
2913 3973 3158 4038 patrihus
3191 3973 3394 4027 nostris
3429 3984 3512 4027 est

1949 4067 2230 4118 traditum.
2272 4064 2344 4116 Ea
2377 4103 2390 4128 ,
2429 4078 2460 4116 0
2492 4063 2698 4117 Christi
2730 4062 2968 4115 imitator
2998 4063 3293 4132 imperator
3317 4107 3332 4128 ,
3374 4067 3515 4118 inter

1948 4170 2135 4209 omnes
2171 4155 2447 4209 Ecclesiae
2488 4154 2579 4206 Dei
2621 4169 2892 4208 summum
2929 4161 2982 4207 ct
3019 4169 3332 4221 supremum
3365 4157 3511 4210 ohti-

1949 4257 2039 4300 net
2069 4247 2265 4307 locum,
2299 4245 2456 4313 cujus
2490 4241 2682 4298 Petrus
2712 4244 2888 4297 tenuit
2926 4245 3155 4312 primam
3199 4249 3404 4310 sedem,
3445 4247 3512 4302 ad

1949 4351 2106 4405 quem
2137 4335 2266 4389 dicit
2293 4335 2553 4389 Dominus
2593 4353 2607 4389 :
2641 4351 2660 4386 ι
2691 4334 2768 4388 Tu
2799 4350 2855 4390 es
2883 4335 3073 4391 Petrus
3100 4347 3154 4391 et
3185 4352 3347 4406 super
3373 4339 3514 4392 hanc

1952 4435 2159 4496 petram
2194 4423 2476 4479 aediﬁcabo
2508 4424 2808 4480 Ecclesiam
2843 4442 3042 4490 meam,
3075 4435 3124 4480 et
3158 4438 3323 4495 porta:
3355 4431 3511 4484 inferi

1951 4534 2055 4572 non
2093 4518 2462 4586 praavalebunt
2497 4517 2760 4572 adversus
2789 4534 2928 4572 eam.
2969 4538 2986 4568 ι
3033 4520 3095 4572 Ει
3138 4521 3332 4573 iterum
3373 4523 3512 4575 idem

1954 4611 2006 4663 in
2045 4609 2148 4662 alia
2195 4609 2420 4678 epistola
2468 4609 2532 4662 ad
2577 4610 2953 4676 Naucratium,
2994 4610 3150 4679 cujus
3188 4611 3514 4681 principium

286 4713 452 4782 ἑτέρᾳ
477 4710 735 4778 ἐπιστολῇ
768 4709 905 4778 πρὸς
942 4707 1311 4777 Ναυκράτιον,
1344 4708 1412 4782 ἦς
1441 4713 1474 4782 ή
1508 4713 1650 4782 ἀρχή
1681 4731 1694 4744 ·
1739 4716 1837 4767 «Oti

1950 4708 2072 4762 est,
2126 4697 2241 4752 Non
2277 4699 2585 4768 implebitur
2651 4700 2801 4753 auris
2842 4715 2957 4752 mea
3010 4716 3038 4753 a
3099 4703 3321 4757 vocibus
3363 4706 3518 4757 audi-

287 4800 663 4869 πλησθήσεται
715 4799 780 4851 τὸ
834 4799 927 4860 οὖς
961 4813 1064 4866 μου
1098 4798 1204 4850 ἀπὸ
1228 4799 1436 4867 φωνῶν·
1452 4801 1787 4870 ἀκροάσεως,
1828 4824 1846 4856 ι

291 4891 461 4961 φησί·
510 4889 822 4959 ιΜαρτυρῶ
841 4889 965 4958 ἄρτι
989 4889 1324 4944 κατενώπιον
1358 4891 1492 4945 Θεοῦ
1518 4895 1611 4947 καὶ
1641 4895 1851 4965 ἀνθρὼ-

292 4999 431 5048 πων,
466 4982 545 5034 ὅτι
575 4983 800 5043 ἑαυτοὺς
825 4981 1145 5052 ἀπέρῤηξαν
1177 4983 1273 5036 τοῦ
1309 4983 1560 5053 σώματος
1592 4987 1686 5038 τοῦ
1715 4989 1849 5056 Χρι-

294 5075 448 5136 στοῦ,
477 5075 570 5128 τοῦ
623 5073 957 5143 κορυφιακοῦ
999 5074 1188 5143 θρόνου
1244 5076 1301 5128 ὲν
1331 5069 1375 5141 ᾧ
1429 5077 1664 5145 Χριστὸς
1691 5079 1851 5131 ἔθετο

293 5169 392 5227 τὰς
423 5166 568 5228 κλεῖς
602 5167 697 5235 τῆς
726 5167 986 5231 πίστεως,
1021 5179 1086 5237 ης
1116 5167 1177 5219 οὐ
1217 5169 1553 5238 κατίσχυσαν
1583 5171 1678 5222 ἀπ’
1726 5173 1855 5224 οιίῶ-

295 5273 407 5319 νος,
440 5256 548 5308 οὐδ’
583 5256 651 5310 ἂν
706 5255 1071 5324 κατισχύσωσι
1127 5255 1287 5326 μέχρι
1321 5258 1624 5323 συντελείας
1658 5263 1712 5312 αί
1759 5261 1852 5313 τοῦ

292 5352 422 5422 ᾅδου
452 5349 640 5415 πύλαι,
667 5349 734 5402 τὰ
768 5349 874 5402 τῶν
903 5349 1196 5419 αίρετικῶν
1229 5349 1431 5419 δηλαδὴ
1463 5354 1729 5421 στόματα,
1775 5353 1848 5418 ὡς

292 5446 326 5511 ή
377 5443 467 5494 τοῦ
505 5441 770 5511 ἀψευδοῦς
828 5442 1141 5511 ὑπόσχεσις.
1185 5460 1204 5494 ι
1245 5442 1492 5506 Ἀκούεις
1526 5445 1606 5497 ὅτι
1659 5445 1846 5515 ἐκείνη

291 5535 441 5585 ἐστιν
476 5534 506 5600 ὴ
539 5533 749 5603 κορυφὴ
778 5533 876 5600 τῆς
930 5531 1023 5584 τοῦ
1079 5533 1314 5603 Χριστοῦ
1345 5534 1692 5602 Ἐκκλησίας,
1725 5533 1790 5609 ἦς
1827 5542 1853 5590 ὀ

295 5624 498 5690 Πέτρος
542 5623 916 5695 πρωτόθρονός
975 5626 1122 5677 ἐστι’
1159 5628 1250 5677 καὶ
1280 5629 1360 5678 ὅτι
1408 5627 1467 5679 οὺ
1516 5630 1849 5697 κατίσχυσαν

294 5731 427 5789 ποτε
460 5717 512 5768 αἱ
543 5717 705 5768 πύλαι
726 5715 818 5767 τοῦ
845 5716 994 5787 ᾅδου,
1026 5715 1134 5768 οὐδ’
1160 5717 1223 5769 ἂν
1254 5717 1619 5786 κατισχύσωσι
1646 5724 1853 5791 ταύτης

303 5807 466 5877 μέχρι
503 5807 599 5877 τῆς
632 5808 938 5871 συντελείας
963 5809 1055 5864 τοῦ
1091 5811 1301 5875 αἰῶνος,
1329 5813 1396 5866 τὰ
1426 5812 1533 5866 τῶν
1559 5813 1850 5881 αἱρετικῶν

1956 4791 2140 4854 tionis,
2195 4790 2388 4859 inquit,
2454 4808 2471 4842 ι
2505 4791 2697 4845 Testor
2744 4806 2887 4845 nunc
2918 4806 3101 4846 coram
3130 4794 3238 4846 Deo
3266 4803 3317 4847 ct
3347 4797 3519 4848 homi~

1953 4883 2142 4945 nibus,
2181 4881 2337 4936 divisi
2380 4892 2506 4936 sunt
2535 4897 2564 4934 ιι
2590 4898 2819 4952 corpore
2844 4883 3082 4950 Christi,
3118 4895 3168 4938 et
3200 4901 3228 4938 a
3262 4902 3516 4955 suprema

1956 4975 2118 5037 sede,
2159 4973 2300 5042 apud
2343 4989 2506 5040 quam
2548 4973 2799 5028 Christus
2835 4975 3096 5045 deposuit
3131 4978 3310 5033 claves
3352 4981 3469 5032 tidei
3499 5018 3513 5041 ,

1958 5066 2218 5120 adversus
2257 5082 2419 5134 quam
2459 5077 2628 5136 porta:
2670 5069 2826 5123 inferi
2865 5084 2892 5122 a
2927 5073 3125 5125 smculo
3165 5089 3270 5125 non
3309 5089 3515 5138 prd'vn-

1957 5159 2169 5211 luerunt
2194 5172 2292 5211 nec
2319 5159 2685 5225 praevalebunt
2707 5174 2878 5229 usque
2899 5161 2963 5212 ad
2989 5163 3513 5216 consummationem

1955 5250 2072 5318 ejus
2095 5289 2110 5312 ,
2145 5249 2526 5303 haereticorum
2566 5250 2818 5304 videlicet
2851 5251 3109 5305 elIrenata
3144 5267 3238 5307 ora
3267 5296 3280 5316 ,
3320 5269 3520 5308 secun-

1958 5339 2083 5394 dum
2136 5339 2550 5407 promissionem
2603 5340 2807 5394 veracis
2863 5341 3098 5396 Domini.
3143 5360 3159 5392 ι
3202 5340 3371 5395 Audis
3411 5360 3518 5411 qun

1960 5437 2114 5498 pacto
2153 5443 2215 5481 ca
2261 5439 2341 5484 est
2375 5437 2536 5497 caput
2583 5428 2840 5483 Ecclesia:
2869 5429 3070 5484 Christi
3095 5469 3109 5493 ,
3143 5431 3297 5498 cujus
3331 5431 3520 5486 Petrus

1961 5528 2042 5573 est
2070 5519 2274 5586 primus
2297 5530 2533 5587 praeses;
2565 5530 2619 5573 et
2643 5520 2784 5587 quod
2813 5536 3088 5590 nunquam
3117 5522 3519 5588 praevaluerunt

1963 5626 2138 5679 neque
2171 5612 2539 5679 praevalebunt
2570 5627 2741 5680 usque
2770 5615 2832 5666 ad
2862 5615 3386 5668 consummationem
3418 5631 3518 5669 sm-

1952 5700 2058 5753 culi
2087 5699 2462 5753 haereticorum
2519 5700 2776 5755 effrenata
2810 5717 2927 5765 ora,
2952 5705 3251 5755 secundum
3287 5718 3520 5770 pronus-

1950 5795 2156 5849 sionem
2193 5793 2401 5849 veracis
2438 5791 2780 5850 Salvatoris?
2819 5794 2877 5851 Si
2906 5808 3036 5864 ergo
3067 5810 3343 5866 nunquam
3380 5811 3520 5861 [πω-
