4156 6420
247 354 371 413 i38l

854 332 1013 411 vim
1062 346 1288 414 coxo.
1338 348 1715 437 FLORENT.
1751 350 1805 405 c

1958 350 2021 407 ιτ.
2068 346 2167 407 DE
2218 334 2574 402 ΡΠΖΜΛΤῙῙ
2623 346 2853 407 PAF/ri.

3356 350 3495 416 1382

240 466 408 530 ρῐξειν
445 464 763 530 ἐπιχειρῶν·
801 464 936 515 ἀλλὰ.
986 462 1089 513 καὶ
1125 463 1331 529 ταύτην
1365 462 1529 513 αὐτοῦ
1561 462 1657 529 τὴν
1688 464 1803 511 ἐπι-

1911 455 2034 510 dine
2061 466 2143 510 est
2174 454 2534 521 constitutus,
2570 470 2616 510 ct
2652 462 3194 528 metropolitanorum
3232 479 3497 532 pr.eventt

236 555 528 624 ϐουλὴν,ὴ
587 558 717 622 ἁγία
770 556 985 617 σύνοδος
1051 557 1460 609 ἁναστέλλουσα
1497 553 1801 619 παντελῶς,

235 645 402 714 ὥρισε
436 646 527 696 τοῦ
560 646 768 709 λοιποῦ,
801 648 889 699 ἵνα
940 649 989 699 εἴ
1018 664 1101 708 τις
1142 647 1521 715 πρεσὸύτερος
1556 646 1586 713 ἣ
1621 646 1805 697 διάκο-

235 750 323 794 νος
355 735 427 795 tit,
460 735 618 803 δῆθεν
648 735 732 788 ἐπ’
769 738 1084 807 ἐγκλήμασί
1116 756 1226 789 τισι
1259 738 1353 790 τοῦ
1379 738 1583 790 οἰκείου
1610 752 1805 803 κατεγ-

234 826 427 887 νωκὼς
464 831 785 894 ἐπισκόπου,
820 832 928 900 προ
981 831 1264 898 συνοὸικῆς
1317 829 1666 897 διαγνώσεως
1711 831 1804 881 καὶ

234 916 531 980 ἐξετάσεως
565 920 656 972 καὶ
686 921 784 989 τῆς
834 922 921 973 ἐπ’
957 922 1106 990 αὑτῷ
1137 922 1350 983 τελείας
1384 923 1797 989 κατακρίσεως,

234 1014 542 1081 ἀποστῆναι
585 1016 849 1083 τολμήσει
905 1017 1007 1084 τῆς
1059 1018 1223 1070 αὐτοῦ
1264 1017 1576 1079 κοινωνίας,
1622 1018 1807 1069 καὶτὸ

235 1106 407 1174 ὄνομα
430 1107 596 1159 αὑτοῦ
634 1110 689 1159 ἐν
722 1110 840 1171 τιῖς
879 1108 1053 1177 ἱεραῖς
1084 1109 1194 1161 τῶν
1230 1110 1588 1180 λειτουργιῶν
1618 1112 1806 1181 εὐχαῖς

236 1200 375 1252 κατά
397 1202 454 1252 το
486 1201 925 1269 παραδεδομένον
954 1205 1022 1274 τῇ
1059 1202 1356 1272 Ἐκκλησία
1387 1205 1483 1255 οὑκ
1519 1205 1804 1275 ἀναφέρει,

232 1293 424 1343 τοῦτον
453 1292 777 1345 ὑποκεῖσθαι
808 1294 1147 1363 καθαιρέσει,
1180 1297 1271 1347 καὶ
1300 1296 1480 1364 πάσης
1522 1297 1806 1365 ἱερατικῆς

235 1387 665 1455 ἀποστερεῖσθαι
691 1389 880 1457 τιμῆς.
933 1391 992 1441 ὐ
1020 1392 1128 1459 γὰρ
1157 1391 1215 1441 ὲν
1252 1389 1629 1460 πρεσϐυτέρου
1655 1392 1805 1457 τάξει

235 1480 599 1545 τεταγμένος,
674 1482 766 1532 καὶ
817 1482 927 1535 τῶν
984 1481 1401 1550 μητροπολιτῶν
1434 1484 1807 1552 προαρπάζων

235 1568 335 1636 τὴν
385 1570 587 1637 κρίσιν,
635 1571 729 1623 καὶ
796 1570 902 1639 πρὸ
952 1572 1186 1639 κρίσεως
1246 1571 1405 1632 αὐτὸς
1459 1572 1807 1640 κατακρίνων

234 1661 358 1712 ὅσον
390 1662 448 1711 τὸ
474 1662 562 1712 ἐπ’
589 1662 736 1731 αὐτῷ
762 1663 853 1715 τὸν
880 1664 1078 1716 οἰκεῖον
1103 1665 1323 1732 Πατέρα
1349 1663 1445 1716 καὶ
1475 1667 1801 1730 ἐπίσκοπον,

234 1769 391 1813 ουτος
421 1753 540 1806 οὐδὲ
569 1754 669 1823 τῆς
720 1753 814 1806 τοῦ
862 1756 1242 1825 πρεσϐυτέρου
1276 1756 1425 1808 ἐστὶν
1452 1755 1603 1822 ἄξιος
1634 1757 1805 1827 τιμῆς

1910 549 2216 617 judicium,
2274 557 2325 603 et
2375 559 2498 603 ante
2545 550 2812 619 judicium
2855 556 3144 622 (quantum
3197 558 3248 608 in
3290 572 3349 611 se
3389 560 3494 627 est)

1916 650 2241 702 condemnat
2272 666 2429 703 suum
2465 649 2677 705 Patrem
2712 663 2763 707 et
2793 655 3116 719 episcopum
3148 693 3161 718 ,
3199 654 3285 707 Itic
3316 669 3493 723 neque

1916 742 2210 809 presbyteri
2261 743 2459 806 dignus
2503 753 2586 797 est
2620 747 2827 799 honore
2871 762 2968 801 nec
3005 750 3267 813 nomine;
3311 761 3363 804 et
3397 753 3492 823 qui

1918 832 2016 885 hos
2041 845 2357 902 sequuntur,
2386 839 2430 888 si
2460 837 2552 905 qui
2576 836 2780 890 fuerint
2803 854 2868 892 ex
2898 840 3209 895 constitutis
3238 843 3287 895 itt
3318 847 3489 899 sacris

1914 922 2199 978 ordinibus
2225 968 2239 991 ,
2284 936 2336 979 et
2368 928 2467 994 ipsi
2503 928 2618 981 suis
2650 928 3006 996 dignitatibus
3039 934 3295 987 excidant
3325 954 3338 989 :
3374 950 3491 989 mo-

1916 1017 2071 1068 nacbi
2104 1012 2231 1070 vero
2255 1018 2338 1071 Vel
2366 1018 2490 1072 laici
2516 1020 2863 1087 expelluntur
2886 1022 3105 1089 penitus
3130 1026 3196 1077 ab
3226 1024 3488 1093 Ecclesia,

1914 1107 2105 1172 donec,
2144 1110 2323 1163 relicta
2383 1126 2502 1163 cum
2540 1112 2906 1167 schismaticis
2938 1116 3356 1183 conjunctione,
3418 1120 3489 1173 ad

1915 1214 2071 1254 suum
2103 1202 2418 1269 episcopum
2454 1212 2819 1256 revertantur.
2861 1224 2878 1256 ι
2919 1204 3108 1260 Nonne
3136 1222 3202 1260 ex
3237 1210 3337 1263 hoc
3367 1210 3490 1265 loco

1916 1294 2277 1362 deprehendis
2304 1295 2447 1364 quod
2481 1298 2790 1350 sacerdmio
2823 1298 3065 1363 abdicat,
3104 1314 3282 1369 neque
3314 1316 3493 1356 sacer-

1914 1385 2055 1440 dotis
2092 1401 2289 1440 nomen
2324 1388 2433 1440 vult
2464 1388 2736 1452 obtinere,
2769 1390 2859 1457 qui
2900 1392 3230 1445 mentionem
3266 1408 3373 1447 non
3401 1393 3492 1449 fa-

1915 1480 2065 1532 ciunt
2111 1481 2379 1547 primatus
2413 1496 2643 1544 eorum,
2675 1497 2975 1549 eorumque
3021 1495 3266 1539 sectores
3294 1526 3309 1547 ,
3353 1495 3407 1541 et
3447 1488 3491 1541 si

1916 1570 2007 1637 qui
2042 1570 2217 1624 sacris
2268 1580 2395 1624 sunt
2432 1572 2719 1626 ordinibus
2765 1574 3013 1643 insigniti
3047 1574 3309 1643 profanos
3336 1577 3493 1645 jubet

1915 1657 2084 1711 esse?
2123 1656 2222 1723 Qui
2260 1659 2313 1712 in
2357 1661 2530 1714 sacris
2582 1675 2687 1715 non
2744 1673 2913 1728 sunt,
2965 1666 3340 1735 cujuscunque
3383 1669 3493 1721 sint

1916 1747 2248 1803 conditionis
2306 1750 2770 1804 excommunicat.
2830 1752 3159 1821 Resipiseite
3214 1754 3434 1808 tandem
3475 1797 3488 1820 ,

234 1843 269 1910 ἦ
292 1844 609 1912 ὀνομασίας.
642 1847 705 1899 Οἱ
739 1847 795 1899 δὲ
830 1823 1045 1912 τούτοις
1077 1823 1456 1919 συνεπόμενοι,
1490 1854 1539 1904 εἱ
1570 1854 1670 1921 μὲν

1912 1839 2108 1894 fratres
2136 1880 2150 1905 ,
2208 1856 2305 1909 per
2355 1842 2523 1894 Deum
2569 1843 2910 1911 resipiscite,
2964 1859 3063 1899 nec
3104 1846 3335 1913 amplius
3381 1854 3489 1900 tam

235 1938 554 2006 ἱερωμένων
603 1934 715 1992 εἶέν
755 1958 921 2005 τινες,
956 1943 1047 1995 καὶ
1095 1944 1249 1997 αὐτοὶ
1281 1945 1379 2014 τῆς
1409 1945 1587 2009 οίκίας
1643 1948 1809 2018 τιμῆς

236 2030 690 2083 ὲκπιπτέτωσανο
723 2034 771 2085 of
804 2034 858 2086 δὲ
883 2037 1111 2104 μοναχοὶ
1140 2036 1174 2107 ἢ
1228 2036 1406 2090 λαῖκοὶ
1438 2040 1808 2109 ἀφοριζέσθω-

236 2139 338 2173 σαν
376 2125 655 2188 παντελῶς
684 2126 787 2195 τῆς
831 2128 1180 2198 Ἑκκλησίας,
1219 2130 1415 2201 μέχρις
1445 2131 1511 2185 ἂν
1537 2133 1635 2205 τὴν
1669 2136 1807 2204 πρὸς

231 2216 361 2277 τοὺς
419 2221 813 2286 σχισματικοὺς
870 2223 1170 2288 συνάφειαν
1215 2223 1630 2293 διαπτύσαντες,
1673 2230 1808 2298 πρὸς

230 2309 323 2358 τὸν
347 2310 545 2361 οἰκεῖον
575 2310 873 2364 ἐπίσκοπον
902 2311 1452 2386 ἱπιστραφεῖεν.’Δρ⁹
1484 2318 1658 2387 ἔγνως
1678 2322 1795 2373 κάν»

231 2400 430 2466 ταῦθα,
462 2403 543 2454 ὅτι
572 2403 698 2466 τοὺς
730 2404 831 2474 μὲν
864 2406 1029 2476 ἱερεῖς
1062 2408 1160 2477 τῆς
1198 2409 1500 2480 ἱερωσύνης
1523 2413 1807 2483 ἀπείργει,

230 2494 329 2547 καὶ
380 2495 490 2548 οὐδ’
530 2498 829 2569 ὀνομασίαν
865 2504 1056 2573 ἱερέων
1110 2505 1274 2575 ἔχειν,
1300 2507 1429 2571 τοὺς
1484 2510 1560 2579 μὴ
1593 2528 1807 2580 μνημο-

232 2586 488 2653 νεύοντας
512 2590 609 2661 τῆς
634 2594 808 2663 ἀρχῆς
830 2596 1033 2661 αὐτῶν,
1056 2598 1184 2660 τοὺς
1211 2598 1256 2649 δ’
1274 2599 1581 2667 ἑπομένους
1598 2602 1803 2667 αὐτοῖς,

232 2681 561 2736 καὶτούτων
605 2686 730 2749 τοὺς
771 2688 1105 2759 ἱερωμένους
1159 2691 1409 2760 ἀνιέρους
1457 2694 1669 2747 κελεύει
1705 2698 1804 2763 μέ-

234 2789 369 2838 νειν,
397 2778 522 2838 τοὺς
551 2776 598 2828 δ’
643 2779 918 2848 ἀνιέρους,
949 2783 1351 2851 οἱασδηποτοῦν
1384 2786 1591 2852 τάξεως
1646 2788 1806 2852 ὄντας

230 2867 521 2934 ἀφορίζει;
559 2870 752 2924 Σύνετε
809 2874 995 2926 λοιπὸν
1052 2877 1272 2945 ἀδελφοὶ
1304 2879 1416 2946 διὰ,
1451 2881 1541 2931 τὸν
1579 2883 1805 2951 Κύριον,

242 2958 433 3012 σύνετε
462 2978 475 2993 ο
510 2964 644 3031 μηδὲ
676 2965 863 3019 Θέλετε
920 2969 1279 3025 ἀνθίστασθαι
1306 2976 1372 3042 τῇ
1404 2974 1633 3045 ἀληθεία
1664 2978 1807 3030 οὕτω

234 3053 448 3122 φανερᾷ
477 3053 631 3125 οὔσῃ,
685 3058 780 3109 καὶ
829 3061 965 3129 πρὸς
997 3064 1123 3125 τοῦς
1171 3066 1448 3136 ἡγήτορας
1478 3068 1586 3118 τῶν
1619 3070 1805 3139 ψυχῶν

233 3144 391 3211 ἡμῶν
442 3146 810 3219 ἀντιφερίζειν
837 3169 848 3182 ο
883 3154 1120 3224 σκληρὸν
1180 3159 1291 3229 γάρ
1318 3161 1456 3223 ἐστι,
1498 3163 1701 3229 μᾶλλον
1754 3167 1805 3218 δὲ
1837 3176 1879 3231 c

233 3237 417 3305 μωρὸν
465 3242 556 3290 καὶ
610 3242 838 3311 ἀνόητον
890 3250 1121 3316 γυμνοῖς
1179 3252 1305 3302 ποσὶ
1355 3254 1634 3317 λακτίζειν
1674 3258 1808 3328 πρὸς

232 3329 469 3394 κέντρα’
510 3328 568 3379 ὃν
616 3332 724 3397 γάρ
754 3332 958 3400 τρόπον
1009 3336 1077 3388 τά
1110 3336 1192 3389 tbi
1222 3338 1300 3407 τῷ
1352 3339 1506 3410 λίθῳ,
1548 3342 1719 3404 οὕτως
1753 3348 1809 3397 αἱ

232 3418 470 3485 κεφαλαὶ
532 3422 688 3490 ὑμῶν
746 3428 810 3495 τῇ
848 3426 1143 3499 Ἐκκλησία
1192 3431 1599 3500 συντρίϐονται.
1650 3436 1809 3498 Λίθος

231 3514 342 3581 γὰρ
366 3514 459 3564 καὶ
494 3516 795 3569 σκανδάλου
842 3518 1016 3584 πέτρα
1048 3521 1079 3591 ὴ
1112 3520 1433 3591 Ἐκκλησία,
1470 3527 1560 3576 καὶ
1590 3528 1754 3589 αὐτὸς
1786 3530 1810 3579 ὁ

230 3604 468 3672 Χριστος
521 3610 941 3675 παρεικάζεται.
1004 3611 1217 3675 Παῦλος
1256 3617 1285 3667 ὁ
1335 3618 1605 3686 μακάριος
1667 3619 1808 3673 οὕτω

229 3696 379 3763 λέγει
406 3714 418 3725 ο
452 3717 469 3750 ι
501 3701 725 3754 Ἐπινον
755 3705 865 3772 γάρ
894 3705 956 3757 ἱκ
993 3708 1375 3778 πνευματικῆς
1407 3710 1807 3781 ἀκολουθούσης

230 3790 461 3858 πέτρας,
511 3794 545 3862 ἡ
593 3794 651 3845 δὲ
687 3795 864 3864 πέτρα
907 3791 977 3867 ἦν
1020 3800 1047 3850 ὁ
1089 3798 1359 3868 Χριστός⁶
1401 3802 1557 3867 οὗτός
1600 3807 1747 3867 ὲστυι
1778 3807 1806 3856 ὁ

226 3880 374 3942 λίθος
404 3885 430 3933 ὀ
459 3884 516 3948 ἐξ
540 3884 700 3953 ὅρους
722 3887 1053 3954 παρθενικοῦ
1069 3891 1459 3962 ἀποτμηθείς.»
1502 3894 1561 3948 Ὀ
1588 3897 1641 3949 δὲ
1672 3900 1805 3969 Χρι-

228 3972 353 4033 στὸς
382 3974 514 4041 πρὸς
540 3975 628 4027 τὸν
646 3977 873 4046 Πέτρον,
902 3996 920 4029 ι
960 3979 1031 4031 Σὺ
1064 3976 1116 4031 εἱ
1148 3980 1373 4049 Πέτρος,
1402 3985 1498 4036 καὶ
1519 3988 1609 4039 ἐπὶ
1633 3988 1804 4061 ταύτῃ

222 4066 295 4131 τῇ
330 4066 502 4133 πέτρα
531 4067 875 4137 οἰκοδομήσω
902 4086 1004 4137 μου
1032 4070 1129 4139 τὴν
1168 4072 1523 4142 Ἐκκλησίαν,
1563 4095 1581 4128 ο
1622 4081 1711 4131 καὶ
1735 4083 1802 4134 τὰ

223 4157 410 4219 λοιπὰ,
445 4158 521 4221 ὡς
551 4159 814 4222 πολλάκις
850 4160 1093 4229 εἴρηται.
1135 4163 1267 4216 Ἰδοὺ
1303 4164 1394 4217 οὖν
1414 4167 1687 4225 δέδεικται
1719 4174 1801 4226 ὅτι

226 4251 406 4319 πέτρα
460 4253 555 4303 καὶ
615 4252 783 4314 λίθος,
816 4255 848 4323 ἡ
879 4254 973 4307 τοῦ
1008 4256 1246 4324 Χριστοῦ
1291 4260 1589 4331 Ἐκκλησία
1626 4266 1799 4322 ἐστίν.

225 4344 329 4405 ὐς
360 4360 443 4406 τις
474 4347 651 4398 συνὲν
685 4347 823 4414 αὐτῇ
861 4348 1221 4416 προσκόπτει,
1265 4352 1378 4418 φῶς
1413 4353 1472 4405 ἐν
1524 4356 1670 4427 αὑτῷ
1701 4361 1800 4413 οὐκ

222 4437 375 4488 εστιν
398 4452 411 4465 ·
447 4437 473 4487 ὁ
504 4437 559 4491 δὲ
594 4440 815 4506 κρατῶν
857 4440 956 4501 τὰς
983 4440 1208 4503 έντολάς
1250 4444 1443 4515 αὐτῆς,
1474 4447 1534 4498 ού
1567 4453 1801 4519 προσκό.

1913 1942 2098 2003 aperte
2138 1934 2350 1987 veritati
2400 1934 2726 1999 obsistatis,
2784 1951 2882 1990 nec
2932 1937 3193 1991 adversus
3247 1948 3491 1998 pastores

1902 2026 2216 2080 animarum
2247 2034 2555 2081 vestrarum
2588 2025 2919 2093 decertetis;
2952 2028 3148 2083 durum
3188 2042 3271 2084 est
3299 2033 3443 2085 enim
3473 2074 3488 2096 ,

1912 2119 2024 2172 imo
2056 2133 2183 2172 vero
2214 2119 2346 2173 fatui
2382 2128 2435 2173 et
2464 2119 2754 2183 dementis,
2781 2119 2941 2173 nudis
2968 2122 3193 2189 pedibus
3223 2124 3488 2177 adversus

1912 2211 2189 2266 stimulum
2227 2211 2537 2265 calcitrare.
2574 2210 2707 2264 Nam
2732 2212 3195 2280 quemadmodum
3224 2229 3324 2268 ora
3347 2216 3485 2283 lapi-

1914 2306 2096 2367 dibus,
2127 2304 2207 2359 sic
2231 2314 2285 2358 et
2313 2303 2490 2374 capita
2517 2313 2695 2358 vestra
2752 2303 2997 2359 Ecclesia
3031 2305 3482 2377 confringnntur:

1907 2396 2071 2467 Lapis
2140 2411 2373 2465 namque
2410 2406 2459 2449 et
2527 2405 2677 2466 petra
2741 2396 2984 2448 scandali
3035 2407 3106 2449 est
3132 2397 3390 2451 Ecclesia.
3436 2409 3484 2451 et

1908 2490 2161 2545 Christus
2194 2492 2307 2560 ipse
2356 2489 2433 2545 illi
2477 2504 2536 2544 se
2581 2488 2814 2545 similem
2863 2488 3015 2543 facit.
3046 2482 3246 2544 Beatus
3286 2490 3487 2545 Paulus

1909 2581 1980 2633 vita
2034 2579 2272 2635 scribit:
2305 2596 2330 2630 τι
2370 2577 2828 2655 Bibebantlcnim
2876 2576 2943 2630 de
2986 2576 3251 2646 spirituali
3295 2593 3490 2631 ctmse-

1909 2672 2098 2741 qncnti
2132 2686 2228 2725 eos
2260 2678 2432 2738 petra,
2469 2676 2619 2738 petra
2646 2679 2826 2723 autem
2858 2679 2977 2723 erat
3012 2668 3263 2724 Christus
3290 2670 3355 2722 “.
3392 2669 3490 2724 Hie

1909 2748 2157 2833 est‘lapis
2185 2767 2247 2817 de
2277 2776 2462 2816 monte
2492 2762 2739 2828 virginali
2769 2762 3055 2815 abscissus
3084 2759 3149 2814 ⁸³.
3185 2779 3203 2811 ι
3238 2760 3490 2817 Christus

1910 2872 2041 2910 vero
2074 2856 2137 2908 ad
2170 2855 2389 2908 Petrum
2420 2872 2433 2908 :
2467 2872 2485 2905 t
2519 2852 2598 2906 'l‘u
2629 2868 2687 2907 es
2718 2855 2930 2919 Petrus,
2959 2863 3010 2906 et
3036 2868 3198 2921 super
3228 2854 3368 2907 hanc
3399 2870 3491 2921 pe-

1911 2958 2049 3001 tram
2088 2948 2373 3002 mdificabo
2409 2946 2707 3001 Ecclesiatn
2731 2985 2746 3009 ,
2786 2964 2802 2996 ι
2840 2956 2897 2999 et
2926 2946 3129 3015 reliqua
3155 2985 3169 3006 ,
3204 2953 3259 2998 ut
3289 2947 3487 3010 saapius

1911 3040 2116 3091 dictum
2147 3048 2249 3092 est.
2283 3036 2421 3091 Ecce
2452 3037 2619 3101 igitur
2646 3046 2927 3089 ostensum
2958 3044 3041 3088 est
3074 3036 3217 3103 quod
3250 3046 3398 3103 petra
3427 3046 3482 3089 et

1916 3132 2052 3199 lapis
2093 3128 2301 3184 Christi
2346 3138 2429 3183 est
2473 3127 2759 3193 Ecclesia;
2807 3131 2895 3195 qui
2942 3127 3104 3196 igitur
3137 3128 3188 3180 in
3222 3143 3339 3180 eam
3382 3130 3484 3180 im-

1920 3226 2125 3294 pingit,
2157 3224 2245 3275 lux
2279 3223 2330 3274 in
2367 3236 2430 3275 eo
2463 3236 2568 3273 non
2602 3228 2717 3284 est;
2755 3220 2849 3275 sed
2882 3220 2972 3288 qui
3006 3230 3186 3275 servat
3221 3230 3486 3288 princepta

1909 3318 2029 3383 cjtts
2062 3330 2167 3367 non
2206 3313 2492 3383 impingit,
2528 3327 2653 3366 vera
2691 3313 2810 3365 luce
2847 3326 2968 3380 qua)
3000 3311 3051 3365 in
3097 3311 3212 3380 ipso
3243 3323 3327 3365 est
3360 3312 3486 3365 illu-

1913 3409 2177 3466 minanle,
2214 3423 2230 3454 ι
2269 3418 2388 3472 qua:
2418 3403 2682 3457 illuminat
2716 3418 2932 3456 omnem
2965 3403 3238 3456 hominem
3272 3404 3489 3456 venien-

1912 3508 2015 3549 tem
2049 3498 2101 3550 in
2136 3499 2279 3549 hunc
2317 3496 2597 3549 mundum.
2641 3515 2659 3547 ›
2700 3495 2814 3549 Lux
2851 3496 2995 3549 enim
3034 3496 3236 3549 veritas
3270 3503 3351 3548 est
3389 3509 3488 3549 co-

1912 3592 2087 3657 gnitio
2123 3605 2183 3643 ac
2215 3590 2594 3641 illuminantur
2627 3589 2694 3641 ab
2726 3601 2787 3639 ea
2822 3589 2913 3655 qui
2948 3588 3137 3639 volunt
3173 3596 3225 3638 et
3257 3602 3483 3641 manent.

1914 3682 1965 3733 in
1999 3696 2083 3733 ea.
2115 3679 2217 3733 Sed
2254 3680 2345 3747 qui
2384 3680 2579 3731 nolunt
2612 3680 3013 3745 obtemperare,
3048 3676 3371 3743 insipientia:
3410 3687 3487 3731 te-

1912 3774 2098 3824 nebrae
2148 3787 2333 3825 eorum
2371 3771 2561 3825 oculos
2607 3771 2869 3838 olttegunt
2897 3810 2910 3835 ,
2959 3780 3011 3824 et
3048 3770 3392 3838 impingunt,
3434 3781 3488 3825 et

1912 3873 2295 3927 conteruntur,
2334 3879 2397 3917 ac
2440 3864 2656 3916 tandem
2689 3862 3142 3925 exterminantur,
3172 3874 3226 3916 et.
3264 3878 3490 3932 respon-

1910 3970 2030 4007 sum
2068 3953 2281 4019 ferent,
2324 3955 2467 4023 quod
2517 3956 2771 4024 praecepit
2824 3953 3084 4008 Dominus
3111 3996 3125 4019 ,
3163 3956 3307 4023 quod
3357 3970 3488 4009 oves

1910 4060 2042 4098 meae
2082 4060 2257 4097 meam
2294 4059 2482 4098 vocem
2526 4045 2794 4107 audiunt;
2849 4059 2969 4112 quae
3018 4059 3146 4096 vero
3197 4059 3329 4097 mea:
3378 4059 3485 4098 non

1908 4144 2063 4200 sunt,
2099 4150 2287 4190 vocem
2329 4150 2503 4188 meam
2538 4150 2644 4189 non
2681 4135 2933 4203 audiunt,
2966 4144 3019 4189 et
3056 4136 3216 4204 lupus
3248 4136 3393 4205 rapit
3429 4148 3486 4190 et

1907 4230 2169 4297 dispergit
2194 4244 2309 4282 eas.
2340 4227 2416 4280 Ita
2439 4229 2652 4281 eveniet
2675 4237 2728 4282 et
2754 4229 3114 4281 rationalibus
3139 4229 3337 4282 ovibus
3367 4243 3489 4296 qua:

1909 4336 2098 4375 vocem
2150 4322 2385 4391 pastoris
2436 4336 2541 4373 non
2585 4321 2851 4386 audiunt;
2904 4320 3384 4390 impingentenim
3435 4331 3491 4374 et

1912 4414 2167 4467 labentur
2204 4416 2256 4467 in
2295 4414 2528 4469 haereses
2553 4453 2567 4477 ,
2606 4415 2976 4468 absurditates
3008 4424 3062 4467 et
3097 4414 3417 4469 schismata.

222 4547 372 4594 πτει,
401 4528 494 4582 τοῦ
528 4529 704 4598 φωτὸς
735 4534 794 4584 ιν
822 4533 971 4601 αὐτῷ
1006 4534 1346 4601 ὑπάρχοντος
1374 4537 1468 4587 τοῦ
1504 4540 1789 4609 ἀληθινοῦ,
1862 4548 1958 4601 τοῦ
2011 4551 2341 4617 φωτίζοντος
2399 4553 2579 4605 πάντα
2638 4552 2928 4621 ἄνθρωπον
2999 4554 3077 4615 είς
3130 4554 3221 4606 τὸν
3278 4556 3488 4624 κόσμον

227 4621 525 4715 ἐρχόμενον
592 4622 727 4715 Ῠφῶἰ
756 4623 866 4715 γὰρ
914 4624 946 4693 ἠ
1001 4625 1228 4694 ἀλήθεια
1256 4630 1349 4681 καὶ
1411 4632 1611 4697 γνῶσίς
1642 4636 1795 4689 ἐστι’
1837 4643 1933 4695 καὶ
1965 4645 2292 4711 φωτίζονται
2325 4646 2451 4713 παρ’
2485 4646 2657 4714 αὐτῆς
2685 4648 2733 4699 οἱ
2763 4645 3006 4707 θέλοντες
3070 4647 3164 4699 καὶ
3232 4621 3488 4715 μένοντες

222 4714 284 4763 ἐν
317 4712 487 4812 αὖτῇ’
517 4713 639 4765 οἶδὲ
675 4714 749 4784 μὴ
783 4714 1095 4785 βουλόμενοι
1131 4722 1561 4791 ὑποτάσσεσθαι,
1631 4730 1691 4781 τὸ
1763 4732 1863 4802 τῆς
1904 4738 2088 4801 ἀνοίας
2131 4740 2322 4802 σκότος
2352 4712 2623 4793 καλύπτει
2643 4740 2770 4802 τοὺς
2797 4741 3116 4812 ὀφθαλμοὺς
3149 4712 3352 4806 αὐτῶν,
3391 4748 3489 4797 καὶ

222 4808 633 4872 προσκόπτουσι
711 4813 806 4864 καὶ
881 4816 1265 4883 συντρίϐονται
1318 4819 1410 4872 καὶ
1474 4821 1658 4876 τέλεον
1706 4828 2097 4895 ἀφανίζονται·
2169 4838 2264 4888 καὶ
2328 4838 2426 4905 τὴν
2486 4836 2762 4903 ἀπόφασιν
2817 4835 3032 4903 ἕξουσιν
3086 4836 3151 4907 ἢν
3205 4840 3232 4889 ὁ
3282 4836 3487 4906 Κύριος

219 4900 547 4998 ὲνξτῗνᾳίξτοι
584 4903 667 4998 δῖι
693 4918 705 4932 ⁸
741 4905 884 4998 ξμΤά
914 4909 1021 4973 illi
1056 4909 1308 4976 πρόϐατα
1342 4911 1445 4980 τῆς
1476 4915 1662 4985 φωνῆς
1694 4935 1796 4986 μου
1837 4924 2027 4978 ἀκούει
2051 4942 2064 4954 ·
2103 4928 2170 4979 τὰ
2196 4928 2239 4979 δ’
2263 4930 2361 4980 οὐκ
2382 4900 2523 4996 -ὲμὰ,
2552 4900 2651 4982 οὐκ
2693 4900 2883 4981 ἀκούει
2919 4948 3023 4998 μου
3094 4900 3192 4998 τῆς
3258 4900 3438 4998 Quota-1'1;
3466 4900 3480 4963 λ

219 4992 586 5092 καίολύκος-
605 4994 844 5092 ἁρπάζει
882 4998 1045 5065 αὑτά,
1107 5002 1202 5054 καὶ
1247 5004 1537 5073 σκορπίζει
1569 5010 1642 5061 τὸ.
1673 5013 1942 5079 πρόϐατα.
1979 5036 2003 5073 ι
2040 5020 2229 5083 υῦτως
2258 4992 2444 5087 ἕξουσι
2524 5022 2621 5074 καὶ
2668 5020 2738 5073 τὰ
2804 4992 3000 5088 λογίεά
3053 4992 3324 5091 «potia-ra,
3399 4992 3481 5092 μὴ

218 5087 485 5141 ἀκούοντα
528 5087 629 5155 τῆς
679 5088 774 5143 τοῦ
828 5094 1085 5162 ποιμένος
1171 5097 1395 5168 φωνῆς·
1452 5102 1799 5173 ὀλισθησουσι
1836 5112 1948 5181 γὰρ
1976 5114 2073 5167 καὶ
2102 5115 2595 5186 σκορπισθήσονται
2670 5117 2748 5177 εἰς
2783 5114 3027 5184 αἱρέσεις
3081 5116 3177 5168 καὶ
3243 5116 3481 5178 ἀτοπίας

219 5180 318 5233 καὶ
345 5180 647 5249 σχίσματα.

960 5274 1056 5332 IZ'.

294 5364 415 5416 Ὅτι
439 5367 496 5437 δὲ
521 5366 582 5417 οὐ
622 5367 847 5421 δυνατόν
872 5370 1022 5423 ἐστιν
1053 5374 1424 5445 ἀπατηθῆναι,
1454 5380 1485 5449 ἢ
1525 5383 1800 5456 πλανηθῆ-

215 5470 329 5519 ναι,
367 5453 399 5522 ῆ
452 5456 833 5525 συντριϐῆναι,
869 5458 900 5529 ἢ
951 5461 1253 5517 ἀπολέσθαι
1305 5468 1406 5537 τὴν
1438 5453 1794 5543 Ἐκκλησίαν,

216 5546 356 5597 ἀλλὰ
388 5546 591 5615 μᾶλλον
622 5550 747 5612 τοὺς
794 5553 1140 5621 μαχομένους
1172 5560 1307 5630 αὐτῇ
1338 5562 1511 5616 ταῦτα
1542 5567 1792 5637 πάσχειν,

213 5639 488 5692 δέδεικται
526 5640 629 5709 μὲν
658 5645 753 5696 καὶ
785 5646 1052 5716 πρότερον
1097 5649 1316 5716 πολλοῖς
1367 5657 1459 5708 καὶ
1489 5659 1792 5733 καλοίςιλο-

292 5822 333 5851 δ’
367 5819 385 5874 l
418 5820 542 5877 Cor.
577 5839 631 5890 κ,
671 5826 723 5880 4.
803 5826 847 5862 ⁸³
886 5828 1024 5884 Dan.
1071 5845 1130 5887 tt.
1162 5832 1251 5891 45.

2602 5293 2772 5348 XVII.

1981 5388 2134 5453 Quod
2165 5404 2292 5443 vero
2320 5403 2428 5443 non
2464 5387 2637 5456 possit
2662 5386 2865 5456 decipi,
2890 5386 2971 5439 vel
3000 5400 3207 5450 errare,
3242 5385 3327 5440 vel
3360 5400 3491 5439 con-

1908 5481 2097 5552 fringi.
2134 5482 2214 5537 vel
2247 5482 2426 5551 perire
2459 5479 2730 5544 Ecclesia,
2765 5480 2877 5533 imo
2916 5493 3042 5533 vero
3076 5479 3129 5532 id
3164 5478 3386 5533 evenire
3418 5478 3487 5531 iis

1906 5574 1999 5642 qui
2052 5587 2173 5628 eam
2216 5582 2573 5642 oppugnant,
2626 5580 2910 5627 ostensum
2960 5579 3045 5625 est
3091 5580 3247 5623 antea
3302 5568 3488 5622 multis

1902 5668 2135 5735 earegiis
2169 5665 2771 5737 argumentationibus;
2831 5680 2979 5720 nunc
3033 5664 3306 5720 efﬁcacius
3350 5679 3488 5732 quo-
