4156 6420
718 410 854 476 1383

1898 395 2213 458 JOS’EI’IH
2261 395 2810 460 ME'I‘HUNENSIS

3839 399 3975 461 13.54

713 526 1002 584 dammodo
1039 540 1131 592 per
1168 539 1385 579 sacrum
1423 523 1874 589 Chrysostomum
1913 535 2091 572 aureae
2137 519 2279 572 tubae

2393 520 2531 590 γοις·
2566 523 2659 574 νῦν
2690 526 2745 576 δὲ
2771 523 3138 594 ἰσχυροτέρως
3176 540 3293 586 πως
3325 522 3414 576 διὰ
3455 522 3545 575 τοῦ
3573 521 3722 592 ἱεροῦ
3751 523 3975 586 Χρυσο-

711 621 955 674 divinum
992 617 1254 671 Joannem
1291 615 1578 668 audiamus
1609 629 1672 665 ex
1711 612 1960 664 omtiune
1996 612 2048 663 iu
2084 611 2278 664 Pente-

711 718 899 764 costcn
928 749 943 770 ,
987 708 1142 774 cujus
1178 706 1505 774 principium
1545 721 1558 756 :
1600 723 1616 754 ι
1655 703 1865 756 Οωιυιιι
1914 701 2074 754 hodie
2119 699 2281 752 nohis

710 801 853 856 facta
889 809 972 854 est
1023 810 1186 853 terra.
1233 817 1250 848 ι
1292 796 1430 849 Dicit
1481 795 1624 848 enim
1671 793 1740 846 ibi
1795 802 1919 862 post
1959 793 2061 843 alia
2113 790 2282 843 multa

711 895 792 949 sic
829 893 904 963 (l)
941 911 954 948 ι
994 909 1010 942 ς
1053 891 1242 956 Magno
1271 888 1455 944 studio
1500 887 1767 940 incmnbit
1815 885 1952 938 Deus
2004 885 2054 935 in
2092 881 2281 938 Eccle-

711 991 869 1052 siam,
900 1001 1008 1039 non
1040 983 1336 1052 parietibus
1365 982 1578 1039 fultam,
1604 979 1696 1032 sed
1723 979 1898 1046 gratia
1926 975 2282 1030 custoditam.

714 1080 942 1146 Propter
985 1075 1281 1130 Ecclesium
1316 1074 1671 1128 constitutum
1718 1078 1802 1124 est
1849 1070 2084 1132 coelum,
2139 1075 2283 1118 terra

717 1175 922 1225 lirniata
953 1181 1056 1234 ρει,
1085 1179 1138 1221 et
1167 1184 1316 1220 mare
1348 1166 1604 1225 ell’usum,
1636 1172 1686 1216 et
1713 1177 1806 1215 aer
1838 1162 2096 1227 repletus,
2127 1172 2284 1226 para-

716 1265 869 1317 disus
903 1271 986 1316 est
1020 1265 1292 1329 plantatus
1319 1299 1331 1320 ,
1372 1259 1455 1310 lex
1497 1256 1692 1309 tradita
1719 1296 1733 1319 ,
1779 1254 1930 1306 missi
1965 1253 2244 1320 prophetae
2271 1289 2285 1313 ,

716 1355 978 1408 miracula
1009 1353 1149 1406 [acta
1181 1361 1332 1406 sunt,
1369 1362 1517 1401 mare
1547 1345 1905 1405 dividebatur,
1937 1351 1990 1396 et
2023 1341 2286 1396 resarcie-

715 1449 878 1501 batur
899 1489 912 1510 ,
949 1455 1112 1515 petra:
1140 1443 1530 1496 scindebantur
1562 1449 1615 1494 et
1655 1454 1850 1492 rursus
1878 1435 2288 1505 jnngehantur},

720 1555 914 1593 manna
945 1539 1010 1591 de
1050 1537 1191 1591 cwlo
1221 1534 1585 1590 descendebat
1613 1571 1627 1591 ,
1660 1540 1714 1584 et
1742 1546 1804 1583 ex
1835 1539 2075 1597 tempore
2104 1541 2290 1580 mensa

717 1631 1133 1700 disponebatur;
1161 1637 1380 1696 prapter
1409 1625 1711 1680 Ecclesiain
1746 1623 2044 1691 pr0phetaa,
2075 1626 2293 1686 propter

720 1723 1017 1777 Ecclesium
1047 1720 1303 1789 apOStoli.
1339 1737 1361 1770 ι
1395 1717 1465 1772 At
1507 1733 1606 1769 cur
1636 1727 1742 1768 tam
1782 1711 1993 1766 multa?
2022 1732 2038 1763 t
2070 1711 2292 1779 Propter

722 1817 1019 1869 Ecclesiam
1053 1813 1362 1882 unigenitus
1399 1810 1490 1864 Dei
1521 1807 1698 1861 Filius
1747 1806 1890 1858 (ilius
1924 1804 2165 1858 hominis
2209 1801 2291 1854 la-

720 1919 839 1962 ctus
874 1923 976 1967 est.
1026 1917 1086 1960 ut
1131 1905 1333 1959 Paulus
1379 1905 1474 1969 ait,
1524 1906 1616 1971 qui
1649 1901 1866 1970 proprio
1889 1898 2025 1953 Filio
2057 1911 2163 1951 non
2205 1910 2292 1964 pe-
2325 1886 2366 1939 Β

723 2003 930 2069 percit,
966 2010 1022 2053 ut
1061 1999 1318 2053 Ecclesiae
1357 2003 1646 2065 parceret,
1683 1991 1806 2045 Filii
1848 1992 1934 2045 sui
1971 1989 2290 2058 sanguinem

719 2095 913 2148 cli‘udit
957 2101 1177 2162 propter
1224 2089 1545 2142 Ecclesiam.
1593 2087 1692 2140 Hic
1732 2084 1957 2153 sanguis
2003 2083 2192 2152 irrigat
2224 2081 2292 2134 il-

711 2190 845 2240 lam.
881 2187 982 2240 Per
1013 2199 1136 2238 eum
1168 2198 1274 2236 nou
1312 2191 1539 2250 possunt
1571 2177 1716 2231 illius
1748 2175 1944 2245 plant-.e
1973 2175 2253 2227 tabescere
2273 2209 2289 2234 ,

723 2292 898 2345 neque
931 2275 1055 2328 folia
1098 2273 1367 2326 decidere.
1415 2270 1531 2322 Non
1572 2277 1660 2322 est
1703 2266 1938 2321 obnoxia
1980 2275 2286 2332 temporum

718 2369 1051 2424 necessariis
1081 2366 1316 2427 vicibus,
1339 2378 1516 2431 neque
1542 2361 1771 2429 tempori
1804 2358 2049 2413 inservit.
2080 2356 2292 2411 Estate

722 2463 938 2530 quidem
989 2460 1138 2514 loliis
1184 2467 1413 2517 vernat,
1466 2455 1658 2524 hyeme
1700 2466 1828 2506 vero
1876 2466 1986 2505 non
2029 2451 2289 2504 nudatur.

721 2556 840 2609 Non
877 2553 1018 2606 enim
1053 2561 1358 2620 temporum
1397 2545 1756 2600 necessitates
1782 2584 1797 2608 ,
1829 2543 1921 2598 sed
1956 2544 2130 2608 gratia
2173 2540 2294 2609 Spi-

725 2650 864 2700 ritus
913 2661 1030 2699 eant
1069 2643 1239 2706 colit;
1293 2649 1573 2708 propterea
1626 2652 1732 2690 non
1781 2635 2074 2699 evellitur,
2119 2646 2294 2700 neque

724 2743 922 2794 mirum
955 2745 1039 2791 est
1069 2751 1192 2790 eam
1226 2749 1332 2788 non
1363 2731 1543 2785 evelli.
1578 2729 1722 2795 Quot
1754 2728 1864 2797 jam
1916 2726 2039 2779 inde
2071 2740 2098 2777 a
2141 2725 2294 2794 prin-

723 2833 866 2900 ripio
906 2829 1165 2883 adversus
1203 2824 1502 2877 Ecelesiam
1545 2821 1747 2876 bellum
1784 2825 2074 2887 gesserunt
2105 2857 2118 2877 ,
2161 2830 2288 2868 cum

722 2933 837 2977 erat
872 2923 1050 2990 planta
1087 2932 1300 2975 recens.
1335 2928 1487 2967 arma
1517 2914 1780 2965 adversus
1817 2924 1936 2961 eam
1968 2919 2092 2961 sunt
2126 2923 2292 2975 expc—

725 3013 872 3068 dita?
901 3014 967 3064 At
1003 3024 1146 3064 nunc
1175 3007 1266 3059 Dei
1299 3003 1474 3073 gratia
1503 3009 1557 3056 et
1588 3001 1762 3056 sancti
1798 2998 2037 3066 Spiritus
2074 2998 2290 3060 robore,

722 3117 777 3162 et
801 3107 1096 3175 imperator
1122 3110 1201 3154 est
1228 3100 1369 3168 pius,
1401 3104 1453 3149 et
1483 3096 1706 3156 milites,
1735 3101 1788 3145 et
1811 3091 1989 3144 omnis
2018 3099 2159 3142 terra
2193 3089 2294 3142 lide

723 3206 811 3252 est
837 3195 1063 3265 repleta.
1099 3194 1164 3244 At
1207 3191 1260 3244 in
1297 3190 1506 3258 origine
1546 3188 1662 3254 ejus
1686 3228 1700 3250 ,
1742 3186 1795 3237 in
1829 3183 2059 3237 exordio
2084 3220 2097 3239 ς
2142 3196 2294 3247 reges

722 3289 878 3357 itupii
901 3328 915 3352 ,
948 3288 1146 3340 milites
1183 3279 1472 3349 irreligiosi
1505 3279 1574 3333 ob
1605 3278 1759 3347 jussa
1792 3275 2123 3345 principum.
2171 3274 2292 3327 Arae

725 3379 1022 3440 ardebant,
1060 3375 1300 3442 undique
1350 3371 1529 3426 fumus
1558 3377 1614 3423 et
1668 3367 1827 3421 nidor
1851 3408 1866 3432 ,
1904 3382 1998 3421 aer
2035 3366 2290 3432 inquina-

723 3473 886 3525 hatur
911 3508 926 3530 ,
958 3471 1230 3522 daemones
1263 3462 1702 3526 bacchabantur,
1734 3458 1985 3512 diabolus
2019 3459 2288 3519 saltabat,

722 3568 878 3629 pater
914 3556 1080 3610 (ilium
1114 3554 1434 3617 abdicabat,
1474 3551 1618 3605 ﬁlius
1656 3557 1863 3619 patrem
1901 3563 2007 3601 non
2049 3546 2289 3606 colebat,

727 3660 918 3705 natura
956 3647 1306 3703 scindebatur
1346 3654 1401 3700 et
1443 3643 1654 3712 religio.
1700 3639 1800 3695 Ubi
1845 3641 2009 3708 igitur
2044 3640 2134 3707 qui
2172 3637 2290 3692 ausi

725 3750 852 3795 sunt
885 3741 1145 3794 adversus
1193 3736 1489 3790 Ecclesiam
1534 3735 1587 3787 in
1630 3733 1746 3788 acie
1780 3731 1968 3786 stare?
2003 3729 2138 3783 Cum
2177 3739 2292 3782 erat

723 3836 908 3903 planta
943 3846 1153 3892 recens,
1179 3843 1285 3882 non
1316 3837 1495 3880 tamen
1529 3825 1780 3894 injuriam
1815 3838 1972 3892 passa
2007 3831 2092 3876 est
2124 3839 2136 3875 :
2167 3837 2289 3875 cum

723 3925 923 3979 rcwlum
984 3923 1244 3990 attingit,
1301 3933 1491 3987 speras
1550 3916 1698 3969 illam
1758 3930 1917 3983 posse
1974 3911 2294 3968 debellare?

727 4015 954 4080 Quando
989 4011 1242 4066 undecim
1279 4018 1433 4063 erant
1465 4006 1720 4076 apostoli,
1753 4023 1780 4058 a
1815 4007 2025 4060 nemine
2052 4004 2290 4074 superati

726 4117 856 4160 sunt
885 4123 897 4158 :
929 4105 1037 4158 imo
1080 4117 1208 4156 vero
1253 4101 1502 4155 undecim
1533 4141 1550 4165 ,
1586 4109 1664 4152 tot
1706 4098 1872 4151 millia
1927 4096 2291 4153 Ecclesiarum

723 4207 854 4252 sunt
879 4195 1164 4265 expiscati.
1211 4192 1365 4246 Nunc
1398 4207 1519 4245 cum
1559 4199 1702 4243 terra
1731 4201 1788 4242 et
1830 4203 1975 4240 mare
2003 4226 2017 4249 ,
2059 4187 2204 4240 culta
2240 4195 2293 4240 et

725 4286 1098 4344 inhabitabilis
1121 4325 1136 4350 ,
1185 4286 1332 4353 regio
1374 4292 1430 4336 et
1466 4284 1595 4336 urbs
1618 4321 1633 4345 ,
1667 4289 1722 4334 et
1753 4294 1945 4334 omnes
1987 4277 2121 4333 lines
2153 4280 2290 4333 reli-

727 4384 882 4448 gionc
912 4379 1091 4434 referti
1125 4385 1251 4432 sunt
1273 4416 1287 4440 ,
1321 4387 1450 4429 tunc
1479 4388 1672 4442 speras
1706 4374 1753 4427 ei
1785 4372 2100 4425 dominari?
2134 4374 2198 4425 At
2235 4382 2291 4426 tu

727 4488 833 4526 non
887 4483 1062 4540 potes.
1095 4468 1351 4524 Christus
1383 4467 1560 4532 dixit,
1600 4463 1743 4533 quod
1786 4475 1951 4533 portae
1984 4461 2144 4516 inferi
2184 4479 2290 4517 non

726 4565 1094 4636 prazvalebunt
1125 4560 1388 4614 adversus
1417 4573 1558 4611 eam.
1590 4555 1829 4611 Facilius
1859 4565 1940 4608 est
1973 4557 2170 4608 coelum
2202 4555 2294 4609 de-
2321 4569 2372 4629 D

728 4657 824 4710 leri
853 4663 904 4708 ct
937 4665 1134 4708 terram
1162 4650 1537 4714 exterminari,
1567 4663 1728 4717 quam
1762 4647 2056 4700 Ecclesiaui
2087 4649 2293 4701 exstin-

727 4749 837 4817 gui.
886 4747 1018 4812 Quis
1063 4745 1177 4798 huic
1216 4741 1388 4797 dicit?
1443 4744 1559 4810 Ipse
1599 4739 1892 4802 Christus,
1928 4755 1945 4787 ι
1981 4738 2194 4793 Caelum
2235 4750 2291 4812 et

729 4849 870 4888 terra
901 4835 1227 4896 transibunt,
1251 4832 1412 4885 verba
1432 4843 1611 4884 autem
1647 4843 1762 4882 mea
1793 4844 2068 4897 nunquam
2103 4837 2290 4883 trans-

728 4929 904 4981 ibunt.
957 4945 975 4976 ι
1016 4924 1081 4978 Ει
1112 4935 1272 4978 recte.
1319 4924 1449 4976 Nam
1481 4922 1573 4976 Dei
1615 4922 1837 4976 verbum
1874 4922 1992 4990 ipso
2033 4921 2174 4975 ccelo
2207 4929 2291 4975 est

730 5017 1019 5087 potentius,
1057 5017 1182 5083 quia
1208 5014 1406 5068 ccelum
1447 5022 1527 5068 est
1557 5029 1696 5082 opus
1737 5013 1910 5067 verbi.
1951 5014 2093 5068 Dixit
2125 5015 2288 5079 Deus,

727 5109 845 5164 Fiat
878 5109 1099 5170 malum,
1137 5115 1188 5160 et
1221 5107 1444 5158 verbum
1484 5103 1583 5159 l'uit
1615 5120 1772 5173 opus.
1820 5105 2157 5160 Excurrebat
2202 5119 2295 5157 na-

728 5213 848 5256 tura
873 5203 1089 5256 ncntine
1119 5199 1465 5270 impediente,
1490 5203 1748 5267 quoniam
1772 5200 1888 5270 ipse
1916 5200 2184 5254 Dominus
2213 5209 2296 5253 est

730 5307 935 5351 natura:
962 5307 1012 5349 et
1041 5309 1160 5347 eam
1189 5293 1529 5346 immutandi.
1557 5289 1665 5359 Ego
1695 5307 1812 5345 eam
1839 5292 2119 5345 substruxi
2152 5335 2166 5354 ,
2203 5290 2296 5359 qui

726 5387 925 5441 cwlum
945 5383 1224 5448 constitui;
1242 5381 1334 5435 sed
1354 5396 1450 5451 pro
1471 5380 1610 5436 cmlo
1628 5381 1946 5450 sanguinem
1974 5398 2079 5435 non
2103 5380 2291 5445 elIudi,

729 5494 826 5548 pro
858 5478 996 5532 coelo
1030 5476 1179 5532 cruci
1215 5489 1323 5528 non
1374 5473 1449 5528 lui
1497 5473 1708 5538 allixus,
1743 5489 1838 5543 pro
1889 5475 2029 5528 caelo
2063 5476 2294 5531 caeleste

729 5585 928 5639 corpus
961 5583 1064 5622 non
1101 5570 1390 5638 assumpsi.
1429 5569 1534 5623 Sed
1562 5567 1690 5637 quid
1726 5567 1848 5621 dico
1880 5567 1946 5621 de
1971 5571 2109 5626 cwlo
2141 5573 2293 5628 ?An-

730 5664 969 5732 geleiutn
1013 5677 1213 5730 corpus
1259 5678 1364 5714 non
1418 5661 1684 5731 assumpsi
1720 5668 1756 5716 ς’
1786 5671 1843 5714 ut
1893 5661 2162 5734 intelligas
2211 5684 2295 5720 me

2385 615 2611 683 στὸμου.
2655 615 2754 682 τῆς
2801 617 3008 684 χρυσῆς
3053 616 3356 682 σάλπιγγος
3386 615 3634 668 Ἰωάννου
3685 614 3780 666 τοῦ
3823 614 3976 664 Θεόυ

2385 705 2730 773 ἀκούσωμεν,
2757 708 2914 776 ἐντῷ
2949 707 3095 776 λόγῳ
3148 706 3224 774 τῷ
3277 708 3359 764 εἰς
3406 705 3506 774 τὴν
3548 707 3971 771 Πεντηκοστήν·

2376 797 2444 850 ὀῦ
2478 801 2509 866 ἠ
2542 800 2684 868 ἀρχή
2709 815 2722 829 ⁸
2765 818 2783 851 ι
2805 799 2865 852 Ὀ
2896 801 3124 869 οὐρανὸς
3154 802 3285 869 ἡμῖν
3312 800 3500 867 γέγονε
3531 800 3776 867 σήμερον
3809 795 3882 863 γῆ
3905 813 3918 823 ·
3951 815 3969 846 ι

2386 888 2538 956 λέγει
2569 890 2678 958 γὰρ
2707 890 2763 942 ἐν
2787 889 2956 959 αὐτῷ,
2988 889 3127 958 μετὰ
3181 889 3353 942 πολλὰ
3383 888 3539 945 ἄλλα.
3573 886 3671 939 ὡδί
3695 902 3708 915 ·
3760 905 3778 937 ι
3824 884 3969 936 Πολὺ

2387 983 2494 1050 γὰρ
2517 983 2596 1049 τῷ
2624 982 2744 1050 Θεῷ
2789 982 3272 1050 περισπούδαστον
3307 983 3342 1045 ἡ
3370 979 3668 1047 Ἐκκλησία
3695 995 3709 1010 ο
3741 978 3804 1030 οὖ
3855 978 3969 1028 τεί-

2386 1093 2502 1142 χοις
2533 1075 2966 1144 ἀσφαλιζομένη,
3001 1076 3136 1129 ἀλλὰ
3190 1075 3373 1145 χάριτι
3425 1074 3837 1141 φυλαττομένη.
3876 1070 3971 1122 ,ιιά

2387 1168 2483 1237 τὴν
2524 1167 2850 1236 Ἐκκλησῖαν
2878 1169 3080 1237 ἐστάθη
3104 1171 3132 1221 6
3161 1168 3412 1236 οὐρανδς,
3450 1169 3546 1219 καὶ
3579 1166 3648 1234 γῆ
3673 1166 3971 1234 saepem-

2390 1262 2455 1329 θη
2478 1279 2490 1291 ·
2525 1264 2617 1314 καὶ
2666 1263 2910 1316 θάλασσα
2946 1263 3179 1334 ἐξεχύθη
3209 1280 3221 1291 ·
3293 1265 3384 1315 καὶ
3441 1263 3550 1330 ἀὴρ
3621 1260 3926 1330 ἐπληρώθη
3956 1277 3968 1288 ·

2392 1357 2721 1420 παράδεισος
2748 1357 3018 1425 ἐφυτεύθη
3041 1373 3055 1388 ο
3091 1357 3254 1424 νόμος
3283 1354 3437 1422 ἐδόθη
3468 1374 3481 1387 ο
3517 1353 3811 1424 προφῆται
3843 1356 3972 1403 άπε-

2392 1450 2704 1515 στάλησαν·
2761 1448 3017 1517 θαύματα
3065 1449 3357 1513 ἐγένοντοο
3418 1447 3657 1512 πέλαγος
3725 1444 3971 1512 ἐσχίζετο

2391 1540 2486 1591 καὶ
2518 1540 2828 1610 ἑρῤάπτετο
2851 1557 2864 1569 ·
2906 1541 3100 1608 πέτραι
3134 1540 3494 1610 ἐρρήγνυντο,
3529 1540 3622 1591 καὶ
3645 1536 3817 1589 πάλιν
3853 1552 3971 1586 συν-

2389 1631 2628 1701 ήπτοντο
2689 1647 2704 1662 °
2773 1633 2951 1700 μάννα
3003 1633 3360 1699 κατεφέρετο,
3429 1632 3522 1684 καὶ
3573 1630 3971 1697 tergeat-uagitu}

2395 1723 2846 1793 παρεσκευάζετο
2893 1724 3139 1794 τράπεζα
3166 1740 3180 1754 ο
3212 1724 3297 1778 διὰ
3345 1724 3440 1794 τὴν
3467 1722 3813 1790 Ἐκκλησίαν
3849 1737 3972 1786 xpo-

2396 1816 2566 1884 φῆται
2586 1832 2600 1847 ο
2642 1816 2729 1868 διὰ
2758 1817 2857 1883 τὴν
2897 1817 3224 1884 Ἐκκλησίαν
3248 1816 3570 1870 ἀπόστολοι⁹
3602 1815 3702 1866 καὶ
3727 1813 3781 1866 τί
3808 1813 3973 1864 πολλὰ

2395 1906 2574 1974 λέγω;
2617 1907 2706 1960 διὰ
2761 1909 2861 1976 τὴν
2901 1907 3233 1976 Ἐκκλησίαν
3280 1911 3308 1961 6
3370 1907 3670 1975 μονογενὴς
3709 1905 3812 1960 τοῦ
3841 1905 3968 1956 Θεεῦ

2397 2001 2543 2064 Υἱὸς,
2586 2001 2700 2064 υίὸς
2738 2002 3026 2072 ἀνθρώπου
3061 2003 3302 2066 ἐγένετο,
3328 2002 3403 2066 ὦς
3456 2020 3622 2071 φησιν
3647 2003 3676 2054 6
3715 2000 3962 2060 Παῦλος·

2395 2094 2452 2156 ὃς
2474 2110 2536 2160 γε
2560 2094 2652 2147 τοῦ
2687 2095 2818 2148 ίδίου
2854 2095 2982 2147 Υίοῦ
3014 2096 3115 2148 οὐκ
3162 2096 3438 2162 ἐφείσατο,
3479 2096 3563 2147 ἱνα
3597 2095 3698 2162 τῆς
3747 2093 3973 2156 Ἐκκλη-

2397 2187 2517 2249 σίας
2565 2188 2820 2259 φείσηται
2843 2205 2858 2221 ⁶
2895 2190 2956 2241 τὸ
2985 2187 3125 2259 αἷμα
3158 2189 3252 2243 τοῦ
3287 2188 3418 2243 Υἰοῦ
3463 2188 3629 2242 αὑτοῦ
3658 2189 3852 2258 ἐξέχεε
3886 2188 3969 2242 διὰ

2394 2280 2490 2351 τὴν
2522 2281 2855 2352 Ἐκκλησίαν
2877 2303 2890 2314 ·
2937 2283 3096 2335 τοῦτο
3145 2283 3320 2350 αὐτὴν
3375 2282 3529 2351 ἄρδει
3562 2285 3622 2336 τὸ
3668 2279 3816 2351 αἷμα
3847 2294 3863 2315 δ
3892 2283 3976 2334 δια

2394 2374 2557 2428 τοῦτο
2588 2377 2758 2444 αὐτῆς
2791 2377 2858 2429 τὰ
2891 2378 3033 2443 φυτά
3067 2376 3422 2446 μαρανθῆναι
3449 2378 3509 2428 οὺ
3538 2376 3826 2439 δύνανται,
3858 2375 3975 2426 οὐδὲ

2396 2469 2764 2538 φυλλορροεῖ·
2799 2469 2896 2539 οὐχ
2950 2469 3236 2521 ὑπόκειται
3301 2468 3510 2536 καιρῶν
3553 2469 3864 2536 ἁνάγκαις’
3917 2471 3974 2520 οὐ

2394 2562 2636 2615 δουλεύει
2660 2562 2870 2632 χρόνῳ“
2902 2563 2959 2615 ἐν
2991 2564 3140 2631 θέρει
3182 2563 3280 2628 μὲν
3312 2563 3541 2633 κόμὼσα
3570 2565 3680 2624 τοῖς
3725 2561 3972 2627 φύλλοις,

2396 2656 2454 2706 ἐν
2504 2655 2562 2706 δὲ
2628 2655 2861 2724 χειμῶνι
2909 2655 2971 2707 οὐ
3029 2657 3414 2724 γυμνουμένη·
3473 2654 3534 2706 οὐ
3594 2655 3709 2720 γὰρ
3769 2651 3977 2721 καιρῶν

2396 2747 2636 2816 ἀνάγκη,
2668 2747 2840 2817 ἀλλ’ἢ
2876 2747 2970 2800 τοῦ
3021 2739 3340 2814 Πνεύματος
3370 2748 3542 2814 αὐτὴν
3578 2748 3746 2815 χάρις
3795 2761 3975 2814 γεωρ-

2396 2841 2511 2905 γεῖ’
2543 2839 2630 2892 διὰ
2655 2839 2815 2891 τοῦτο
2841 2841 2941 2892 οὐκ
2996 2841 3333 2893 ἀνασπᾶται.
3378 2841 3516 2893 Ἀλλ’
3548 2841 3651 2893 οὐκ
3682 2843 3806 2892 ἔστι
3844 2841 3976 2892 θαυ-

2399 2932 2629 3002 μαστὸν,
2657 2933 2739 2985 ὅτι
2767 2933 2868 2984 οὐκ
2898 2933 3210 2985 ἀνασπᾶται
3231 2951 3244 2965 ·
3278 2935 3438 2987 πόσοι
3468 2935 3527 2998 ἐξ
3557 2934 3740 3002 ἀρχῆς
3789 2932 3976 2984 ἐπολέ-

2400 3041 2584 3094 μησαν
2623 3026 2722 3093 τὴν
2757 3025 3111 3096 Ἐκκλησίαν,
3148 3028 3236 3078 ὅτε
3277 3028 3538 3097 νεόφυτος
3567 3023 3637 3098 ἦν
3667 3029 3816 3081 ὅπλα
3856 3029 3976 3080 κατ’

2399 3119 2568 3185 αὐτῆς
2619 3116 2987 3186 ἐκινήθησαν
3023 3120 3124 3171 νῦν
3158 3119 3254 3187 μὲν
3305 3119 3415 3188 γὰρ
3446 3121 3538 3171 διὰ
3567 3121 3670 3190 τὴν
3706 3123 3806 3173 τοῦ
3840 3122 3974 3174 Θεοῦ

2321 3217 2365 3276 c
2398 3210 2559 3280 χάριν
2587 3212 2681 3264 καὶ
2715 3214 2814 3284 τὴν
2836 3211 2930 3264 τοῦ
2957 3212 3278 3282 [Ινεύματος
3304 3211 3561 3280 δύναμιν,
3591 3215 3687 3266 καὶ
3722 3213 3980 3282 βασιλεὺς

2395 3304 2454 3354 ὲν
2508 3305 2780 3375 εὐσεϐείᾳ,
2835 3307 2925 3358 καὶ
2969 3307 3361 3376 στρατηλάται,
3427 3310 3522 3361 καὶ
3581 3309 3624 3376 ἦ
3673 3312 3975 3377 οἰκουμένη

2395 3399 2545 3451 πᾶσα
2575 3399 2672 3467 τῆς
2719 3399 2952 3462 πίστεως
2986 3401 3357 3463 ἐμπίπλαται.
3391 3401 3527 3454 Τότε
3559 3403 3616 3455 δὲ
3648 3404 3706 3455 ὲν
3738 3403 3883 3473 ἀρχῇ
3920 3407 3976 3456 ὲν

2396 3491 2707 3560 προοιμίοις
2741 3491 2981 3558 βασιλεῖς
3011 3493 3070 3545 ὲν
3123 3495 3348 3565 ἀσεϐείᾳ
3373 3509 3388 3524 °
3421 3496 3802 3564 στρατηλάται
3849 3500 3978 3549 ασε-

2395 3582 2540 3644 6είς·
2579 3581 2920 3650 διατάγματα
2957 3585 3272 3652 ἀρχόντων·
3331 3585 3506 3656 βωμοὶ
3561 3588 3939 3656 ἀναπτόμενοι
3962 3607 3973 3619 ·

2397 3675 2674 3744 πανταχοῦ
2701 3676 2924 3740 καπνὸς,
2948 3677 3043 3728 καὶ
3073 3677 3319 3741 κνίσσαις
3355 3678 3465 3748 άὴρ
3490 3680 3790 3748 ὲμολύνετο
3809 3699 3821 3710 ·
3865 3684 3978 3734 δαιο

2399 3785 2560 3838 μονες
2589 3769 2890 3838 ἐϐάκχευον
2913 3784 2925 3798 ·
2964 3770 3210 3832 διάδολος
3238 3772 3463 3839 ἐχόρευε
3487 3791 3500 3804 ο
3537 3778 3727 3844 πατὴρ
3760 3778 3979 3844 ἀπεκή-

2397 3877 2586 3931 ρυττεν
2606 3861 2737 3923 υίὸν,
2758 3863 2864 3922 uio,
2883 3863 3113 3931 ἠτίμαζε
3140 3864 3345 3931 πατέρα
3365 3865 3608 3932 ’ἡφύσις
3629 3867 3880 3936 ισχέζετο
3899 3872 3984 3922 καὶ

2395 3955 2669 4006 εὐσέϐεια.
2725 3954 2835 4006 Ποῦ
2890 3955 3071 4008 τοίνυν
3121 3957 3170 4007 οἱ
3203 3955 3511 4024 τολμῶντες
3551 3960 3617 4025 τῇ
3667 3957 3980 4032 Ἐκκλησία

2395 4045 3006 4114 άντιπαρατάττεσθαις
3040 4047 3174 4098 Ὅτε
3228 4048 3487 4116 νεόφυτος
3523 4044 3616 4118 ἦν,
3651 4050 3754 4103 οὐκ
3793 4054 3980 4121 ηδική-

2399 4138 2465 4206 θη
2490 4156 2502 4169 ·
2539 4139 2627 4190 ὅτε
2655 4137 2749 4189 τοῦ
2777 4139 3012 4208 οὐρανοῦ
3041 4138 3241 4207 ἥψατο,
3276 4140 3586 4208 προσδοκᾷς
3618 4143 3793 4210 αὐτῆς
3824 4160 3981 4213 περι-

2397 4228 2675 4296 γενέσθαι.
2722 4230 2853 4281 Ὅτε
2909 4229 3100 4282 ἕνδεκα
3149 4225 3290 4300 ¹ἦσαν
3330 4229 3642 4292 ἀπόστολοι,
3692 4233 3821 4285 οὐδὲ
3882 4230 3979 4295 εἷς,

2396 4321 2579 4373 αὐτῶν
2613 4322 2941 4391 ἐκράτησεν,
2974 4321 3094 4374 ἀλλ’
3133 4325 3182 4375 οἱ
3226 4323 3420 4376 ἕνδεκα
3452 4327 3724 4388 τοσαύτας
3785 4331 3982 4396 μυριά-

2392 4411 2490 4474 δας
2524 4414 2918 4481 ἑσαγήνευσαν.
2970 4412 3105 4477 Νῦν,
3142 4415 3230 4464 ὅτε
3270 4416 3302 4483 η
3335 4416 3406 4483 γῆ
3443 4418 3536 4469 καὶ
3593 4415 3875 4478 θάλασσα,
3913 4424 3982 4470 οι-

2395 4504 2638 4572 κουμένη
2671 4505 2765 4556 καὶ.
2796 4503 3070 4568 ἀοίκητος,
3125 4506 3278 4574 χώρα
3334 4507 3429 4559 καὶ
3471 4508 3626 4568 πόλις
3656 4510 3756 4561 καὶ
3801 4513 3980 4564 πάντα

2397 4596 2468 4647 τὰ
2501 4596 2736 4663 πέρατα,
2769 4596 2866 4662 τῆς
2914 4596 3196 4660 εὑσεόεξας
3252 4598 3522 4667 ἐπλήσθη,
3557 4602 3679 4653 τότε
3731 4603 3982 4667 ἐλπίζειε

2400 4687 2570 4756 αὐτῆς
2603 4690 2913 4756 κρατῆσαι,
2957 4688 3098 4740 Ἀλλ’
3151 4691 3212 4741 οὐ
3257 4691 3521 4743 δύνασαι·
3557 4694 3804 4757 Χριστὲος
3854 4699 3984 4748 άπεο

2400 4784 2630 4849 φήνατο,
2661 4781 2742 4832 ὅτι
2781 4782 2947 4832 πύλαι
2996 4781 3125 4852 ᾅδου
3180 4783 3242 4834 οὑ
3299 4786 3724 4854 κατισχύσουσιν
3783 4791 3978 4856 αὐτῆς,

2401 4869 2778 4940 Εὺκολώτερόν
2805 4871 2922 4924 ἔστι
2945 4872 3036 4924 τὸν
3071 4871 3300 4940 οὐρανὸν
3333 4875 3723 4944 ἀφανισθῆναι,
3753 4881 3859 4931 καὶ
3889 4882 3982 4948 τὴν

2401 4961 2507 5030 γῆν
2541 4962 2916 5032 ἁπολέσθαι,ἢ
2949 4963 3047 5034 τὴν
3066 4963 3398 5032 Ἐκκλησίαν
3430 4969 3638 5022 παθεῖν.
3673 4970 3780 5032 Τίς
3809 4973 3978 5024 ταῦτα

2394 5055 2543 5120 λέγει
2571 5072 2585 5120 ;
2619 5057 2780 5118 αὐτὸς
2812 5056 2840 5108 6
2867 5057 3117 5124 Χριστόςο
3149 5076 3168 5109 ι
3195 5058 3253 5111 '0
3280 5060 3506 5127 οὐρανὸς
3527 5061 3619 5112 καὶ
3639 5063 3670 5130 ἠ
3693 5062 3769 5132 γῆ
3809 5080 3981 5133 παρε-

2392 5147 2661 5213 λεύσεται,
2710 5150 2760 5200 οἱ
2787 5149 2843 5201 δὲ
2899 5150 3046 5217 λόγοι
3082 5168 3184 5220 μου
3219 5152 3277 5204 οὐ
3317 5155 3392 5222 μὴ
3425 5153 3766 5222 παρέλθωσι.
3812 5177 3833 5208 ι
3874 5161 3976 5212 Καὶ

2395 5237 2569 5299 καλῶς
2602 5253 2617 5266 '
2653 5237 2681 5288 6
2720 5241 2826 5305 γὰρ
2857 5238 3016 5306 λόγος
3049 5239 3142 5292 τοῦ
3173 5240 3330 5305 Θεοῦ,
3387 5241 3552 5294 αὑτοῦ
3601 5243 3696 5296 τοῦ
3731 5247 3976 5315 οὐρανοῦ

2393 5327 2766 5397 δυνατώτερος
2795 5338 2811 5355 ⁸
2845 5330 2874 5380 6
2907 5330 3013 5400 γὰρ
3039 5331 3286 5400 οὐρανὸς,
3318 5332 3478 5400 ἔργον
3528 5333 3622 5386 τοῦ
3667 5335 3870 5402 λόγου.
3899 5337 3981 5394 Ei-

2401 5436 2502 5472 πεν
2532 5421 2560 5472 6
2595 5419 2749 5482 Θεὸς,
2789 5420 3079 5491 Γενηθήτω
3131 5422 3385 5494 οὐρανὸς,
3412 5426 3506 5478 καὶ
3540 5426 3568 5478 6
3599 5426 3762 5493 λόγος
3818 5432 3979 5500 ἔργον

2403 5510 2641 5576 ἐγένετο.
2670 5509 2934 5579 Ἐτρεχεν
2988 5512 3019 5579 ἡ
3056 5511 3242 5579 φύσις,
3284 5514 3377 5564 καὶ
3424 5514 3484 5566 τὸ
3532 5516 3743 5568 κωλῦον
3779 5521 3975 5574 Οὐδέν·

2403 5601 2494 5654 καὶ
2526 5601 2633 5670 γάρ
2675 5601 2940 5670 δεσπότης
2972 5605 3089 5657 ἐστὶ
3125 5606 3224 5672 τῆς
3255 5604 3490 5672 φύσεως,
3527 5608 3622 5660 καὶ
3671 5610 3772 5662 τοῦ
3807 5614 3975 5683 αὐτὴν

2407 5691 2747 5758 μεταϐαλεῖν.
2777 5691 2920 5760 Ἐγὼ
2953 5695 3119 5766 αὐτὴν
3144 5695 3495 5767 ᾠκοδόμησα,
3530 5703 3556 5752 ὸ
3599 5700 3691 5752 τὸν
3736 5703 3974 5772 οὺρλρη

802 5866 879 5936 Η)
917 5863 992 5919 Es
1025 5866 1414 5942 Chrysostomo
1438 5910 1451 5936 ,
1482 5871 1622 5940 quod
1653 5873 1832 5927 onniia
1862 5882 2082 5941 propter
2117 5870 2413 5929 Ecclesiam
2446 5875 2569 5930 fecit
2607 5875 2770 5929 Deus.
