4156 6420
255 384 388 453 1330

903 371 1061 437 PRO
1096 381 1305 441 CUNC.
1337 380 1707 443 FLORENT.
1744 381 1903 440 CAP.
1948 381 2011 439 V.
2058 379 2157 440 DE
2194 377 2539 440 PRIMATU
2576 380 2805 440 PAP/E.

3349 378 3487 445 1390

252 497 417 562 μέσον
476 492 603 545 αὐτὸ
662 494 831 545 θεῖναι
888 488 1137 565 γλώττης
1171 493 1347 562 ἁγὼν,
1402 494 1546 548 οὓτω
1599 495 1664 564 δὴ
1720 493 1813 545 καὶ

1933 492 2139 545 nodum
2179 507 2292 547 rem
2334 492 2386 548 in
2425 493 2659 548 medium
2694 508 3001 564 proponere
3050 493 3231 563 lingua
3258 494 3350 549 vix
3381 509 3484 549 an-

247 588 502 647 ἀκοῦσαι,
533 586 719 638 καινόν
752 603 805 638 τι
862 587 956 638 καὶ
1011 588 1473 657 φρικωδέστατον.
1519 586 1679 639 Ἀλλὰ
1716 588 1813 639 καὶ

250 679 543 746 προσέχειν
583 677 700 730 δέον
734 678 824 730 τὸν
860 678 983 730 νοῦν
1007 695 1022 710 ο
1057 679 1149 731 καὶ
1181 682 1289 749 γὰρ
1335 680 1488 731 οὐδὲν
1526 674 1689 749 ἦττον
1722 678 1814 730 τοῦ

243 770 439 836 φόϐου,
485 771 579 822 καὶ
627 770 785 839 ἡδονῇ
846 772 1219 838 συγκέκραται
1274 772 1335 826 τὸ
1385 772 1673 841 διήγημαο
1723 771 1817 823 δύο

241 860 393 921 τινὲς
428 859 638 927 ἄνδρες,
674 859 859 913 λευκοὶ
888 864 987 929 τήν
1029 861 1244 931 στολὴν,
1281 860 1505 931 φοϐεροὶ
1544 862 1642 931 τήν
1668 860 1814 928 ὄψιν,

239 952 540 1020 οὐρανόθεν
600 952 785 1018 ἔδοξαν
817 950 965 1021 αὐτῷ
993 952 1306 1007 κατελθεῖν·
1342 952 1438 1005 καὶ
1472 951 1550 1022 τῷ
1586 953 1808 1021 μεγάλῳ

242 1044 450 1111 τούτῳ,
504 1044 598 1096 καὶ
644 1043 795 1112 αὑτῷ
855 1044 1256 1113 προσεύχεσθαι
1311 1044 1638 1113 φαινομένῳ,
1674 1044 1817 1097 κατὰ

243 1136 547 1202 πρόσωπον
581 1137 901 1205 προσελθεῖν
920 1154 935 1170 ·
968 1132 1045 1193 ὧν
1073 1138 1101 1191 ὁ
1130 1139 1250 1206 μὲν,
1284 1139 1472 1209 τόμον,
1513 1138 1706 1208 ἃτερος
1735 1136 1814 1200 δι.

244 1224 406 1286 κλεῖς
445 1227 697 1294 κατέχειν
742 1225 933 1295 ἐῴκειο
976 1225 1067 1279 τὸν
1107 1225 1358 1296 Ἰωάννην
1402 1224 1482 1293 δὲ,
1528 1224 1589 1278 τὸ
1631 1224 1819 1278 καινὸν

242 1316 437 1368 αὐτῶν
494 1314 588 1368 τοῦ
638 1315 813 1379 εῐδους
845 1316 1297 1383 καταπλαγέντα,
1327 1315 1478 1385 φόόῳ
1504 1315 1778 1386 ληφθῆναι
1803 1331 1816 1344 ο

239 1408 378 1468 τοὺς
411 1406 491 1471 δὲ,
525 1407 633 1460 τῶν
683 1409 882 1477 χειρῶν
932 1407 1383 1478 ιπιλαὸομένους,
1434 1407 1815 1475 διαναστῆσαι,

242 1499 403 1551 λύειν
434 1515 495 1551 τε
531 1499 625 1551 τὸν
657 1498 825 1565 φόϐον
856 1498 1028 1568 αὐτῷ,
1067 1500 1158 1553 καὶ
1212 1500 1440 1573 θαρρεῖν
1468 1498 1779 1568 ἐγκελεῦειν
1803 1517 1816 1529 °

241 1589 330 1663 τῷ
382 1589 462 1651 δὲ,
496 1590 788 1659 πυθομένῳ
836 1591 983 1653 τινες
1019 1591 1085 1645 ἂν
1126 1586 1260 1655 εἷεν,
1315 1593 1370 1648 οῖ
1397 1609 1461 1661 γε
1488 1593 1821 1663 τηλικαύτης

240 1676 407 1745 δόξης
435 1678 749 1746 ἠξιωμένοι,
784 1678 921 1748 πρὸς
953 1679 1117 1733 αὐτὸν
1152 1679 1467 1749 ἐληλύθασι,
1500 1678 1585 1739 Μὴ
1624 1678 1818 1747 φοϐοῦ,

244 1768 477 1832 τούτους
520 1771 731 1823 εἰπεῖν·
777 1771 907 1834 οῖδε,
955 1773 1117 1842 ἡμεῖς
1161 1772 1371 1842 ἥκομέν
1410 1790 1492 1825 σοι
1541 1771 1820 1840 πεμφθέν-

246 1877 349 1913 τες
398 1861 553 1931 παρὰ
584 1862 824 1930 Χριστοῦ
854 1878 869 1894 ⁸
912 1836 1028 1916 εἶτα
1072 1863 1163 1917 τὸν
1189 1836 1302 1933 ’μὲν
1334 1864 1433 1931 τὴν
1465 1836 1627 1933 χεῖρα
1646 1836 1820 1916 ἐκτεῖ-
1854 1836 1894 1889 Β

248 1970 442 2017 νοντα,
489 1954 578 2006 τὸν
607 1955 775 2022 τόμον
829 1956 1139 2021 ἐπιδιδόναι,
1194 1958 1356 2023 Δέξαι
1387 1975 1445 2009 τε
1500 1957 1726 2025 λέγοντα
1764 1960 1824 2009 τδ

253 2042 497 2110 βιϐλίον’
536 2045 677 2113 Ἐγὼ
704 2046 810 2115 γάρ
851 2046 1126 2118 Ἰωάννης,
1150 2040 1302 2119 ᾧπερ
1330 2050 1363 2117 ἡ
1384 2048 1476 2101 τοῦ
1500 2049 1634 2102 Θεοῦ
1664 2049 1825 2118 σοφία

252 2137 318 2187 τὸ
345 2136 541 2204 στῆθος
571 2137 766 2205 ἀνῆκε,
812 2138 907 2192 καὶ
951 2139 1236 2193 ἐπιπεσεῖν
1289 2140 1436 2210 αὐτῷ
1466 2140 1822 2209 παρεδέξατο.

255 2229 424 2290 Ἠτις
457 2228 512 2283 δέ
550 2245 631 2281 σοι
659 2230 754 2283 καὶ
785 2231 853 2283 δι’
887 2230 1044 2300 ἡμῶν
1081 2230 1149 2283 τὰ
1173 2231 1281 2284 τῶν
1317 2232 1551 2301 Γραφῶν
1579 2231 1826 2301 εὔληπτα

254 2316 460 2385 θήσει·
490 2317 582 2370 καὶ
615 2320 1020 2389 χειραγωγήσει
1048 2319 1252 2391 ταύτης
1286 2322 1422 2391 προς
1451 2320 1549 2390 τὴν
1594 2322 1823 2389 ἐπίγνω-

256 2426 385 2461 σιν⁹
426 2412 518 2463 τὸν
570 2412 614 2464 δ’
643 2411 820 2476 ἄλλον,
854 2412 1035 2477 Δέξαι,
1084 2417 1177 2467 καὶ
1220 2413 1320 2483 τὴν
1376 2416 1534 2484 χεῖρα
1563 2413 1824 2483 ὀρέγοντα

257 2498 593 2562 φάναι,ντὰς
632 2499 686 2551 δὲ
719 2501 817 2563 τὰς
869 2501 1052 2561 κλεῖςο
1088 2502 1189 2571 ἐμὲ
1238 2503 1295 2555 δὲ
1330 2504 1536 2573 Πέτρον
1575 2505 1706 2568 ἴσοι,
1736 2506 1826 2557 τὸν

260 2592 419 2660 παρᾶ
479 2592 614 2644 Θεοῦ
672 2593 874 2655 ταύτας
928 2594 1458 2663 ὲγχειρισθέντα·δν
1489 2597 1583 2649 καὶ
1637 2596 1729 2648 νῦν
1758 2596 1825 2649 δι’

256 2682 400 2749 ἐμοῦ
439 2681 684 2745 πίστευε,
736 2685 837 2753 τῆς
866 2683 1036 2754 αὐτῆς
1065 2703 1122 2737 σε
1157 2687 1379 2756 χάριτος
1397 2687 1650 2751 ἀξιοῦντα
1673 2704 1687 2721 ο
1725 2689 1829 2741 ὦσα

256 2788 319 2823 τε
347 2772 447 2824 ὅσα
473 2772 539 2826 ἂν
572 2772 741 2845 δήσῃς
765 2773 795 2842 ή
826 2773 996 2847 λύσῃς
1032 2775 1123 2828 ἐπὶ
1147 2778 1243 2845 τῆς
1266 2777 1389 2844 γῆς,
1434 2776 1543 2830 ῖσθι
1569 2776 1829 2846 δεδεμένα

256 2861 438 2917 ταῦτα
467 2858 605 2917 εἶναι
632 2865 663 2933 ἢ
693 2865 959 2933 λελυμένα
994 2867 1088 2919 καὶ
1111 2867 1167 2919 ἐν
1194 2869 1303 2929 τοῖς
1333 2868 1829 2936 οὐρανοῖς.Ἔγνω;

259 2956 373 3026 ἄρα
406 2957 510 3008 κάν
539 2956 768 3019 τούτοις.
799 2958 901 3019 ὅτι,
924 2958 952 3010 ὀ
977 2957 1096 3025 μὲν,
1129 2958 1227 3026 τήν
1250 2956 1359 3010 τῶν
1389 2958 1624 3028 Γραφῶν
1653 2958 1833 3027 ἑρμη-

259 3046 418 3097 νεῖαν
447 3044 714 3114 εὔληπτον
736 3042 875 3099 εἷναι
907 3047 1079 3117 αὐτῷ,
1110 3047 1205 3100 καὶ
1230 3048 1329 3118 τὴν
1360 3048 1565 3101 τούτων
1595 3048 1828 3116 επῖγνω-

1920 583 2065 648 deat,
2101 586 2174 639 ita
2220 595 2275 639 et
2307 586 2499 640 audire
2533 601 2733 639 novum
2766 588 3036 653 videatur,
3071 588 3253 655 itaque
3283 601 3483 641 novum

1919 674 2173 741 quiddam
2207 685 2259 729 et
2299 677 2524 729 horrore
2551 676 2767 743 plenum
2798 676 3038 731 audisse.
3072 675 3339 731 Caeterum
3371 677 3487 729 ani-

1920 764 2368 819 madvertendum
2404 764 2546 833 quod
2586 764 2711 820 huic
2762 766 3064 820 narrationi
3106 780 3262 837 teque
3316 764 3478 819 mista

1918 866 2048 912 sunt
2086 860 2250 913 timor
2281 869 2336 913 et
2364 859 2569 914 laetitia.
2602 860 2715 915 Duo
2754 859 2974 929 quidam
3016 860 3114 914 viri
3144 860 3265 914 alba
3296 858 3480 913 amicti

1922 958 2088 1014 veste,
2124 959 2343 1018 aspectu
2403 949 2683 1013 horriﬁco,
2736 949 2835 1004 visi
2868 958 2996 1005 sunt
3044 950 3094 1005 ei
3125 950 3194 1006 de
3220 951 3363 1005 cmlo
3393 949 3485 1003 de-

1919 1042 2199 1107 scendere,
2220 1042 2454 1112 huieque
2484 1044 2745 1111 prmelaro
2768 1042 2883 1097 viro
2907 1042 3037 1097 dum
3067 1048 3252 1098 oraret
3274 1043 3330 1096 in
3356 1055 3488 1095 con-

1920 1142 2169 1201 spectum
2205 1133 2444 1199 venisse,
2470 1148 2701 1201 quorum
2733 1132 2870 1188 alter
2894 1134 3173 1199 volumen,
3206 1134 3346 1187 alter
3374 1133 3487 1187 cla-

1922 1238 2013 1279 ves
2046 1224 2301 1280 manibus
2322 1227 2604 1281 continere
2628 1224 2937 1279 videbatur.
2965 1225 3214 1296 Cumque
3246 1223 3487 1281 Joannes

1923 1317 2062 1370 hanc
2096 1331 2291 1371 novam
2327 1318 2565 1386 speciem
2593 1319 2910 1381 miraretur,
2951 1318 3149 1373 timore
3184 1332 3308 1373 esse
3361 1331 3488 1372 cor-

1924 1416 2134 1475 replum
2168 1422 2183 1461 :
2226 1407 2326 1461 hos
2366 1421 2495 1461 vero
2527 1408 2778 1463 manibus
2814 1408 3219 1477 apprehensum
3244 1408 3490 1464 erexisse

1922 1508 1977 1551 et
2023 1506 2225 1553 metum
2280 1498 2627 1564 abstersisse,
2666 1501 2916 1570 bonoque
2974 1500 3160 1555 animo
3208 1515 3333 1555 eum
3368 1514 3491 1555 esse

1921 1589 2155 1659 iussisse
2185 1606 2204 1657 ;
2244 1592 2586 1660 percontanti
2638 1593 2867 1662 quinam
2900 1601 3087 1648 essent
3120 1591 3159 1646 ii
3200 1590 3305 1646 viri
3339 1599 3487 1646 tanta

1934 1683 2145 1752 praediti
2179 1683 2375 1753 gloria,
2408 1683 2503 1751 qui
2530 1682 2791 1738 accedere
2819 1683 2887 1738 ad
2921 1698 2980 1739 se
3022 1682 3227 1752 dignati
3259 1694 3439 1736 essent
3473 1698 3490 1739 :

1924 1772 2000 1829 Ne
2017 1776 2232 1842 timeas,
2249 1788 2341 1828 eos
2366 1773 2591 1839 dixisse,
2612 1788 2711 1830 nos
2729 1774 2978 1829 venimus
3005 1788 3034 1828 a
3056 1773 3276 1828 Christo
3307 1771 3487 1825 missi.

1928 1868 2168 1924 Alterum
2196 1874 2385 1938 postea
2420 1882 2585 1922 manu
2610 1875 2869 1935 protensa
2892 1867 3147 1923 volumen
3180 1862 3490 1929 tradidisse,

1927 1960 2197 2015 dicentem
2241 1974 2257 2017 :
2294 1960 2461 2015 Sume
2500 1959 2722 2025 librum,
2768 1974 2895 2015 nam
2948 1973 3047 2029 ego
3093 1973 3215 2013 sum
3256 1955 3493 2011 Joannes

1928 2053 2015 2107 cui
2048 2054 2312 2122 sapientia
2357 2050 2449 2106 Dei
2503 2060 2692 2123 pectus
2744 2051 2994 2116 tradidit,
3028 2050 3080 2104 in
3121 2049 3266 2119 quod
3300 2059 3355 2103 et
3403 2064 3493 2103 re-

1928 2146 2185 2201 cumhere
2235 2144 2428 2206 voluit,
2483 2158 2602 2211 quae
2638 2143 2859 2209 quidem
2896 2152 2948 2199 te
2997 2152 3052 2197 et
3106 2157 3201 2210 per
3271 2156 3373 2196 nos
3423 2141 3491 2194 ad

1930 2238 2245 2307 Scripturas
2302 2237 2710 2307 pernoscendas
2759 2235 3017 2291 idoneum
3074 2234 3282 2299 reddet,
3335 2241 3389 2287 et
3445 2245 3495 2286 te.

1928 2328 2084 2395 quasi
2119 2340 2281 2380 manu
2342 2324 2506 2381 ducet
2551 2325 2617 2379 ad
2669 2323 2788 2394 ejus
2836 2325 3218 2395 c0gnitionem.
3254 2324 3494 2378 Alterum

1928 2434 2054 2474 vero
2102 2433 2263 2472 manu
2305 2427 2573 2472 extensa:
2637 2417 2829 2482 Sume,
2879 2415 3108 2483 dixisse,
3144 2415 3243 2470 has
3292 2415 3495 2477 claves,

1931 2525 2124 2579 meque
2151 2508 2374 2564 Petrum
2398 2523 2520 2564 esse
2547 2509 2706 2576 scito,
2736 2509 2825 2564 cui
2851 2506 2997 2564 Deus
3020 2506 3201 2563 claves
3225 2506 3279 2561 in
3306 2521 3498 2559 manus

1931 2599 2177 2665 tradidit,
2212 2612 2373 2669 quem
2418 2611 2582 2661 nunc,
2617 2611 2712 2667 per
2747 2611 2853 2661 me,
2881 2594 3045 2651 crede
3077 2604 3127 2649 te
3150 2593 3339 2649 eadem
3370 2608 3497 2662 gra-

1931 2692 2005 2745 tia
2037 2706 2145 2760 qua
2193 2705 2301 2753 me,
2354 2688 2676 2760 participem
2710 2686 2910 2743 facere.
2945 2688 3124 2753 Quare
3155 2698 3498 2755 quaecunque

1934 2781 2191 2849 ligaveris
2217 2782 2299 2835 vel
2339 2780 2569 2835 solveris
2599 2794 2760 2848 super
2794 2789 3016 2844 terram,
3045 2786 3208 2833 erunt
3251 2790 3315 2830 ea
3341 2776 3499 2845 ligata

1934 2872 2019 2928 vel
2052 2872 2233 2929 soluta
2258 2881 2312 2925 et
2336 2872 2391 2925 in
2420 2870 2596 2926 caelis.
2628 2888 2646 2922 ι
2678 2869 2872 2925 Nonne
2898 2865 3266 2937 deprehendis
3296 2881 3359 2921 ex
3394 2866 3499 2925 his.

1932 2966 2181 3027 alterum,
2218 2978 2322 3018 una
2357 2977 2481 3019 cum
2518 2976 2744 3017 munere
2775 2960 3087 3029 Scripturas
3136 2957 3297 3013 facile
3329 2956 3501 3011 inter-

1936 3054 2210 3125 pretandi,
2243 3061 2298 3109 et
2338 3053 2535 3106 harum
2572 3050 2985 3120 intelligentiam
3010 3066 3041 3103 a
3066 3049 3256 3104 datore
3288 3048 3507 3118 sapien-

262 3154 351 3189 σιν
393 3138 541 3207 παρὰ
573 3138 665 3191 τοῦ
698 3140 797 3207 τῆς
833 3141 1025 3207 σοφίας
1049 3139 1289 3211 χορηγοῦ
1324 3142 1639 3212 ἐδωρήσατο
1665 3158 1679 3173 ⁸
1711 3144 1739 3195 δ
1776 3142 1830 3195 δὲ

1938 3145 2023 3199 tia:
2069 3144 2433 3214 adiunxisse?
2464 3142 2697 3198 alterum
2736 3157 2864 3197 vero
2913 3156 3020 3196 una
3070 3155 3194 3219 cum
3246 3138 3502 3193 facultate

265 3233 369 3285 σὺν
404 3232 481 3302 τῷ
511 3230 658 3285 λύειν
683 3232 778 3285 καὶ
809 3234 1050 3303 δεσμεῖν,
1086 3235 1179 3287 καὶ
1215 3234 1292 3305 τῷ
1323 3236 1524 3301 γνῶναι
1551 3236 1649 3290 καὶ
1678 3235 1832 3289 εύσεο

265 3325 381 3385 εῶς
414 3328 688 3377 πιστεύειν
726 3323 936 3393 Ἰησοῦν
983 3326 1219 3393 Χριστὸν
1269 3327 1362 3380 τὸν
1416 3328 1546 3381 Υῖὸν
1574 3328 1668 3381 τοῦ
1699 3328 1833 3381 Θεοῦ

265 3416 336 3466 δι’
394 3415 556 3467 αὑτοῦ
589 3416 938 3482 ὲγκελεύεται
964 3434 979 3449 ⁸
1017 3418 1267 3486 πείσθητι
1325 3418 1533 3484 λοιπδν,
1575 3420 1658 3472 ὅτι
1705 3419 1834 3472 ἄνευ

265 3506 371 3575 τῆς
420 3506 512 3559 τοῦ
577 3508 784 3577 Πέτρου
820 3508 1102 3576 ὑποταγῆς
1149 3509 1390 3578 σωθῆναι
1442 3510 1502 3563 οὗ
1547 3510 1701 3583 δύνῃ,
1743 3511 1837 3563 καὶ

265 3597 523 3658 εἰκότως·
555 3599 758 3660 ἐκεῖνος
810 3601 913 3667 γάρ
949 3601 1095 3652 ἐστιν
1130 3601 1160 3668 ή
1208 3600 1349 3668 θύρα
1388 3602 1487 3667 τῆς
1530 3604 1833 3669 σωτηριας.

262 3692 292 3741 ὁ
346 3689 422 3757 μὴ
473 3690 852 3759 εἰσερχόμενος
892 3690 959 3743 δι’
1008 3691 1173 3743 αὐτοῦ
1230 3692 1308 3753 εἰς
1339 3692 1436 3759 τὴν
1467 3693 1567 3760 τῆς
1601 3694 1833 3755 πίστεως

264 3782 585 3847 ἐπίγνωσιν,
611 3782 910 3843 τουτέστιν,
960 3782 1046 3833 ἵνα
1102 3780 1347 3853 γινώσκῃ
1397 3783 1559 3835 αὑτὸν
1594 3798 1833 3849 τοποτη-

266 3872 443 3941 ρητὴν
470 3871 562 3923 τοῦ
608 3871 867 3938 Χριστοῦ,
898 3873 959 3924 οὗ
1001 3872 1226 3926 δύναται
1275 3873 1453 3942 εὑρεῖν
1488 3891 1619 3926 ποτε
1656 3892 1836 3941 σωτηο

266 3967 413 4029 ρῖαν.
449 3964 660 4029 Ὥσπερ
694 3965 802 4032 γάρ
834 3980 998 4033 φησιν
1029 3964 1057 4014 ὁ
1106 3964 1362 4032 Χριστος,
1406 3983 1423 4015 ι
1468 3964 1613 4029 Ἐγὼ
1657 3966 1772 4033 εἰμι
1804 3969 1836 4035 ή

263 4058 437 4123 Ούρα,
464 4058 490 4107 δ
521 4056 594 4123 μὴ
626 4056 1003 4124 εἰσερχῦμενος
1035 4056 1120 4107 διὰ
1154 4057 1252 4123 τῆς
1282 4047 1475 4123 θύρας,
1509 4057 1643 4109 ἀλλὰ
1672 4058 1836 4109 ἀλλα-

262 4147 425 4216 χόθεν
446 4146 766 4207 ἀναόαίίων,
797 4148 1001 4207 ἐκεῖνος
1028 4146 1266 4213 κλέπτης
1289 4147 1406 4198 ἐστὶ
1434 4148 1526 4198 καὶ
1541 4147 1743 4217 λῃστής
1768 4164 1780 4177 ι
1815 4167 1831 4195 ι

262 4238 417 4291 οὕτω
452 4236 545 4289 καὶ
580 4238 605 4287 ὁ
634 4236 875 4303 διάδοχος
915 4234 1080 4286 αὑτοῦ
1118 4235 1322 4305 Πέτρος
1361 4236 1526 4303 φησιν
1550 4252 1563 4265 ·
1602 4255 1618 4284 ‹
1667 4236 1726 4287 ὐ
1766 4237 1838 4305 μὴ

264 4324 545 4380 πιστεύων
589 4324 657 4377 δι’
690 4323 824 4389 ἐμοῦ
872 4323 965 4375 τὸν
999 4323 1123 4376 Υῖὸν
1157 4325 1249 4377 τοῦ
1280 4324 1514 4393 ἀοράτου
1569 4325 1704 4377 Θεοῦ
1746 4331 1839 4379 καὶ

268 4418 486 4486 Πατρὸς
514 4416 841 4483 γεννηθέντα
893 4418 1073 4487 σαρκὶ,
1133 4417 1225 4469 καὶ
1260 4418 1522 4481 παθόντα,
1558 4416 1651 4469 καὶ
1702 4420 1836 4471 ἀνα-

266 4510 498 4570 στάντα,
536 4509 629 4559 καὶ
662 4505 828 4559 τᾶλλα
858 4506 953 4574 τῆς
986 4505 1301 4574 οἰκονομίας
1351 4508 1649 4575 μυστήρια,
1689 4505 1842 4569 οὗτος

264 4600 545 4668 αἱρετικός
588 4600 724 4663 ἐστι,
773 4600 868 4650 καὶ
914 4597 1155 4665 σωθῆναι
1204 4597 1459 4650 οὐδέποτε
1487 4597 1839 4667 δυνήσεται.»

264 4693 456 4747 Ταῦτα
482 4693 661 4744 τοῐνυν
688 4694 781 4743 καὶ
815 4690 949 4741 ἄλλα
985 4690 1019 4743 ἂ
1052 4689 1267 4758 πλήρης
1290 4691 1439 4742 πᾶσα
1462 4688 1567 4742 τῶν
1593 4688 1845 4741 διδασκάο

262 4790 380 4836 λων
414 4783 601 4851 γραφὴ
656 4782 893 4851 ἔχοντες,
931 4782 995 4848 τῇ
1042 4777 1342 4847 Ἐκκλησία
1401 4778 1841 4845 ύποτασαώμεοα

265 4877 367 4927 καὶ
416 4875 473 4925 έν
508 4872 643 4938 αύτῇ
676 4871 948 4941 μένωμεν,
998 4870 1091 4921 καὶ
1145 4869 1206 4919 ἐν
1255 4871 1320 4938 τῇ
1360 4868 1609 4937 ὑποταγῇ
1671 4869 1843 4935 αὐτῆς

266 4962 564 5030 εὐχώμεθα
596 4960 867 5027 διαμεῖναι
913 4959 992 5019 εἰς
1024 4955 1321 5010 τδνηαῐῶνα
1354 4956 1445 5008 τὸν
1480 4956 1715 5017 ἅπαντα,
1754 4956 1841 5007 ἵνα

266 5054 434 5106 ῐλεων
464 5052 554 5104 τὸν
606 5052 806 5119 Κύριον
838 5048 1089 5117 εὕρωμεν
1120 5049 1178 5099 ὲν
1224 5048 1289 5115 τῇ
1325 5048 1507 5116 ἡμέρᾳ
1538 5049 1601 5115 τῇ
1635 5045 1842 5113 φοϐερᾷ

266 5143 372 5212 τῆς
398 5141 827 5200 ἀνταποδόσεως.
860 5138 1097 5202 Γένοιτο,
1127 5138 1362 5205 γένοιτο.

1012 5232 1107 5286 ΙΘ¹.

895 5325 1221 5392 Ἑπίλογος.

353 5421 489 5489 Ἤδη
543 5418 680 5471 κατά
753 5418 979 5470 δυνατὸν
1040 5417 1139 5487 τὴν
1207 5417 1485 5487 ἡμετέραν
1544 5415 1841 5483 ὑπόσχεσιν

270 5512 700 5583 ἐπληρώσαμεν,
735 5509 1354 5581 ὑπεραπολογηαάμενοι
1401 5507 1509 5561 τῶν
1542 5509 1597 5559 έν
1623 5506 1699 5575 τῷ
1731 5508 1841 5576 ὅρῳ

274 5607 375 5673 τῆς
409 5607 464 5655 ὲν
493 5602 805 5672 Φλωρεντῖα⁴
832 5601 1045 5653 συνόδου
1077 5603 1235 5653 πέντε
1263 5600 1502 5667 ἄρθρων.
1530 5599 1846 5667 Εἰρήκαμεν

278 5697 335 5746 δὲ
364 5694 554 5752 ταῦτα.
591 5694 699 5745 ἀπὸ
739 5694 850 5745 τῶν
879 5692 1072 5743 κοινῶν
1099 5690 1357 5760 Πατέρων
1390 5690 1480 5742 καὶ
1516 5689 1849 5741 διδασκάλων

282 5784 538 5847 λαϐόντες
566 5771 838 5853 ἀφορμὰς,
876 5782 967 5846 οὓς
997 5784 1029 5852 ἡ
1066 5782 1358 5851 Ἐκκλησία
1392 5781 1606 5847 δοξάζει
1639 5781 1850 5849 ἁγίους,

348 5900 391 5929 δ”
420 5897 570 5956 Joan.
602 5916 648 5960 Χ,
684 5901 728 5954 l.

1938 3235 2180 3292 solvendi
2227 3245 2280 3289 et
2341 3234 2542 3303 ligandi
2577 3243 2630 3287 et
2680 3231 3042 3301 intelligendi,
3078 3228 3408 3299 iniunxisse,
3448 3237 3502 3283 et

1938 3324 2023 3393 pie
2054 3324 2106 3377 in
2135 3321 2317 3377 Iesum
2349 3320 2629 3377 Christum
2660 3320 2751 3375 Dei
2781 3320 2981 3375 Filium
3007 3334 3102 3387 per
3119 3334 3243 3374 eum
3270 3320 3502 3373 creden-

1938 3416 1991 3472 di
2021 3415 2281 3471 ?Credite
2308 3415 2362 3468 in
2398 3424 2678 3484 posterum
2712 3414 2855 3483 quod
2890 3415 3010 3468 sine
3039 3412 3346 3468 obcdientia
3378 3427 3506 3477 erga

1937 3507 2159 3562 Petrum
2190 3505 2389 3559 salvari
2422 3519 2526 3558 non
2564 3506 2813 3574 potestis.
2849 3503 3058 3571 Etjurc
3088 3502 3329 3573 quidem.
3368 3500 3502 3553 Nam

1940 3598 1984 3650 is
2016 3606 2096 3652 est
2132 3606 2281 3665 porta
2336 3596 2549 3650 salutis.
2584 3594 2687 3659 Qui
2736 3609 2833 3662 per
2872 3608 2995 3647 eum
3044 3594 3098 3647 in
3132 3592 3502 3661 cognitionem

1940 3691 2059 3744 ﬁdei
2092 3705 2197 3743 non
2239 3688 2560 3756 ingreditur,
2595 3687 2647 3739 id
2676 3695 2780 3749 est,
2820 3693 2879 3739 ut
2919 3700 3043 3740 eum
3096 3692 3358 3751 agnoscat
3384 3699 3507 3738 esse

1937 3781 2138 3835 Christi
2166 3780 2452 3841 vicarium,
2495 3793 2597 3833 non
2627 3780 2827 3847 poterit
2858 3792 3094 3846 unquam
3123 3777 3350 3831 salutem
3373 3790 3511 3829 con-

1939 3872 2114 3939 sequi.
2138 3871 2293 3931 Nam.
2319 3880 2375 3923 ut
2399 3870 2647 3924 Christus
2672 3868 2870 3938 inquit,
2899 3885 2917 3919 ι
2962 3868 3070 3935 Ego
3104 3883 3224 3921 sum
3263 3868 3460 3921 ostium
3490 3882 3504 3933 ;

1939 3966 2030 4033 qui
2078 3980 2181 4016 non
2238 3964 2403 4015 intrat
2432 3976 2524 4029 per
2558 3961 2785 4023 ostium,
2815 3960 2910 4014 sed
2952 3959 3171 4014 aliunde
3218 3973 3502 4011 ascensum

1940 4068 2110 4124 parat,
2146 4056 2230 4108 fur
2268 4064 2430 4109 estet
2458 4054 2597 4107 latro
2627 4053 2672 4083 “
2702 4069 2716 4120 ;
2751 4072 2769 4104 ι
2813 4054 2883 4107 ita
2917 4061 2969 4107 et
3001 4050 3196 4106 Petrus
3223 4051 3341 4120 ejus
3380 4066 3509 4103 sur-

1940 4164 2124 4203 cessor
2153 4148 2283 4200 dicit
2320 4165 2331 4199 :
2366 4164 2383 4196 ι
2411 4146 2511 4209 Qui
2544 4160 2649 4197 non
2674 4144 2953 4213 creditper
2981 4159 3065 4198 me
3097 4144 3293 4197 Filium
3322 4143 3510 4196 invisi-

1944 4241 2064 4293 hilis
2107 4239 2198 4292 Dei
2230 4248 2282 4291 et
2313 4237 2485 4292 l’atris
2511 4237 2567 4313 in
2599 4250 2765 4291 carne
2796 4235 3062 4304 genitum,
3089 4234 3182 4303 qui
3214 4247 3405 4303 passus
3431 4244 3515 4284 (-sl.

1941 4340 1993 4383 et
2032 4330 2349 4389 resurrexit,
2391 4338 2445 4380 et
2499 4337 2695 4381 caetera
2734 4325 3166 4396 dispensationis
3219 4325 3499 4395 mysteria.

1950 4423 2034 4473 hic
2070 4422 2359 4473 haereticus
2391 4427 2471 4471 cst
2499 4429 2551 4472 ct
2584 4402 2785 4472 salvari
2821 4418 2968 4471 nullo
2998 4432 3238 4487 unquam
3274 4428 3515 4485 tempere.

1880 4496 1920 4549 ί)
1950 4511 2168 4579 poterit.
2207 4526 2225 4559 ι
2266 4507 2388 4561 llaec
2420 4507 2589 4577 igitur
2619 4514 2674 4560 et
2699 4504 2827 4559 talia
2865 4515 3135 4569 tenentes,
3164 4518 3397 4574 quorum
3430 4521 3517 4555 rc-

1949 4601 2099 4655 ferta:
2148 4611 2275 4653 sunt
2304 4612 2497 4652 omnes
2550 4598 2837 4651 doctorum
2893 4596 3200 4664 scripture,
3263 4594 3517 4648 Ecclesia:

1949 4692 2281 4760 subjicitnur
2313 4690 2368 4744 in
2400 4704 2572 4758 eaque
2600 4702 3004 4760 permanetnus,
3042 4696 3095 4741 et
3129 4686 3184 4741 in
3207 4685 3516 4741 obedientia

1945 4784 2066 4851 ejus
2114 4782 2403 4851 persistere
2460 4783 2513 4835 in
2547 4780 2729 4835 omnia
2792 4782 2988 4835 saecula
3039 4778 3397 4849 deprecamur
3460 4788 3519 4829 ut

1948 4874 2243 4943 propitium
2277 4872 2445 4926 Deum
2495 4872 2883 4925 nanciscamnr
2918 4871 2971 4923 in
3001 4870 3280 4925 tremenda
3313 4870 3398 4925 die
3436 4886 3521 4923 rc-

1954 4964 2285 5017 tributionis.
2339 4962 2481 5028 Fiat,
2525 4962 2632 5018 ﬁat.

2657 5227 2796 5282 .XIX.

2583 5320 2855 5389 Epilogus.

2020 5413 2139 5469 Jam
2196 5418 2375 5486 quoad
2414 5416 2533 5485 ejus
2585 5413 2702 5468 ﬁeri
2746 5410 2922 5481 potuit
2968 5412 3322 5481 praestitimus
3372 5414 3523 5484 quod

1952 5506 2177 5573 polliciti
2232 5520 2439 5569 sumus,
2477 5505 2636 5559 allata
2719 5502 2784 5555 ad
2845 5500 3087 5571 quinque
3141 5502 3401 5558 articulos
3433 5518 3525 5558 τε-

1961 5597 2277 5665 sponsione,
2316 5596 2405 5667 qui
2441 5596 2493 5649 in
2531 5596 2749 5649 decreto
2779 5592 3110 5649 Florentium
3157 5594 3351 5666 synodi
3383 5610 3522 5650 con-

1961 5690 2226 5742 tinentur.
2268 5688 2715 5759 Conscripsimus
2763 5701 2893 5741 vero
2927 5687 3039 5739 htec
3084 5701 3113 5739 a
3141 5689 3524 5744 communibus

1962 5781 2216 5836 Patrilms
2267 5796 2329 5833 ac
2391 5780 2704 5834 doctoribus
2757 5777 3039 5846 desumpta
3098 5781 3347 5845 materia,
3381 5797 3522 5853 quos
